<?xml version="1.0" encoding="UTF-8"?>
<alto xmlns:xsi="http://www.w3.org/2001/XMLSchema-instance"
      xmlns="http://www.loc.gov/standards/alto/ns-v2#"
      xmlns:page="http://schema.primaresearch.org/PAGE/gts/pagecontent/2013-07-15"
      xsi:schemaLocation="http://www.loc.gov/standards/alto/ns-v2# http://www.loc.gov/standards/alto/alto.xsd">
   <Description>
      <MeasurementUnit>pixel</MeasurementUnit>
      <OCRProcessing ID="IdOcr">
         <ocrProcessingStep>
            <processingDateTime>2021-02-10T14:40:55.312-05:00</processingDateTime>
            <processingSoftware>
               <softwareCreator>READ COOP</softwareCreator>
               <softwareName>Transkribus</softwareName>
            </processingSoftware>
         </ocrProcessingStep>
      </OCRProcessing>
   </Description>
   <Tags/>
   <Layout>
      <Page ID="Page1" PHYSICAL_IMG_NR="1" HEIGHT="2040" WIDTH="1253">
         <TopMargin HEIGHT="0" WIDTH="1253" VPOS="0" HPOS="0"/>
         <LeftMargin HEIGHT="2040" WIDTH="0" VPOS="0" HPOS="0"/>
         <RightMargin HEIGHT="2040" WIDTH="0" VPOS="0" HPOS="1253"/>
         <BottomMargin HEIGHT="0" WIDTH="1253" VPOS="2040" HPOS="0"/>
         <PrintSpace HEIGHT="2040" WIDTH="1253" VPOS="0" HPOS="0">
            <TextBlock ID="TextRegion_1612445655861_285"
                       HEIGHT="1690"
                       WIDTH="833"
                       VPOS="82"
                       HPOS="108">
               <Shape>
                  <Polygon POINTS="108,82 941,82 941,1772 108,1772"/>
               </Shape>
               <TextLine ID="line_1612445631199_263"
                         BASELINE="187"
                         HEIGHT="68"
                         WIDTH="810"
                         VPOS="119"
                         HPOS="121">
                  <String HEIGHT="68"
                          WIDTH="172"
                          VPOS="119"
                          HPOS="104"
                          CONTENT="etenim"/>
                  <SP HEIGHT="68" WIDTH="17" VPOS="119" HPOS="276"/>
                  <String HEIGHT="68"
                          WIDTH="241"
                          VPOS="119"
                          HPOS="224"
                          CONTENT="hypostasim"/>
                  <SP HEIGHT="68" WIDTH="17" VPOS="119" HPOS="466"/>
                  <String HEIGHT="68"
                          WIDTH="259"
                          VPOS="119"
                          HPOS="414"
                          CONTENT="determinant"/>
                  <SP HEIGHT="68" WIDTH="17" VPOS="119" HPOS="672"/>
                  <String HEIGHT="68" WIDTH="86" VPOS="119" HPOS="621" CONTENT="&amp;"/>
                  <SP HEIGHT="68" WIDTH="17" VPOS="119" HPOS="707"/>
                  <String HEIGHT="68" WIDTH="121" VPOS="119" HPOS="655" CONTENT="non"/>
                  <SP HEIGHT="68" WIDTH="17" VPOS="119" HPOS="776"/>
                  <String HEIGHT="68"
                          WIDTH="207"
                          VPOS="119"
                          HPOS="724"
                          CONTENT="naturam."/>
                  <SP HEIGHT="68" WIDTH="17" VPOS="119" HPOS="931"/>
                  <String HEIGHT="68"
                          WIDTH="69"
                          VPOS="119"
                          HPOS="862"
                          CONTENT="I"
                          SUBS_TYPE="HypPart1"
                          SUBS_CONTENT="Ideoque"/>
                  <HYP CONTENT="-"/>
               </TextLine>
               <TextLine ID="r2l5"
                         BASELINE="243"
                         HEIGHT="55"
                         WIDTH="809"
                         VPOS="188"
                         HPOS="114">
                  <String HEIGHT="55"
                          WIDTH="153"
                          VPOS="188"
                          HPOS="99"
                          CONTENT="deoque"
                          SUBS_TYPE="HypPart2"
                          SUBS_CONTENT="Ideoque"/>
                  <SP HEIGHT="55" WIDTH="15" VPOS="188" HPOS="251"/>
                  <String HEIGHT="55"
                          WIDTH="137"
                          VPOS="188"
                          HPOS="206"
                          CONTENT="licet"/>
                  <SP HEIGHT="55" WIDTH="15" VPOS="188" HPOS="343"/>
                  <String HEIGHT="55"
                          WIDTH="214"
                          VPOS="188"
                          HPOS="297"
                          CONTENT="paternitas"/>
                  <SP HEIGHT="55" WIDTH="15" VPOS="188" HPOS="511"/>
                  <String HEIGHT="55" WIDTH="76" VPOS="188" HPOS="465" CONTENT="&amp;"/>
                  <SP HEIGHT="55" WIDTH="15" VPOS="188" HPOS="541"/>
                  <String HEIGHT="55"
                          WIDTH="183"
                          VPOS="188"
                          HPOS="496"
                          CONTENT="filiatio"/>
                  <SP HEIGHT="55" WIDTH="15" VPOS="188" HPOS="679"/>
                  <String HEIGHT="55"
                          WIDTH="122"
                          VPOS="188"
                          HPOS="633"
                          CONTENT="sint"/>
                  <SP HEIGHT="55" WIDTH="15" VPOS="188" HPOS="755"/>
                  <String HEIGHT="55" WIDTH="92" VPOS="188" HPOS="709" CONTENT="in"/>
                  <SP HEIGHT="55" WIDTH="15" VPOS="188" HPOS="801"/>
                  <String HEIGHT="55"
                          WIDTH="153"
                          VPOS="188"
                          HPOS="755"
                          CONTENT="diuina"/>
                  <SP HEIGHT="55" WIDTH="15" VPOS="188" HPOS="908"/>
                  <String HEIGHT="55"
                          WIDTH="76"
                          VPOS="188"
                          HPOS="847"
                          CONTENT="es"
                          SUBS_TYPE="HypPart1"
                          SUBS_CONTENT="essentia,"/>
                  <HYP CONTENT="-"/>
               </TextLine>
               <TextLine ID="r2l6"
                         BASELINE="292"
                         HEIGHT="61"
                         WIDTH="808"
                         VPOS="231"
                         HPOS="118">
                  <String HEIGHT="61"
                          WIDTH="171"
                          VPOS="231"
                          HPOS="102"
                          CONTENT="sentia,"
                          SUBS_TYPE="HypPart2"
                          SUBS_CONTENT="essentia,"/>
                  <SP HEIGHT="61" WIDTH="16" VPOS="231" HPOS="273"/>
                  <String HEIGHT="61" WIDTH="109" VPOS="231" HPOS="227" CONTENT="cum"/>
                  <SP HEIGHT="61" WIDTH="16" VPOS="231" HPOS="336"/>
                  <String HEIGHT="61" WIDTH="109" VPOS="231" HPOS="289" CONTENT="eam"/>
                  <SP HEIGHT="61" WIDTH="16" VPOS="231" HPOS="398"/>
                  <String HEIGHT="61" WIDTH="109" VPOS="231" HPOS="351" CONTENT="non"/>
                  <SP HEIGHT="61" WIDTH="16" VPOS="231" HPOS="460"/>
                  <String HEIGHT="61"
                          WIDTH="249"
                          VPOS="231"
                          HPOS="413"
                          CONTENT="determinent,"/>
                  <SP HEIGHT="61" WIDTH="16" VPOS="231" HPOS="662"/>
                  <String HEIGHT="61" WIDTH="109" VPOS="231" HPOS="615" CONTENT="non"/>
                  <SP HEIGHT="61" WIDTH="16" VPOS="231" HPOS="724"/>
                  <String HEIGHT="61"
                          WIDTH="124"
                          VPOS="231"
                          HPOS="677"
                          CONTENT="ideo"/>
                  <SP HEIGHT="61" WIDTH="16" VPOS="231" HPOS="802"/>
                  <String HEIGHT="61"
                          WIDTH="155"
                          VPOS="231"
                          HPOS="755"
                          CONTENT="potest"/>
                  <SP HEIGHT="61" WIDTH="16" VPOS="231" HPOS="910"/>
                  <String HEIGHT="61"
                          WIDTH="78"
                          VPOS="231"
                          HPOS="848"
                          CONTENT="di"
                          SUBS_TYPE="HypPart1"
                          SUBS_CONTENT="dici,"/>
                  <HYP CONTENT="-"/>
               </TextLine>
               <TextLine ID="r2l7"
                         BASELINE="350"
                         HEIGHT="76"
                         WIDTH="825"
                         VPOS="274"
                         HPOS="114">
                  <String HEIGHT="76"
                          WIDTH="113"
                          VPOS="274"
                          HPOS="98"
                          CONTENT="ci,"
                          SUBS_TYPE="HypPart2"
                          SUBS_CONTENT="dici,"/>
                  <SP HEIGHT="76" WIDTH="16" VPOS="274" HPOS="211"/>
                  <String HEIGHT="76"
                          WIDTH="129"
                          VPOS="274"
                          HPOS="163"
                          CONTENT="quod"/>
                  <SP HEIGHT="76" WIDTH="16" VPOS="274" HPOS="292"/>
                  <String HEIGHT="76"
                          WIDTH="162"
                          VPOS="274"
                          HPOS="243"
                          CONTENT="diuina"/>
                  <SP HEIGHT="76" WIDTH="16" VPOS="274" HPOS="405"/>
                  <String HEIGHT="76"
                          WIDTH="194"
                          VPOS="274"
                          HPOS="357"
                          CONTENT="essentia"/>
                  <SP HEIGHT="76" WIDTH="16" VPOS="274" HPOS="551"/>
                  <String HEIGHT="76" WIDTH="81" VPOS="274" HPOS="502" CONTENT="&amp;"/>
                  <SP HEIGHT="76" WIDTH="16" VPOS="274" HPOS="583"/>
                  <String HEIGHT="76"
                          WIDTH="178"
                          VPOS="274"
                          HPOS="535"
                          CONTENT="generet"/>
                  <SP HEIGHT="76" WIDTH="16" VPOS="274" HPOS="713"/>
                  <String HEIGHT="76" WIDTH="81" VPOS="274" HPOS="664" CONTENT="&amp;"/>
                  <SP HEIGHT="76" WIDTH="16" VPOS="274" HPOS="745"/>
                  <String HEIGHT="76"
                          WIDTH="226"
                          VPOS="274"
                          HPOS="696"
                          CONTENT="generetur:"/>
                  <SP HEIGHT="76" WIDTH="16" VPOS="274" HPOS="923"/>
                  <String HEIGHT="76" WIDTH="81" VPOS="274" HPOS="858" CONTENT="vel"/>
               </TextLine>
               <TextLine ID="r2l8"
                         BASELINE="385"
                         HEIGHT="58"
                         WIDTH="814"
                         VPOS="327"
                         HPOS="115">
                  <String HEIGHT="58"
                          WIDTH="123"
                          VPOS="327"
                          HPOS="100"
                          CONTENT="quod"/>
                  <SP HEIGHT="58" WIDTH="15" VPOS="327" HPOS="223"/>
                  <String HEIGHT="58"
                          WIDTH="138"
                          VPOS="327"
                          HPOS="176"
                          CONTENT="eadem"/>
                  <SP HEIGHT="58" WIDTH="15" VPOS="327" HPOS="315"/>
                  <String HEIGHT="58" WIDTH="108" VPOS="327" HPOS="269" CONTENT="res"/>
                  <SP HEIGHT="58" WIDTH="15" VPOS="327" HPOS="376"/>
                  <String HEIGHT="58" WIDTH="108" VPOS="327" HPOS="330" CONTENT="sit"/>
                  <SP HEIGHT="58" WIDTH="15" VPOS="327" HPOS="438"/>
                  <String HEIGHT="58"
                          WIDTH="123"
                          VPOS="327"
                          HPOS="391"
                          CONTENT="sibi"/>
                  <SP HEIGHT="58" WIDTH="15" VPOS="327" HPOS="514"/>
                  <String HEIGHT="58"
                          WIDTH="138"
                          VPOS="327"
                          HPOS="468"
                          CONTENT="Pater"/>
                  <SP HEIGHT="58" WIDTH="15" VPOS="327" HPOS="606"/>
                  <String HEIGHT="58" WIDTH="77" VPOS="327" HPOS="560" CONTENT="&amp;"/>
                  <SP HEIGHT="58" WIDTH="15" VPOS="327" HPOS="637"/>
                  <String HEIGHT="58"
                          WIDTH="169"
                          VPOS="327"
                          HPOS="591"
                          CONTENT="Filius."/>
                  <SP HEIGHT="58" WIDTH="15" VPOS="327" HPOS="760"/>
                  <String HEIGHT="58" WIDTH="108" VPOS="327" HPOS="714" CONTENT="Ita"/>
                  <SP HEIGHT="58" WIDTH="15" VPOS="327" HPOS="821"/>
                  <String HEIGHT="58"
                          WIDTH="123"
                          VPOS="327"
                          HPOS="775"
                          CONTENT="enim"/>
                  <SP HEIGHT="58" WIDTH="15" VPOS="327" HPOS="898"/>
                  <String HEIGHT="58"
                          WIDTH="92"
                          VPOS="327"
                          HPOS="837"
                          CONTENT="pro"
                          SUBS_TYPE="HypPart1"
                          SUBS_CONTENT="proprietas"/>
                  <HYP CONTENT="-"/>
               </TextLine>
               <TextLine ID="r2l9"
                         BASELINE="441"
                         HEIGHT="66"
                         WIDTH="808"
                         VPOS="375"
                         HPOS="119">
                  <String HEIGHT="66"
                          WIDTH="174"
                          VPOS="375"
                          HPOS="103"
                          CONTENT="prietas"
                          SUBS_TYPE="HypPart2"
                          SUBS_CONTENT="proprietas"/>
                  <SP HEIGHT="66" WIDTH="16" VPOS="375" HPOS="277"/>
                  <String HEIGHT="66"
                          WIDTH="222"
                          VPOS="375"
                          HPOS="230"
                          CONTENT="determinat"/>
                  <SP HEIGHT="66" WIDTH="16" VPOS="375" HPOS="452"/>
                  <String HEIGHT="66"
                          WIDTH="206"
                          VPOS="375"
                          HPOS="404"
                          CONTENT="Personam,"/>
                  <SP HEIGHT="66" WIDTH="16" VPOS="375" HPOS="610"/>
                  <String HEIGHT="66" WIDTH="95" VPOS="375" HPOS="563" CONTENT="vt"/>
                  <SP HEIGHT="66" WIDTH="16" VPOS="375" HPOS="658"/>
                  <String HEIGHT="66" WIDTH="111" VPOS="375" HPOS="610" CONTENT="hac"/>
                  <SP HEIGHT="66" WIDTH="16" VPOS="375" HPOS="721"/>
                  <String HEIGHT="66"
                          WIDTH="238"
                          VPOS="375"
                          HPOS="674"
                          CONTENT="proprietate"/>
                  <SP HEIGHT="66" WIDTH="16" VPOS="375" HPOS="911"/>
                  <String HEIGHT="66"
                          WIDTH="79"
                          VPOS="375"
                          HPOS="848"
                          CONTENT="hy"
                          SUBS_TYPE="HypPart1"
                          SUBS_CONTENT="hypostasis"/>
                  <HYP CONTENT="-"/>
               </TextLine>
               <TextLine ID="r2l10"
                         BASELINE="492"
                         HEIGHT="76"
                         WIDTH="823"
                         VPOS="416"
                         HPOS="112">
                  <String HEIGHT="76"
                          WIDTH="176"
                          VPOS="416"
                          HPOS="97"
                          CONTENT="postasis"
                          SUBS_TYPE="HypPart2"
                          SUBS_CONTENT="hypostasis"/>
                  <SP HEIGHT="76" WIDTH="15" VPOS="416" HPOS="274"/>
                  <String HEIGHT="76" WIDTH="103" VPOS="416" HPOS="230" CONTENT="sit"/>
                  <SP HEIGHT="76" WIDTH="15" VPOS="416" HPOS="332"/>
                  <String HEIGHT="76"
                          WIDTH="191"
                          VPOS="416"
                          HPOS="288"
                          CONTENT="generans,"/>
                  <SP HEIGHT="76" WIDTH="15" VPOS="416" HPOS="479"/>
                  <String HEIGHT="76" WIDTH="73" VPOS="416" HPOS="435" CONTENT="&amp;"/>
                  <SP HEIGHT="76" WIDTH="15" VPOS="416" HPOS="509"/>
                  <String HEIGHT="76"
                          WIDTH="118"
                          VPOS="416"
                          HPOS="465"
                          CONTENT="illa"/>
                  <SP HEIGHT="76" WIDTH="15" VPOS="416" HPOS="582"/>
                  <String HEIGHT="76"
                          WIDTH="132"
                          VPOS="416"
                          HPOS="538"
                          CONTENT="alia,"/>
                  <SP HEIGHT="76" WIDTH="15" VPOS="416" HPOS="670"/>
                  <String HEIGHT="76"
                          WIDTH="206"
                          VPOS="416"
                          HPOS="626"
                          CONTENT="hypostasis"/>
                  <SP HEIGHT="76" WIDTH="15" VPOS="416" HPOS="832"/>
                  <String HEIGHT="76" WIDTH="103" VPOS="416" HPOS="788" CONTENT="sit"/>
                  <SP HEIGHT="76" WIDTH="15" VPOS="416" HPOS="891"/>
                  <String HEIGHT="76"
                          WIDTH="103"
                          VPOS="416"
                          HPOS="832"
                          CONTENT="geni"
                          SUBS_TYPE="HypPart1"
                          SUBS_CONTENT="genita:"/>
                  <HYP CONTENT="-"/>
               </TextLine>
               <TextLine ID="r2l11"
                         BASELINE="538"
                         HEIGHT="61"
                         WIDTH="820"
                         VPOS="477"
                         HPOS="113">
                  <String HEIGHT="61"
                          WIDTH="117"
                          VPOS="477"
                          HPOS="96"
                          CONTENT="ta:"
                          SUBS_TYPE="HypPart2"
                          SUBS_CONTENT="genita:"/>
                  <SP HEIGHT="61" WIDTH="17" VPOS="477" HPOS="213"/>
                  <String HEIGHT="61" WIDTH="84" VPOS="477" HPOS="163" CONTENT="&amp;"/>
                  <SP HEIGHT="61" WIDTH="17" VPOS="477" HPOS="247"/>
                  <String HEIGHT="61" WIDTH="117" VPOS="477" HPOS="197" CONTENT="ita"/>
                  <SP HEIGHT="61" WIDTH="17" VPOS="477" HPOS="314"/>
                  <String HEIGHT="61" WIDTH="117" VPOS="477" HPOS="264" CONTENT="non"/>
                  <SP HEIGHT="61" WIDTH="17" VPOS="477" HPOS="381"/>
                  <String HEIGHT="61"
                          WIDTH="134"
                          VPOS="477"
                          HPOS="331"
                          CONTENT="idem"/>
                  <SP HEIGHT="61" WIDTH="17" VPOS="477" HPOS="464"/>
                  <String HEIGHT="61"
                          WIDTH="184"
                          VPOS="477"
                          HPOS="414"
                          CONTENT="generat"/>
                  <SP HEIGHT="61" WIDTH="17" VPOS="477" HPOS="598"/>
                  <String HEIGHT="61" WIDTH="84" VPOS="477" HPOS="548" CONTENT="&amp;"/>
                  <SP HEIGHT="61" WIDTH="17" VPOS="477" HPOS="632"/>
                  <String HEIGHT="61"
                          WIDTH="234"
                          VPOS="477"
                          HPOS="582"
                          CONTENT="generatur,"/>
                  <SP HEIGHT="61" WIDTH="17" VPOS="477" HPOS="816"/>
                  <String HEIGHT="61" WIDTH="117" VPOS="477" HPOS="766" CONTENT="sed"/>
                  <SP HEIGHT="61" WIDTH="17" VPOS="477" HPOS="883"/>
                  <String HEIGHT="61"
                          WIDTH="117"
                          VPOS="477"
                          HPOS="816"
                          CONTENT="alter"/>
               </TextLine>
               <TextLine ID="r2l12"
                         BASELINE="581"
                         HEIGHT="55"
                         WIDTH="145"
                         VPOS="526"
                         HPOS="118">
                  <String HEIGHT="55"
                          WIDTH="181"
                          VPOS="526"
                          HPOS="82"
                          CONTENT="alterum:"/>
               </TextLine>
               <TextLine ID="r2l14"
                         BASELINE="672"
                         HEIGHT="104"
                         WIDTH="317"
                         VPOS="568"
                         HPOS="364">
                  <String HEIGHT="104"
                          WIDTH="282"
                          VPOS="568"
                          HPOS="329"
                          CONTENT="CAP."/>
                  <SP HEIGHT="104" WIDTH="35" VPOS="568" HPOS="611"/>
                  <String HEIGHT="104"
                          WIDTH="211"
                          VPOS="568"
                          HPOS="470"
                          CONTENT="VIII"/>
               </TextLine>
               <TextLine ID="r2l15"
                         BASELINE="731"
                         HEIGHT="73"
                         WIDTH="704"
                         VPOS="658"
                         HPOS="176">
                  <String HEIGHT="73"
                          WIDTH="241"
                          VPOS="658"
                          HPOS="157"
                          CONTENT="Quaeritur"/>
                  <SP HEIGHT="73" WIDTH="19" VPOS="658" HPOS="398"/>
                  <String HEIGHT="73"
                          WIDTH="204"
                          VPOS="658"
                          HPOS="343"
                          CONTENT="quomodo"/>
                  <SP HEIGHT="73" WIDTH="19" VPOS="658" HPOS="547"/>
                  <String HEIGHT="73"
                          WIDTH="296"
                          VPOS="658"
                          HPOS="491"
                          CONTENT="proprietates"/>
                  <SP HEIGHT="73" WIDTH="19" VPOS="658" HPOS="787"/>
                  <String HEIGHT="73"
                          WIDTH="167"
                          VPOS="658"
                          HPOS="713"
                          CONTENT="possunt"/>
               </TextLine>
               <TextLine ID="r2l16"
                         BASELINE="779"
                         HEIGHT="68"
                         WIDTH="493"
                         VPOS="711"
                         HPOS="267">
                  <String HEIGHT="68"
                          WIDTH="136"
                          VPOS="711"
                          HPOS="250"
                          CONTENT="esse"/>
                  <SP HEIGHT="68" WIDTH="17" VPOS="711" HPOS="386"/>
                  <String HEIGHT="68" WIDTH="102" VPOS="711" HPOS="335" CONTENT="in"/>
                  <SP HEIGHT="68" WIDTH="17" VPOS="711" HPOS="437"/>
                  <String HEIGHT="68"
                          WIDTH="187"
                          VPOS="711"
                          HPOS="386"
                          CONTENT="natura,"/>
                  <SP HEIGHT="68" WIDTH="17" VPOS="711" HPOS="573"/>
                  <String HEIGHT="68" WIDTH="102" VPOS="711" HPOS="522" CONTENT="vt"/>
                  <SP HEIGHT="68" WIDTH="17" VPOS="711" HPOS="624"/>
                  <String HEIGHT="68"
                          WIDTH="153"
                          VPOS="711"
                          HPOS="573"
                          CONTENT="tamen"/>
                  <SP HEIGHT="68" WIDTH="17" VPOS="711" HPOS="726"/>
                  <String HEIGHT="68" WIDTH="119" VPOS="711" HPOS="675" CONTENT="eam"/>
                  <SP HEIGHT="68" WIDTH="17" VPOS="711" HPOS="794"/>
                  <String HEIGHT="68" WIDTH="34" VPOS="711" HPOS="726" CONTENT=""/>
               </TextLine>
               <TextLine ID="r2l17"
                         BASELINE="828"
                         HEIGHT="68"
                         WIDTH="262"
                         VPOS="760"
                         HPOS="378">
                  <String HEIGHT="68" WIDTH="153" VPOS="760" HPOS="356" CONTENT="non"/>
                  <SP HEIGHT="68" WIDTH="22" VPOS="760" HPOS="509"/>
                  <String HEIGHT="68"
                          WIDTH="218"
                          VPOS="760"
                          HPOS="422"
                          CONTENT="determi"/>
               </TextLine>
               <TextLine ID="r2l18"
                         BASELINE="867"
                         HEIGHT="54"
                         WIDTH="106"
                         VPOS="813"
                         HPOS="451">
                  <String HEIGHT="54"
                          WIDTH="148"
                          VPOS="813"
                          HPOS="409"
                          CONTENT="nent."/>
               </TextLine>
               <TextLine ID="r2l19"
                         BASELINE="962"
                         HEIGHT="77"
                         WIDTH="741"
                         VPOS="885"
                         HPOS="186">
                  <String HEIGHT="77" WIDTH="121" VPOS="885" HPOS="169" CONTENT="SED"/>
                  <SP HEIGHT="77" WIDTH="17" VPOS="885" HPOS="289"/>
                  <String HEIGHT="77"
                          WIDTH="155"
                          VPOS="885"
                          HPOS="238"
                          CONTENT="forte"/>
                  <SP HEIGHT="77" WIDTH="17" VPOS="885" HPOS="393"/>
                  <String HEIGHT="77"
                          WIDTH="207"
                          VPOS="885"
                          HPOS="341"
                          CONTENT="quaeres,"/>
                  <SP HEIGHT="77" WIDTH="17" VPOS="885" HPOS="548"/>
                  <String HEIGHT="77" WIDTH="121" VPOS="885" HPOS="496" CONTENT="cum"/>
                  <SP HEIGHT="77" WIDTH="17" VPOS="885" HPOS="617"/>
                  <String HEIGHT="77" WIDTH="121" VPOS="885" HPOS="565" CONTENT="hae"/>
                  <SP HEIGHT="77" WIDTH="17" VPOS="885" HPOS="686"/>
                  <String HEIGHT="77"
                          WIDTH="276"
                          VPOS="885"
                          HPOS="634"
                          CONTENT="proprietates"/>
                  <SP HEIGHT="77" WIDTH="17" VPOS="885" HPOS="910"/>
                  <String HEIGHT="77" WIDTH="86" VPOS="885" HPOS="841" CONTENT="non"/>
               </TextLine>
               <TextLine ID="r2l22"
                         BASELINE="1006"
                         HEIGHT="63"
                         WIDTH="796"
                         VPOS="943"
                         HPOS="123">
                  <String HEIGHT="63"
                          WIDTH="165"
                          VPOS="943"
                          HPOS="108"
                          CONTENT="possunt"/>
                  <SP HEIGHT="63" WIDTH="15" VPOS="943" HPOS="273"/>
                  <String HEIGHT="63"
                          WIDTH="120"
                          VPOS="943"
                          HPOS="228"
                          CONTENT="esse"/>
                  <SP HEIGHT="63" WIDTH="15" VPOS="943" HPOS="348"/>
                  <String HEIGHT="63" WIDTH="90" VPOS="943" HPOS="303" CONTENT="in"/>
                  <SP HEIGHT="63" WIDTH="15" VPOS="943" HPOS="393"/>
                  <String HEIGHT="63"
                          WIDTH="180"
                          VPOS="943"
                          HPOS="348"
                          CONTENT="Personis"/>
                  <SP HEIGHT="63" WIDTH="15" VPOS="943" HPOS="529"/>
                  <String HEIGHT="63"
                          WIDTH="120"
                          VPOS="943"
                          HPOS="483"
                          CONTENT="quin"/>
                  <SP HEIGHT="63" WIDTH="15" VPOS="943" HPOS="604"/>
                  <String HEIGHT="63" WIDTH="105" VPOS="943" HPOS="559" CONTENT="eas"/>
                  <SP HEIGHT="63" WIDTH="15" VPOS="943" HPOS="664"/>
                  <String HEIGHT="63"
                          WIDTH="240"
                          VPOS="943"
                          HPOS="619"
                          CONTENT="determinent,"/>
                  <SP HEIGHT="63" WIDTH="15" VPOS="943" HPOS="859"/>
                  <String HEIGHT="63"
                          WIDTH="120"
                          VPOS="943"
                          HPOS="799"
                          CONTENT="quomo"
                          SUBS_TYPE="HypPart1"
                          SUBS_CONTENT="quomodo"/>
                  <HYP CONTENT="-"/>
               </TextLine>
               <TextLine ID="r2l23"
                         BASELINE="1056"
                         HEIGHT="63"
                         WIDTH="803"
                         VPOS="993"
                         HPOS="121">
                  <String HEIGHT="63"
                          WIDTH="89"
                          VPOS="993"
                          HPOS="106"
                          CONTENT="do"
                          SUBS_TYPE="HypPart2"
                          SUBS_CONTENT="quomodo"/>
                  <SP HEIGHT="63" WIDTH="15" VPOS="993" HPOS="195"/>
                  <String HEIGHT="63" WIDTH="89" VPOS="993" HPOS="151" CONTENT="in"/>
                  <SP HEIGHT="63" WIDTH="15" VPOS="993" HPOS="240"/>
                  <String HEIGHT="63"
                          WIDTH="149"
                          VPOS="993"
                          HPOS="195"
                          CONTENT="diuina"/>
                  <SP HEIGHT="63" WIDTH="15" VPOS="993" HPOS="344"/>
                  <String HEIGHT="63"
                          WIDTH="178"
                          VPOS="993"
                          HPOS="299"
                          CONTENT="essentia"/>
                  <SP HEIGHT="63" WIDTH="15" VPOS="993" HPOS="478"/>
                  <String HEIGHT="63"
                          WIDTH="119"
                          VPOS="993"
                          HPOS="433"
                          CONTENT="esse"/>
                  <SP HEIGHT="63" WIDTH="15" VPOS="993" HPOS="552"/>
                  <String HEIGHT="63"
                          WIDTH="178"
                          VPOS="993"
                          HPOS="508"
                          CONTENT="possint,"/>
                  <SP HEIGHT="63" WIDTH="15" VPOS="993" HPOS="686"/>
                  <String HEIGHT="63" WIDTH="104" VPOS="993" HPOS="641" CONTENT="ita"/>
                  <SP HEIGHT="63" WIDTH="15" VPOS="993" HPOS="746"/>
                  <String HEIGHT="63" WIDTH="89" VPOS="993" HPOS="701" CONTENT="vt"/>
                  <SP HEIGHT="63" WIDTH="15" VPOS="993" HPOS="790"/>
                  <String HEIGHT="63" WIDTH="104" VPOS="993" HPOS="746" CONTENT="non"/>
                  <SP HEIGHT="63" WIDTH="15" VPOS="993" HPOS="850"/>
                  <String HEIGHT="63" WIDTH="104" VPOS="993" HPOS="805" CONTENT="eam"/>
                  <SP HEIGHT="63" WIDTH="15" VPOS="993" HPOS="909"/>
                  <String HEIGHT="63"
                          WIDTH="74"
                          VPOS="993"
                          HPOS="850"
                          CONTENT="de"
                          SUBS_TYPE="HypPart1"
                          SUBS_CONTENT="determinent2"/>
                  <HYP CONTENT="-"/>
               </TextLine>
               <TextLine ID="r2l24"
                         BASELINE="1100"
                         HEIGHT="61"
                         WIDTH="799"
                         VPOS="1039"
                         HPOS="133">
                  <String HEIGHT="61"
                          WIDTH="254"
                          VPOS="1039"
                          HPOS="115"
                          CONTENT="terminent2"
                          SUBS_TYPE="HypPart2"
                          SUBS_CONTENT="determinent2"/>
                  <SP HEIGHT="61" WIDTH="18" VPOS="1039" HPOS="369"/>
                  <String HEIGHT="61"
                          WIDTH="236"
                          VPOS="1039"
                          HPOS="315"
                          CONTENT="Respondeo"/>
                  <SP HEIGHT="61" WIDTH="18" VPOS="1039" HPOS="551"/>
                  <String HEIGHT="61"
                          WIDTH="145"
                          VPOS="1039"
                          HPOS="496"
                          CONTENT="tibi"/>
                  <SP HEIGHT="61" WIDTH="18" VPOS="1039" HPOS="641"/>
                  <String HEIGHT="61" WIDTH="91" VPOS="1039" HPOS="587" CONTENT="&amp;"/>
                  <SP HEIGHT="61" WIDTH="18" VPOS="1039" HPOS="678"/>
                  <String HEIGHT="61"
                          WIDTH="127"
                          VPOS="1039"
                          HPOS="623"
                          CONTENT="hic"/>
                  <SP HEIGHT="61" WIDTH="18" VPOS="1039" HPOS="750"/>
                  <String HEIGHT="61"
                          WIDTH="127"
                          VPOS="1039"
                          HPOS="696"
                          CONTENT="cum"/>
                  <SP HEIGHT="61" WIDTH="18" VPOS="1039" HPOS="823"/>
                  <String HEIGHT="61"
                          WIDTH="182"
                          VPOS="1039"
                          HPOS="750"
                          CONTENT="Hilario."/>
               </TextLine>
               <TextLine ID="r2l25"
                         BASELINE="1155"
                         HEIGHT="59"
                         WIDTH="805"
                         VPOS="1096"
                         HPOS="121">
                  <String HEIGHT="59"
                          WIDTH="115"
                          VPOS="1096"
                          HPOS="105"
                          CONTENT="Ego"/>
                  <SP HEIGHT="59" WIDTH="16" VPOS="1096" HPOS="220"/>
                  <String HEIGHT="59"
                          WIDTH="181"
                          VPOS="1096"
                          HPOS="170"
                          CONTENT="nescio,"/>
                  <SP HEIGHT="59" WIDTH="16" VPOS="1096" HPOS="351"/>
                  <String HEIGHT="59"
                          WIDTH="115"
                          VPOS="1096"
                          HPOS="302"
                          CONTENT="non"/>
                  <SP HEIGHT="59" WIDTH="16" VPOS="1096" HPOS="417"/>
                  <String HEIGHT="59"
                          WIDTH="197"
                          VPOS="1096"
                          HPOS="367"
                          CONTENT="requiro,"/>
                  <SP HEIGHT="59" WIDTH="16" VPOS="1096" HPOS="565"/>
                  <String HEIGHT="59"
                          WIDTH="115"
                          VPOS="1096"
                          HPOS="515"
                          CONTENT="sed"/>
                  <SP HEIGHT="59" WIDTH="16" VPOS="1096" HPOS="630"/>
                  <String HEIGHT="59"
                          WIDTH="230"
                          VPOS="1096"
                          HPOS="581"
                          CONTENT="consolabor"/>
                  <SP HEIGHT="59" WIDTH="16" VPOS="1096" HPOS="811"/>
                  <String HEIGHT="59" WIDTH="99" VPOS="1096" HPOS="762" CONTENT="me"/>
                  <SP HEIGHT="59" WIDTH="16" VPOS="1096" HPOS="860"/>
                  <String HEIGHT="59"
                          WIDTH="131"
                          VPOS="1096"
                          HPOS="795"
                          CONTENT="tamen:"/>
               </TextLine>
               <TextLine ID="r2l28"
                         BASELINE="1194"
                         HEIGHT="62"
                         WIDTH="790"
                         VPOS="1132"
                         HPOS="118">
                  <String HEIGHT="62"
                          WIDTH="246"
                          VPOS="1132"
                          HPOS="100"
                          CONTENT="Archangeli"/>
                  <SP HEIGHT="62" WIDTH="18" VPOS="1132" HPOS="346"/>
                  <String HEIGHT="62"
                          WIDTH="228"
                          VPOS="1132"
                          HPOS="294"
                          CONTENT="nesciunt,"/>
                  <SP HEIGHT="62" WIDTH="18" VPOS="1132" HPOS="522"/>
                  <String HEIGHT="62"
                          WIDTH="176"
                          VPOS="1132"
                          HPOS="469"
                          CONTENT="Angeli"/>
                  <SP HEIGHT="62" WIDTH="18" VPOS="1132" HPOS="645"/>
                  <String HEIGHT="62"
                          WIDTH="123"
                          VPOS="1132"
                          HPOS="592"
                          CONTENT="non"/>
                  <SP HEIGHT="62" WIDTH="18" VPOS="1132" HPOS="715"/>
                  <String HEIGHT="62"
                          WIDTH="246"
                          VPOS="1132"
                          HPOS="662"
                          CONTENT="audierunt,"/>
                  <SP HEIGHT="62" WIDTH="18" VPOS="1132" HPOS="908"/>
                  <String HEIGHT="62" WIDTH="70" VPOS="1132" HPOS="838" CONTENT="se"/>
               </TextLine>
               <TextLine ID="r2l30"
                         BASELINE="1237"
                         HEIGHT="50"
                         WIDTH="801"
                         VPOS="1187"
                         HPOS="117">
                  <String HEIGHT="50"
                          WIDTH="139"
                          VPOS="1187"
                          HPOS="100"
                          CONTENT="cula"/>
                  <SP HEIGHT="50" WIDTH="17" VPOS="1187" HPOS="239"/>
                  <String HEIGHT="50"
                          WIDTH="122"
                          VPOS="1187"
                          HPOS="187"
                          CONTENT="non"/>
                  <SP HEIGHT="50" WIDTH="17" VPOS="1187" HPOS="309"/>
                  <String HEIGHT="50"
                          WIDTH="192"
                          VPOS="1187"
                          HPOS="256"
                          CONTENT="tenent,"/>
                  <SP HEIGHT="50" WIDTH="17" VPOS="1187" HPOS="448"/>
                  <String HEIGHT="50"
                          WIDTH="209"
                          VPOS="1187"
                          HPOS="396"
                          CONTENT="Propheta"/>
                  <SP HEIGHT="50" WIDTH="17" VPOS="1187" HPOS="605"/>
                  <String HEIGHT="50"
                          WIDTH="122"
                          VPOS="1187"
                          HPOS="552"
                          CONTENT="non"/>
                  <SP HEIGHT="50" WIDTH="17" VPOS="1187" HPOS="674"/>
                  <String HEIGHT="50"
                          WIDTH="192"
                          VPOS="1187"
                          HPOS="622"
                          CONTENT="sensit,"/>
                  <SP HEIGHT="50" WIDTH="17" VPOS="1187" HPOS="814"/>
                  <String HEIGHT="50"
                          WIDTH="174"
                          VPOS="1187"
                          HPOS="744"
                          CONTENT="Apostolu"/>
               </TextLine>
               <TextLine ID="r2l32"
                         BASELINE="1294"
                         HEIGHT="57"
                         WIDTH="806"
                         VPOS="1237"
                         HPOS="109">
                  <String HEIGHT="57" WIDTH="109" VPOS="1237" HPOS="94" CONTENT="non"/>
                  <SP HEIGHT="57" WIDTH="16" VPOS="1237" HPOS="202"/>
                  <String HEIGHT="57"
                          WIDTH="264"
                          VPOS="1237"
                          HPOS="156"
                          CONTENT="interrogauit,"/>
                  <SP HEIGHT="57" WIDTH="16" VPOS="1237" HPOS="419"/>
                  <String HEIGHT="57"
                          WIDTH="155"
                          VPOS="1237"
                          HPOS="373"
                          CONTENT="Filius"/>
                  <SP HEIGHT="57" WIDTH="16" VPOS="1237" HPOS="528"/>
                  <String HEIGHT="57"
                          WIDTH="124"
                          VPOS="1237"
                          HPOS="481"
                          CONTENT="ipse"/>
                  <SP HEIGHT="57" WIDTH="16" VPOS="1237" HPOS="605"/>
                  <String HEIGHT="57"
                          WIDTH="109"
                          VPOS="1237"
                          HPOS="559"
                          CONTENT="non"/>
                  <SP HEIGHT="57" WIDTH="16" VPOS="1237" HPOS="667"/>
                  <String HEIGHT="57"
                          WIDTH="171"
                          VPOS="1237"
                          HPOS="621"
                          CONTENT="edidit."/>
                  <SP HEIGHT="57" WIDTH="16" VPOS="1237" HPOS="791"/>
                  <String HEIGHT="57"
                          WIDTH="155"
                          VPOS="1237"
                          HPOS="745"
                          CONTENT="Cesset"/>
                  <SP HEIGHT="57" WIDTH="16" VPOS="1237" HPOS="900"/>
                  <String HEIGHT="57"
                          WIDTH="78"
                          VPOS="1237"
                          HPOS="838"
                          CONTENT="er"
                          SUBS_TYPE="HypPart1"
                          SUBS_CONTENT="ergo"/>
                  <HYP CONTENT="-"/>
               </TextLine>
               <TextLine ID="r2l33"
                         BASELINE="1345"
                         HEIGHT="63"
                         WIDTH="811"
                         VPOS="1282"
                         HPOS="110">
                  <String HEIGHT="63"
                          WIDTH="101"
                          VPOS="1282"
                          HPOS="93"
                          CONTENT="go"
                          SUBS_TYPE="HypPart2"
                          SUBS_CONTENT="ergo"/>
                  <SP HEIGHT="63" WIDTH="17" VPOS="1282" HPOS="194"/>
                  <String HEIGHT="63"
                          WIDTH="152"
                          VPOS="1282"
                          HPOS="144"
                          CONTENT="dolor"/>
                  <SP HEIGHT="63" WIDTH="17" VPOS="1282" HPOS="296"/>
                  <String HEIGHT="63"
                          WIDTH="253"
                          VPOS="1282"
                          HPOS="245"
                          CONTENT="querelarum:"/>
                  <SP HEIGHT="63" WIDTH="17" VPOS="1282" HPOS="499"/>
                  <String HEIGHT="63"
                          WIDTH="118"
                          VPOS="1282"
                          HPOS="448"
                          CONTENT="non"/>
                  <SP HEIGHT="63" WIDTH="17" VPOS="1282" HPOS="566"/>
                  <String HEIGHT="63"
                          WIDTH="152"
                          VPOS="1282"
                          HPOS="516"
                          CONTENT="putet"/>
                  <SP HEIGHT="63" WIDTH="17" VPOS="1282" HPOS="668"/>
                  <String HEIGHT="63"
                          WIDTH="135"
                          VPOS="1282"
                          HPOS="617"
                          CONTENT="homo"/>
                  <SP HEIGHT="63" WIDTH="17" VPOS="1282" HPOS="752"/>
                  <String HEIGHT="63"
                          WIDTH="118"
                          VPOS="1282"
                          HPOS="701"
                          CONTENT="sua"/>
                  <SP HEIGHT="63" WIDTH="17" VPOS="1282" HPOS="820"/>
                  <String HEIGHT="63"
                          WIDTH="169"
                          VPOS="1282"
                          HPOS="752"
                          CONTENT="intelli"
                          SUBS_TYPE="HypPart1"
                          SUBS_CONTENT="intelligentia"/>
                  <HYP CONTENT="-"/>
               </TextLine>
               <TextLine ID="r2l34"
                         BASELINE="1393"
                         HEIGHT="50"
                         WIDTH="831"
                         VPOS="1343"
                         HPOS="104">
                  <String HEIGHT="50"
                          WIDTH="177"
                          VPOS="1343"
                          HPOS="86"
                          CONTENT="gentia"
                          SUBS_TYPE="HypPart2"
                          SUBS_CONTENT="intelligentia"/>
                  <SP HEIGHT="50" WIDTH="18" VPOS="1343" HPOS="263"/>
                  <String HEIGHT="50"
                          WIDTH="283"
                          VPOS="1343"
                          HPOS="210"
                          CONTENT="generationis"/>
                  <SP HEIGHT="50" WIDTH="18" VPOS="1343" HPOS="493"/>
                  <String HEIGHT="50"
                          WIDTH="265"
                          VPOS="1343"
                          HPOS="440"
                          CONTENT="Sacramentum"/>
                  <SP HEIGHT="50" WIDTH="18" VPOS="1343" HPOS="705"/>
                  <String HEIGHT="50"
                          WIDTH="159"
                          VPOS="1343"
                          HPOS="652"
                          CONTENT="posse"/>
                  <SP HEIGHT="50" WIDTH="18" VPOS="1343" HPOS="811"/>
                  <String HEIGHT="50"
                          WIDTH="194"
                          VPOS="1343"
                          HPOS="741"
                          CONTENT="consequi."/>
               </TextLine>
               <TextLine ID="r2l35"
                         BASELINE="1438"
                         HEIGHT="63"
                         WIDTH="803"
                         VPOS="1375"
                         HPOS="133">
                  <String HEIGHT="63"
                          WIDTH="197"
                          VPOS="1375"
                          HPOS="117"
                          CONTENT="Absolute"/>
                  <SP HEIGHT="63" WIDTH="16" VPOS="1375" HPOS="313"/>
                  <String HEIGHT="63"
                          WIDTH="147"
                          VPOS="1375"
                          HPOS="264"
                          CONTENT="tamen"/>
                  <SP HEIGHT="63" WIDTH="16" VPOS="1375" HPOS="412"/>
                  <String HEIGHT="63"
                          WIDTH="279"
                          VPOS="1375"
                          HPOS="362"
                          CONTENT="intelligendus"/>
                  <SP HEIGHT="63" WIDTH="16" VPOS="1375" HPOS="641"/>
                  <String HEIGHT="63"
                          WIDTH="115"
                          VPOS="1375"
                          HPOS="592"
                          CONTENT="est"/>
                  <SP HEIGHT="63" WIDTH="16" VPOS="1375" HPOS="707"/>
                  <String HEIGHT="63"
                          WIDTH="164"
                          VPOS="1375"
                          HPOS="657"
                          CONTENT="Pater,"/>
                  <SP HEIGHT="63" WIDTH="16" VPOS="1375" HPOS="821"/>
                  <String HEIGHT="63" WIDTH="82" VPOS="1375" HPOS="772" CONTENT="&amp;"/>
                  <SP HEIGHT="63" WIDTH="16" VPOS="1375" HPOS="854"/>
                  <String HEIGHT="63"
                          WIDTH="147"
                          VPOS="1375"
                          HPOS="789"
                          CONTENT="Filius."/>
               </TextLine>
               <TextLine ID="r2l36"
                         BASELINE="1488"
                         HEIGHT="62"
                         WIDTH="812"
                         VPOS="1426"
                         HPOS="121">
                  <String HEIGHT="62" WIDTH="81" VPOS="1426" HPOS="105" CONTENT="&amp;"/>
                  <SP HEIGHT="62" WIDTH="16" VPOS="1426" HPOS="186"/>
                  <String HEIGHT="62"
                          WIDTH="195"
                          VPOS="1426"
                          HPOS="137"
                          CONTENT="Spiritus"/>
                  <SP HEIGHT="62" WIDTH="16" VPOS="1426" HPOS="332"/>
                  <String HEIGHT="62"
                          WIDTH="195"
                          VPOS="1426"
                          HPOS="283"
                          CONTENT="sanctus."/>
                  <SP HEIGHT="62" WIDTH="16" VPOS="1426" HPOS="478"/>
                  <String HEIGHT="62"
                          WIDTH="130"
                          VPOS="1426"
                          HPOS="430"
                          CONTENT="Stat"/>
                  <SP HEIGHT="62" WIDTH="16" VPOS="1426" HPOS="559"/>
                  <String HEIGHT="62" WIDTH="97" VPOS="1426" HPOS="511" CONTENT="in"/>
                  <SP HEIGHT="62" WIDTH="16" VPOS="1426" HPOS="608"/>
                  <String HEIGHT="62"
                          WIDTH="114"
                          VPOS="1426"
                          HPOS="559"
                          CONTENT="hoc"/>
                  <SP HEIGHT="62" WIDTH="16" VPOS="1426" HPOS="673"/>
                  <String HEIGHT="62"
                          WIDTH="130"
                          VPOS="1426"
                          HPOS="624"
                          CONTENT="fine"/>
                  <SP HEIGHT="62" WIDTH="16" VPOS="1426" HPOS="754"/>
                  <String HEIGHT="62"
                          WIDTH="244"
                          VPOS="1426"
                          HPOS="689"
                          CONTENT="intelligentia"/>
               </TextLine>
               <TextLine ID="r2l37"
                         BASELINE="1535"
                         HEIGHT="56"
                         WIDTH="823"
                         VPOS="1479"
                         HPOS="114">
                  <String HEIGHT="56"
                          WIDTH="206"
                          VPOS="1479"
                          HPOS="98"
                          CONTENT="verborum."/>
                  <SP HEIGHT="56" WIDTH="16" VPOS="1479" HPOS="304"/>
                  <String HEIGHT="56"
                          WIDTH="127"
                          VPOS="1479"
                          HPOS="256"
                          CONTENT="3Est"/>
                  <SP HEIGHT="56" WIDTH="16" VPOS="1479" HPOS="383"/>
                  <String HEIGHT="56"
                          WIDTH="158"
                          VPOS="1479"
                          HPOS="336"
                          CONTENT="Filius"/>
                  <SP HEIGHT="56" WIDTH="16" VPOS="1479" HPOS="494"/>
                  <String HEIGHT="56" WIDTH="79" VPOS="1479" HPOS="446" CONTENT="a"/>
                  <SP HEIGHT="56" WIDTH="16" VPOS="1479" HPOS="526"/>
                  <String HEIGHT="56"
                          WIDTH="158"
                          VPOS="1479"
                          HPOS="478"
                          CONTENT="Patre,"/>
                  <SP HEIGHT="56" WIDTH="16" VPOS="1479" HPOS="636"/>
                  <String HEIGHT="56"
                          WIDTH="111"
                          VPOS="1479"
                          HPOS="589"
                          CONTENT="qui"/>
                  <SP HEIGHT="56" WIDTH="16" VPOS="1479" HPOS="700"/>
                  <String HEIGHT="56"
                          WIDTH="111"
                          VPOS="1479"
                          HPOS="652"
                          CONTENT="est"/>
                  <SP HEIGHT="56" WIDTH="16" VPOS="1479" HPOS="763"/>
                  <String HEIGHT="56"
                          WIDTH="222"
                          VPOS="1479"
                          HPOS="715"
                          CONTENT="vnigenitus"/>
                  <SP HEIGHT="56" WIDTH="16" VPOS="1479" HPOS="937"/>
                  <String HEIGHT="56" WIDTH="63" VPOS="1479" HPOS="874" CONTENT="ab"/>
               </TextLine>
               <TextLine ID="r2l38"
                         BASELINE="1581"
                         HEIGHT="59"
                         WIDTH="816"
                         VPOS="1522"
                         HPOS="119">
                  <String HEIGHT="59"
                          WIDTH="200"
                          VPOS="1522"
                          HPOS="104"
                          CONTENT="ingenito,"/>
                  <SP HEIGHT="59" WIDTH="15" VPOS="1522" HPOS="304"/>
                  <String HEIGHT="59"
                          WIDTH="200"
                          VPOS="1522"
                          HPOS="258"
                          CONTENT="progenies"/>
                  <SP HEIGHT="59" WIDTH="15" VPOS="1522" HPOS="458"/>
                  <String HEIGHT="59" WIDTH="77" VPOS="1522" HPOS="412" CONTENT="a"/>
                  <SP HEIGHT="59" WIDTH="15" VPOS="1522" HPOS="489"/>
                  <String HEIGHT="59"
                          WIDTH="185"
                          VPOS="1522"
                          HPOS="442"
                          CONTENT="parente,"/>
                  <SP HEIGHT="59" WIDTH="15" VPOS="1522" HPOS="627"/>
                  <String HEIGHT="59" WIDTH="77" VPOS="1522" HPOS="581" CONTENT="a"/>
                  <SP HEIGHT="59" WIDTH="15" VPOS="1522" HPOS="658"/>
                  <String HEIGHT="59"
                          WIDTH="123"
                          VPOS="1522"
                          HPOS="612"
                          CONTENT="unus"/>
                  <SP HEIGHT="59" WIDTH="15" VPOS="1522" HPOS="735"/>
                  <String HEIGHT="59" WIDTH="92" VPOS="1522" HPOS="689" CONTENT="ab"/>
                  <SP HEIGHT="59" WIDTH="15" VPOS="1522" HPOS="781"/>
                  <String HEIGHT="59"
                          WIDTH="123"
                          VPOS="1522"
                          HPOS="735"
                          CONTENT="vno:"/>
                  <SP HEIGHT="59" WIDTH="15" VPOS="1522" HPOS="858"/>
                  <String HEIGHT="59"
                          WIDTH="108"
                          VPOS="1522"
                          HPOS="812"
                          CONTENT="non"/>
                  <SP HEIGHT="59" WIDTH="15" VPOS="1522" HPOS="920"/>
                  <String HEIGHT="59"
                          WIDTH="77"
                          VPOS="1522"
                          HPOS="858"
                          CONTENT="na"
                          SUBS_TYPE="HypPart1"
                          SUBS_CONTENT="natura"/>
                  <HYP CONTENT="-"/>
               </TextLine>
               <TextLine ID="line_1612445655915_294"
                         BASELINE="1634"
                         HEIGHT="67"
                         WIDTH="821"
                         VPOS="1567"
                         HPOS="125">
                  <String HEIGHT="67"
                          WIDTH="131"
                          VPOS="1567"
                          HPOS="109"
                          CONTENT="tura"
                          SUBS_TYPE="HypPart2"
                          SUBS_CONTENT="natura"/>
                  <SP HEIGHT="67" WIDTH="16" VPOS="1567" HPOS="240"/>
                  <String HEIGHT="67"
                          WIDTH="197"
                          VPOS="1567"
                          HPOS="191"
                          CONTENT="Deitatis"/>
                  <SP HEIGHT="67" WIDTH="16" VPOS="1567" HPOS="388"/>
                  <String HEIGHT="67"
                          WIDTH="131"
                          VPOS="1567"
                          HPOS="338"
                          CONTENT="alia"/>
                  <SP HEIGHT="67" WIDTH="16" VPOS="1567" HPOS="470"/>
                  <String HEIGHT="67" WIDTH="82" VPOS="1567" HPOS="421" CONTENT="&amp;"/>
                  <SP HEIGHT="67" WIDTH="16" VPOS="1567" HPOS="503"/>
                  <String HEIGHT="67"
                          WIDTH="148"
                          VPOS="1567"
                          HPOS="453"
                          CONTENT="alia,"/>
                  <SP HEIGHT="67" WIDTH="16" VPOS="1567" HPOS="601"/>
                  <String HEIGHT="67"
                          WIDTH="131"
                          VPOS="1567"
                          HPOS="552"
                          CONTENT="quia"/>
                  <SP HEIGHT="67" WIDTH="16" VPOS="1567" HPOS="683"/>
                  <String HEIGHT="67"
                          WIDTH="131"
                          VPOS="1567"
                          HPOS="634"
                          CONTENT="ambo"/>
                  <SP HEIGHT="67" WIDTH="16" VPOS="1567" HPOS="765"/>
                  <String HEIGHT="67"
                          WIDTH="148"
                          VPOS="1567"
                          HPOS="716"
                          CONTENT="unum."/>
                  <SP HEIGHT="67" WIDTH="16" VPOS="1567" HPOS="864"/>
                  <String HEIGHT="67"
                          WIDTH="115"
                          VPOS="1567"
                          HPOS="815"
                          CONTENT="Hoc"/>
                  <SP HEIGHT="67" WIDTH="16" VPOS="1567" HPOS="930"/>
                  <String HEIGHT="67" WIDTH="82" VPOS="1567" HPOS="864" CONTENT="cre"/>
               </TextLine>
               <TextLine ID="r2l41"
                         BASELINE="1675"
                         HEIGHT="57"
                         WIDTH="817"
                         VPOS="1618"
                         HPOS="118">
                  <String HEIGHT="57"
                          WIDTH="136"
                          VPOS="1618"
                          HPOS="103"
                          CONTENT="dendo"/>
                  <SP HEIGHT="57" WIDTH="15" VPOS="1618" HPOS="239"/>
                  <String HEIGHT="57"
                          WIDTH="166"
                          VPOS="1618"
                          HPOS="194"
                          CONTENT="incipe,"/>
                  <SP HEIGHT="57" WIDTH="15" VPOS="1618" HPOS="360"/>
                  <String HEIGHT="57"
                          WIDTH="197"
                          VPOS="1618"
                          HPOS="315"
                          CONTENT="percurre,"/>
                  <SP HEIGHT="57" WIDTH="15" VPOS="1618" HPOS="511"/>
                  <String HEIGHT="57"
                          WIDTH="197"
                          VPOS="1618"
                          HPOS="466"
                          CONTENT="persiste:"/>
                  <SP HEIGHT="57" WIDTH="15" VPOS="1618" HPOS="663"/>
                  <String HEIGHT="57"
                          WIDTH="121"
                          VPOS="1618"
                          HPOS="617"
                          CONTENT="etsi"/>
                  <SP HEIGHT="57" WIDTH="15" VPOS="1618" HPOS="738"/>
                  <String HEIGHT="57"
                          WIDTH="106"
                          VPOS="1618"
                          HPOS="693"
                          CONTENT="non"/>
                  <SP HEIGHT="57" WIDTH="15" VPOS="1618" HPOS="799"/>
                  <String HEIGHT="57"
                          WIDTH="197"
                          VPOS="1618"
                          HPOS="738"
                          CONTENT="peruenturum"/>
               </TextLine>
               <TextLine ID="line_1612445644729_275"
                         BASELINE="1744"
                         HEIGHT="73"
                         WIDTH="833"
                         VPOS="1671"
                         HPOS="103">
                  <String HEIGHT="73"
                          WIDTH="181"
                          VPOS="1671"
                          HPOS="85"
                          CONTENT="sciam,"/>
                  <SP HEIGHT="73" WIDTH="18" VPOS="1671" HPOS="266"/>
                  <String HEIGHT="73"
                          WIDTH="163"
                          VPOS="1671"
                          HPOS="212"
                          CONTENT="tamen"/>
                  <SP HEIGHT="73" WIDTH="18" VPOS="1671" HPOS="375"/>
                  <String HEIGHT="73"
                          WIDTH="254"
                          VPOS="1671"
                          HPOS="320"
                          CONTENT="gratulabor"/>
                  <SP HEIGHT="73" WIDTH="18" VPOS="1671" HPOS="574"/>
                  <String HEIGHT="73"
                          WIDTH="290"
                          VPOS="1671"
                          HPOS="520"
                          CONTENT="profecturum."/>
                  <SP HEIGHT="73" WIDTH="18" VPOS="1671" HPOS="809"/>
                  <String HEIGHT="73"
                          WIDTH="127"
                          VPOS="1671"
                          HPOS="755"
                          CONTENT="Qui"/>
                  <SP HEIGHT="73" WIDTH="18" VPOS="1671" HPOS="882"/>
                  <String HEIGHT="73"
                          WIDTH="145"
                          VPOS="1671"
                          HPOS="827"
                          CONTENT="enim"/>
                  <SP HEIGHT="73" WIDTH="18" VPOS="1671" HPOS="972"/>
                  <String HEIGHT="73" WIDTH="36" VPOS="1671" HPOS="900" CONTENT=""/>
               </TextLine>
            </TextBlock>
         </PrintSpace>
      </Page>
   </Layout>
</alto>
