1244 2030
295 105 108 79 pie
356 105 185 79 infinita
495 105 247 79 prosequitur,
696 105 124 79 etsi
774 105 108 79 non
835 105 201 79 contingat
975 105 185 79 aliquando,

295 166 143 60 tamen
391 166 207 60 proficiet
550 166 223 60 prodeundo.
725 166 80 60 a
757 166 111 60 Sed
821 166 96 60 ne
868 166 96 60 te
916 166 175 60 inseras
1044 166 96 60 in
1075 166 80 60 il-

298 220 122 61 lud
367 220 209 61 secretum
524 220 87 61 &
559 220 191 61 arcanum
698 220 278 61 inopinabilis
906 220 244 61 natiuitatus,

293 274 105 56 ne
345 274 105 56 te
397 274 226 56 immergas,
571 274 174 56 summam
693 274 314 56 intelligentiae
937 274 209 56 comprehen-

300 326 122 55 dere
376 326 228 55 praesumens:
558 326 107 55 sed
619 326 198 55 intellige
772 326 335 55 incomprehensibilia
1045 326 107 55 esse.

301 365 128 58 His,
381 365 192 58 aliisque
525 365 160 58 multis
637 365 208 58 euidenter
796 365 224 58 ostenditur
972 365 144 58 nobis
1052 365 96 58 nul-

290 416 176 60 latenus
418 416 160 60 licere
529 416 223 60 maiestatem
705 416 255 60 perserutari,
913 416 112 60 ius
976 416 160 60 ponere
1072 416 80 60 po-

283 455 192 74 testati,
427 455 144 74 modum
523 455 288 74 circumscribere
748 455 176 74 infinito.

528 548 296 71 CAP.
676 548 148 71 IX

339 607 198 84 Quibus
478 607 336 84 autoritatibus
755 607 257 84 opinionem
953 607 178 84 suam,

424 672 216 63 scilicet
586 672 144 63 quod
676 672 252 63 proprietas
857 672 144 63 Patris

522 717 116 68 vel
589 717 149 68 Filij
688 717 116 68 non
754 717 116 68 sit
820 717 149 68 Deus.

575 767 224 58 muniant.

334 828 244 89 Veruntamen
525 828 174 89 nondum
647 828 226 89 desistunt
821 828 279 89 impatientiae
1030 828 105 89 Spi-

287 896 129 67 ritu
368 896 194 67 agitati,
513 896 113 67 sed
577 896 210 67 opinionem
739 896 129 67 suam
819 896 161 67 etians
932 896 194 67 Sactorum
1061 896 81 67 au-

295 951 253 49 toritatibus
497 951 169 49 munire
615 951 219 49 conantur:
784 951 169 49 quibus
902 951 219 49 ostendere
1054 951 84 49 vo-

294 994 135 67 lunt
379 994 271 67 proprietatem
599 994 118 67 qua
666 994 152 67 Pater
768 994 118 67 est
835 994 169 67 Pater,
954 994 85 67 &
971 994 169 67 proprie-

297 1047 151 57 tatem
398 1047 117 57 qua
465 1047 167 57 Filius
582 1047 117 57 est
649 1047 184 57 Filius,
783 1047 117 57 non
850 1047 134 57 esse
933 1047 151 57 Deum.
1034 1047 100 57 Ad
1067 1047 84 57 hoc

295 1086 246 56 inducentes
488 1086 158 56 verba
594 1086 140 56 Aug.
681 1086 158 56 super
787 1086 158 56 illum
892 1086 158 56 locum
997 1086 158 56 Psal.
1085 1086 70 56 et

291 1146 113 57 non
356 1146 113 57 est
420 1146 243 57 substantia,
614 1146 113 57 ita
679 1146 210 57 dicentis,
841 1146 129 57 Deus
922 1146 129 57 enim
1002 1146 178 57 quaedam

297 1183 217 57 substantia
468 1183 124 57 est.
546 1183 124 57 Vnde
623 1183 140 57 etiam
716 1183 93 57 in
763 1183 124 57 fide
841 1183 202 57 Catholica
996 1183 109 57 fic
1042 1183 109 57 aedi-

292 1244 211 47 ficamur,
450 1244 105 47 vt
503 1244 193 47 dicamus
643 1244 193 47 Patrem,
784 1244 88 47 &
819 1244 193 47 Filium,
959 1244 88 47 &
977 1244 175 47 Spiritum

285 1293 181 61 sanctum
416 1293 148 61 vnius
515 1293 132 61 esse
598 1293 264 61 substantiae.
812 1293 132 61 Quid
895 1293 115 61 est
961 1293 148 61 vnius
1043 1293 99 61 sub-

284 1343 216 54 stantiae:
450 1343 199 54 Quicquid
600 1343 116 54 est
666 1343 149 54 Pater
765 1343 133 54 quod
848 1343 133 54 Deus
931 1343 133 54 est,
1014 1343 116 54 hoc
1064 1343 83 54 est

288 1382 186 58 Filius,
423 1382 118 58 hoc
491 1382 118 58 est
559 1382 203 58 Spiritus
711 1382 203 58 sanctus.
863 1382 118 58 Cum
931 1382 152 58 autem
1016 1382 118 58 Pater

287 1430 124 63 est,
365 1430 109 63 non
427 1430 140 63 illud
521 1430 109 63 est
583 1430 124 63 quod
660 1430 109 63 vel
723 1430 109 63 quo
785 1430 124 63 est.
862 1430 140 63 Pater
956 1430 124 63 enim
1033 1430 109 63 non
1080 1430 62 63 ad

285 1480 119 60 se,
353 1480 119 60 sed
421 1480 102 60 ad
472 1480 170 60 Filium
591 1480 204 60 dicitur:
745 1480 102 60 ad
796 1480 102 60 se
847 1480 153 60 autem
949 1480 136 60 Deus
1017 1480 119 60 dici-

288 1536 125 60 tur.
366 1536 94 60 Eo
413 1536 156 60 igitur
522 1536 125 60 quod
600 1536 109 60 vel
663 1536 109 60 quo
725 1536 125 60 Deus
803 1536 125 60 est,
881 1536 218 60 substantia
1037 1536 94 60 est.

290 1574 97 64 Et
338 1574 129 64 quia
419 1574 177 64 eiusdem
547 1574 241 64 substantiae
741 1574 113 64 est
805 1574 177 64 Filius,
934 1574 161 64 procul
1030 1574 113 64 dubio

289 1628 172 61 Filius
409 1628 121 61 est
478 1628 155 61 Deus.
582 1628 103 61 At
634 1628 138 61 uero
720 1628 138 61 quod
806 1628 155 61 Pater
910 1628 138 61 est,
996 1628 138 61 quia
1065 1628 86 61 non

295 1668 225 62 substantiae
475 1668 120 62 est:
550 1668 105 62 sed
610 1668 180 62 refertur
746 1668 90 62 ad
791 1668 165 62 Filium,
911 1668 105 62 non
971 1668 105 62 sic
1016 1668 135 62 dicimus

285 1726 188 77 Filium
417 1726 188 77 Patrem
548 1726 169 77 esse,
661 1726 169 77 sicut
774 1726 207 77 dicimus
924 1726 188 77 Filium
1037 1726 113 77 Deum
