1247 2036
284 124 210 64 AD
389 124 280 64 CAP.
529 124 175 64 III

176 180 158 65 Habet
282 180 140 65 ergo
369 180 123 65 hic
440 180 246 65 natiuitas.
633 180 105 65 Si
685 180 175 65 vsquam
791 180 140 65 alibi,

59 232 178 46 certe
178 232 139 46 hic
257 232 159 46 suam
356 232 317 46 ignorantiam,
614 232 99 46 &
654 232 238 46 audaciam
812 232 119 46 pro-

66 275 139 61 dit
146 275 278 61 Lombardus:
364 275 258 61 audaciam,
563 275 139 61 qui
642 275 139 61 sic
702 275 238 61 pulcherri-

60 323 149 50 mum
145 323 235 50 Hilarij
316 323 192 50 locum
444 323 107 50 a
486 323 149 50 suo
571 323 299 50 germanoque
785 323 149 50 sensu

64 373 295 54 detorqueat:
301 373 315 54 ignorantiam,
557 373 138 54 qui
636 373 158 54 quae
714 373 217 54 facillima

67 418 158 47 sunt,
173 418 123 47 non
243 418 211 47 potuerit
401 418 211 47 assequi.
559 418 123 47 Est
629 418 158 47 autem
735 418 105 47 vt
788 418 105 47 ex
823 418 105 47 ver-

65 465 123 51 bis
136 465 158 51 ipsis
241 465 210 51 apparet,
398 465 88 51 &
433 465 245 51 praesertim
626 465 105 51 ex
678 465 158 51 voce,
766 465 175 51 Ergocpro

68 512 132 62 qua
143 512 169 62 tamen
256 512 226 62 Hilarius
426 512 169 62 habet
539 512 207 62 Igitur)
689 512 169 62 locus
802 512 132 62 hic
859 512 75 62 a-

68 560 131 65 pud
143 560 225 65 Hilarium
312 560 262 65 conclusio.
517 560 150 65 Quae
611 560 94 65 e
648 560 131 65 nim
723 560 150 65 fuse
798 560 131 65 supe-

68 608 154 66 rius
164 608 289 66 tradiderat,
395 608 251 66 compendio
588 608 251 66 orationis
762 608 173 66 compri-

70 671 151 42 mit,
165 671 113 42 ac
221 671 246 42 colligit.
410 671 265 42 Disputabat
618 671 170 42 autem
732 671 132 42 tum
789 671 132 42 aduer

75 710 125 55 sus
147 710 286 55 Sabellianos,
379 710 125 55 tum
450 710 161 55 etiam
558 710 214 55 Arianos,
719 710 179 55 quorum
826 710 107 55 illi

79 764 226 48 personam
249 764 188 48 Patris
381 764 132 48 cum
456 764 170 48 Filio
569 764 283 48 confundunt:
795 764 113 48 hi
833 764 94 48 Fi-

82 811 127 47 lio
154 811 235 47 deitatem,
335 811 145 47 quam
426 811 163 47 saepe
535 811 109 47 se
589 811 163 47 Patre
698 811 199 47 minorem
824 811 109 47 con-

81 859 227 59 stituit,
251 859 227 59 adimunt.
422 859 227 59 Aduersus
592 859 227 59 vtrosque
744 859 189 59 argumen-

81 900 151 67 tatur
182 900 202 67 Hilarius
333 900 101 67 ex
384 900 185 67 propria
519 900 252 67 natiuitatis
720 900 151 67 lege,
804 900 135 67 defini

94 950 173 57 tione,
215 950 104 57 ac
266 950 121 57 vi,
336 950 121 57 cum
405 950 242 57 Sabelliani
595 950 190 57 quidem,
733 950 155 57 Filij
819 950 121 57 vocem

85 998 299 47 admitterent,
328 998 280 47 natiuitatem
553 998 168 47 autem
665 998 224 47 aeternam
833 998 112 47 ex
870 998 75 47 Pa

89 1042 126 53 tre
161 1042 180 53 nullam
287 1042 144 53 esse
377 1042 288 53 concederent,
611 1042 126 53 sed
683 1042 180 53 tantum
791 1042 144 53 Filium

86 1094 156 47 dici,
190 1094 139 47 quod
276 1094 104 47 ex
328 1094 156 47 Maria
432 1094 156 47 natus
536 1094 156 47 esset
640 1094 104 47 ea
692 1094 208 47 Persona,
830 1094 104 47 quae

82 1140 154 62 Pater
185 1140 137 62 est.
270 1140 171 62 Ariani
390 1140 137 62 vero
476 1140 257 62 natiuitatem
681 1140 154 62 Filij
784 1140 103 62 ex
818 1140 120 62 Patre

78 1185 127 56 non
151 1185 236 56 negarent,
332 1185 127 56 sed
405 1185 182 56 Filium
532 1185 236 56 propterea
714 1185 200 56 δμοξσὸν
841 1185 91 56 Pa-

79 1235 122 55 tri
148 1235 140 55 esse
236 1235 210 55 nollent.
393 1235 122 55 Sic
463 1235 175 55 igitur
585 1235 140 55 agnt
672 1235 227 55 Hilarius.
829 1235 105 55 Hunc

76 1284 183 58 autem
198 1284 183 58 locum
320 1284 203 58 raptim
462 1284 244 58 duntaxat
645 1284 285 58 describam,
849 1284 81 58 ne

82 1335 124 53 sim
153 1335 142 53 vlli
242 1335 142 53 ista
331 1335 195 53 legenti
473 1335 231 53 molestus.
651 1335 124 53 Non
704 1335 231 53 confunditur

80 1387 163 59 itaque
194 1387 114 59 aut
259 1387 196 59 aboletur
406 1387 180 59 naturas
537 1387 98 59 id
586 1387 131 59 est,
668 1387 196 59 Persona)
815 1387 98 59 ne
847 1387 82 59 sit

79 1422 182 56 Filius:
212 1422 116 56 nec
278 1422 149 56 tamen
377 1422 165 56 rursum
493 1422 198 56 adimitur
641 1422 165 56 natura
741 1422 198 56 (essentia)

71 1479 102 63 ne
122 1479 135 63 Deus
206 1479 135 63 sit.
291 1479 118 63 Nec
359 1479 271 63 discernuntur
579 1479 271 63 diuersitate,
799 1479 102 63 ne
832 1479 102 63 unum

85 1527 139 62 sint,
177 1527 139 62 neque
269 1527 123 62 quod
346 1527 123 62 vnum
423 1527 139 62 sunt,
515 1527 92 62 id
562 1527 154 62 potest
669 1527 215 62 praestare,
839 1527 92 62 ne
869 1527 62 62 v-

80 1577 165 57 terque
195 1577 132 57 sit.
277 1577 99 57 Et
327 1577 165 57 primum
442 1577 165 57 Filium
557 1577 214 57 cognosce,
722 1577 115 57 cum
771 1577 165 57 dicitur.

68 1626 206 58 NON
185 1626 294 58 POTEST
391 1626 294 58 EILIVS
597 1626 206 58 ASE
715 1626 206 58 FAC
803 1626 118 58 E-

80 1671 112 51 RE,
144 1671 112 51 &c.
208 1671 144 51 Habes
304 1671 240 51 natiuitatem
496 1671 144 51 Filij
591 1671 128 51 quae
671 1671 96 51 ab
719 1671 96 51 se
767 1671 144 51 nihil
847 1671 80 51 po-

74 1718 127 66 test
154 1718 175 66 facere,
281 1718 127 66 nisi
360 1718 175 66 videat.
487 1718 95 66 Ab
535 1718 95 66 se
582 1718 127 66 enim
662 1718 111 66 non
725 1718 159 66 potest
821 1718 111 66 posse
