1237 2028
298 107 88 64 &
333 107 193 64 Filium,
473 107 123 64 &c.
543 107 123 64 cum
613 107 175 64 contra
735 107 158 64 siteκ
840 107 123 64 τῶν
910 107 193 64 τρύοτι,
1050 107 88 64 &
1068 107 88 64 in-

299 157 111 58 fra
362 157 126 58 cap.
441 157 95 58 9.
489 157 95 58 ex
536 157 174 58 August.
663 157 126 58 ipse
742 157 190 58 afferat,
884 157 142 58 Pater
979 157 111 58 non
1042 157 95 58 ad
1074 157 79 58 se,

294 203 129 66 sed
367 203 110 66 ad
422 203 184 66 Filium
551 203 221 66 dicitur.
717 203 147 66 Ergo
809 203 166 66 Pater
919 203 92 66 &
956 203 184 66 Filius
1066 203 92 66 non

301 259 232 53 absolute,
479 259 125 53 sed
551 259 107 53 ex
604 259 232 53 relatione
783 259 321 53 intelliguuntur
1050 259 107 53 ac
1086 259 71 53 di

300 304 190 61 cuntur.
438 304 173 61 Saltem
559 304 173 61 igitur
679 304 190 61 barbare
817 304 155 61 iste,
921 304 86 61 &
938 304 207 61 periculose

300 355 253 69 lntelligere
503 355 118 69 pro
570 355 186 69 Credere
705 355 118 69 hic
756 355 152 69 posuit.

413 389 129 71 Est
486 389 185 71 Filius
616 389 92 71 a
653 389 185 71 Patre.
782 389 259 71 Commutatum
986 389 129 71 hoc
1041 389 111 71 est,

292 456 116 57 Sic
359 456 132 57 enim
441 456 149 57 habet
541 456 215 57 Hilarius,
706 456 116 57 Est
773 456 166 57 Filius
889 456 99 57 ab
938 456 116 57 eo,
1005 456 116 57 qui
1054 456 83 57 Pa-

297 504 111 62 ter
360 504 127 62 est:
440 504 222 62 vnicenitus
614 504 95 62 ab
661 504 206 62 ingenito,
819 504 111 62 &c.
883 504 95 62 Ex
930 504 111 62 quo
994 504 127 62 ipso
1057 504 79 62 sa-

292 550 118 62 tis
359 550 168 62 istius
477 550 202 62 superior
628 550 218 62 sententia
796 550 235 62 refutatur,
981 550 118 62 vbi
1031 550 118 62 dixit

286 598 188 53 Patrem
418 598 132 53 vel
493 598 188 53 Filium
625 598 226 53 absolute
776 598 301 53 intelligendum:

395 639 146 71 Vnum
486 639 109 71 ad
541 639 146 71 vno.
632 639 219 71 Hilarius
796 639 182 71 habet,
923 639 164 71 Viuus
1033 639 91 71 a
1051 639 73 71 vi

285 693 118 67 no,
353 693 101 67 Vt
403 693 135 67 enim
487 693 152 67 Pater
588 693 152 67 vitam
689 693 101 67 in
740 693 236 67 semetipso,
925 693 118 67 ita
992 693 84 67 &
1009 693 118 67 Filio

289 744 131 53 data
371 744 115 53 est
436 744 131 53 vita
518 744 98 53 in
568 744 230 53 semeripso.
748 744 131 53 Etsi
830 744 131 53 enim
912 744 148 53 habet
994 744 115 53 Hila-

286 801 134 54 rius
370 801 134 54 post
454 801 134 54 haec
538 801 168 54 verba,
656 801 134 54 Vnus
740 801 101 54 ab
790 801 134 54 vno,
874 801 151 54 tamen
975 801 84 54 &
992 801 134 54 multis

289 842 267 59 interiectis
503 842 178 59 habet,
628 842 89 59 &
664 842 107 59 ad
717 842 160 59 aliam
824 842 285 59 quaestionem.
1038 842 89 59 Sic

276 900 152 52 enim
371 900 228 52 Hilarius
542 900 190 52 multis
675 900 247 52 insertis,
864 900 171 52 Alius
978 900 114 52 ab
1016 900 114 52 alio

278 947 134 52 quia
362 947 150 52 Pater
462 947 84 52 &
496 947 184 52 Filius,
629 947 117 52 non
696 947 167 52 natura
813 947 251 52 diuinitatis
1014 947 134 52 alia
1081 947 50 52 &

281 983 154 54 alia,
384 983 137 54 quia
469 983 137 54 ambo
555 983 154 54 vnum:
658 983 137 54 Deus
743 983 86 54 a
777 983 137 54 Deo:
863 983 103 54 ab
914 983 120 54 vno
966 983 171 54 inoenito

280 1032 126 61 Deo
352 1032 143 61 unus
441 1032 251 61 vnigenitus
639 1032 161 61 Deus.
746 1032 126 61 Non
818 1032 126 61 dij
890 1032 143 61 duo:
980 1032 126 61 sea
1033 1032 108 61 unus

274 1091 108 58 ab
328 1091 143 58 vno,
418 1091 126 58 &c.
489 1091 108 58 Ex
543 1091 126 58 quo
615 1091 143 58 ipso
705 1091 197 58 apparet
848 1091 126 58 hic
920 1091 179 58 multum
1027 1091 108 58 per-

278 1129 209 64 turbatam
434 1129 174 64 fuisse
556 1129 296 64 collocationis
800 1129 192 64 seriem,
939 1129 122 64 vti
1009 1129 105 64 in
1044 1129 87 64 his

285 1184 183 51 verbis,
418 1184 183 51 Incipe,
551 1184 216 51 percurre,
717 1184 116 51 &c.
783 1184 116 51 Qui
850 1184 133 51 enim
933 1184 133 51 pie,
1016 1184 116 51 &c.
1066 1184 66 51 Et

278 1230 152 68 ista
373 1230 248 68 superiora
564 1230 152 68 apud
659 1230 229 68 Hilarium
830 1230 286 68 praecedunt,
1040 1230 95 68 hic

270 1273 167 67 autem
381 1273 259 67 sequuntur,
584 1273 93 67 &
621 1273 148 67 haec
695 1273 222 67 sententia.

307 1323 89 62 A
343 1323 125 62 Sed
414 1323 107 62 ne
468 1323 107 62 te
521 1323 214 62 inseras.
682 1323 125 62 Est
753 1323 178 62 oratio
878 1323 232 62 comutata.
1039 1323 89 62 Ha-

268 1376 116 52 bet
335 1376 133 52 enim
418 1376 216 52 Hilarius,
584 1376 116 52 sed
650 1376 116 52 per
716 1376 199 52 ironiam,
866 1376 100 52 Et
915 1376 166 52 insere
1031 1376 100 52 te
1065 1376 66 52 in

276 1423 120 65 hoc
345 1423 223 65 secretum,
516 1423 120 65 &c.
585 1423 155 65 atque
688 1423 155 65 etiam
791 1423 240 65 praecedunt
980 1423 137 65 apud
1048 1423 69 65 Hi

266 1472 165 59 larium
381 1472 132 59 ista
463 1472 165 59 verba,
578 1472 181 59 Incipe,
710 1472 214 59 percurre,
875 1472 132 59 etsi
957 1472 148 59 tamen
1040 1472 82 59 hic

261 1525 293 51 sequuntur.
492 1525 189 51 Multa
617 1525 189 51 etiam
743 1525 147 51 hic
827 1525 251 51 detraxit
1015 1525 168 51 idem

238 1564 294 65 Lombardus.

571 1631 209 80 Censura.

293 1685 145 97 Pene
383 1685 145 97 sunt
474 1685 235 97 infinita,
654 1685 145 97 quae
745 1685 126 97 hic
817 1685 181 97 quoque
925 1685 217 97 desiderio,
