1246 2035
75 96 214 69 veritatis
239 96 279 69 cocluderetur.
469 96 181 69 Habitat
601 96 132 69 enim
683 96 99 69 in
732 96 148 69 nobis
814 96 99 69 Chri

60 150 158 61 stus,
166 150 123 61 quo
236 150 228 61 habitante
412 150 193 61 habitat
552 150 141 61 Deus
640 150 88 61 :
675 150 88 61 &
710 150 123 61 cum
763 150 158 61 habitat

68 202 101 57 in
119 202 151 57 nobis
219 202 202 57 Spiritus
371 202 202 57 Christi,
522 202 118 57 non
589 202 151 57 aliud
690 202 185 57 habitat
824 202 134 57 quam

73 246 207 69 Spiritus
228 246 138 69 Dei.
315 246 138 69 Quod
401 246 104 69 si
453 246 121 69 per
522 246 207 69 Spiritum
677 246 190 69 sanctum
798 246 121 69 Chri-

100 313 90 47 is
145 313 90 47 in
190 313 135 47 nobis
279 313 239 47 intelligitur
474 313 135 47 esse,
563 313 120 47 hunc
638 313 135 47 tamen
728 313 105 47 ita
773 313 149 47 Spiritum

103 361 127 50 lei,
183 361 95 50 ut
230 361 191 50 Spiritum
373 361 191 50 Christi,
516 361 127 50 esse
595 361 206 50 noscendum
754 361 127 50 est:
834 361 79 50 &
850 361 79 50 cum

116 397 206 50 enaturam
270 397 120 50 Dei
339 397 172 50 natura
459 397 137 50 ipsa
545 397 189 50 habitat
683 397 103 50 in
734 397 172 50 nobis,
837 397 86 50 in-

119 443 143 64 erens
215 443 159 64 natura
326 443 143 64 Filij
422 443 191 64 creditur
565 443 128 64 esse
645 443 80 64 a
677 443 159 64 Patre,
789 443 112 64 cum
836 443 96 64 Spi-

65 495 138 53 ritus
157 495 185 53 sanctus,
295 495 108 53 qui
357 495 108 53 est
418 495 185 53 Spiritus
557 495 169 53 Christi
680 495 77 53 &
711 495 185 53 Spiritus
834 495 92 53 Dei,

67 555 121 42 res
136 555 190 42 naturae
274 555 276 42 demonstretur
497 555 172 42 vnius.
618 555 172 42 Quaero
739 555 138 42 nunc
808 555 103 42 ergo

65 589 202 71 quomodo
212 589 129 71 non
285 589 110 71 ex
341 589 184 71 natura
469 589 147 71 vnum
561 589 166 71 sunt:
672 589 92 71 A
709 589 166 71 Patre
801 589 110 71 pro-

71 645 142 47 cedit
166 645 189 47 Spiritus
308 645 221 47 veritatis,
481 645 79 47 a
512 645 142 47 Filio
607 645 205 47 mittitur,
764 645 79 47 &
796 645 79 47 a
812 645 110 47 Filio

76 703 192 45 accipit.
220 703 112 45 Sed
284 703 144 45 omnia
380 703 128 45 quae
460 703 144 45 habet
555 703 160 45 Pater,
667 703 144 45 Filij
763 703 144 45 sunt.
843 703 80 45 Id-

81 734 140 60 circo
175 734 109 60 qui
237 734 94 60 ab
284 734 94 60 eo
331 734 187 60 accipit,
471 734 109 60 Dei
533 734 187 60 Spiritus
674 734 125 60 est,
752 734 78 60 &
783 734 125 60 idem
845 734 78 60 Sp.

82 794 170 57 Christi
205 794 124 57 est.
282 794 108 57 Res
344 794 170 57 naturae
468 794 139 57 Filij
561 794 124 57 est,
638 794 108 57 sed
700 794 77 57 &
731 794 139 57 eadem
823 794 108 57 res
870 794 46 57 &

73 846 180 51 naturae
204 846 164 51 Patris
318 846 131 51 est,
400 846 82 51 &
433 846 115 51 Dei
498 846 213 51 excitatis
662 846 196 51 Christum
809 846 82 51 a
825 846 82 51 mor

85 880 117 57 tuis
159 880 176 57 Spiritus
291 880 117 57 est:
364 880 73 57 &
393 880 103 57 ide
452 880 191 57 Spiritus,
598 880 161 57 Christi
716 880 103 57 est
774 880 73 57 a
789 880 132 57 mortuis

84 937 204 46 excitati.
241 937 94 46 In
289 937 157 46 aliquo
399 937 173 46 differt
524 937 173 46 Christi
650 937 79 46 &
681 937 110 46 Dei
744 937 173 46 natura,
854 937 63 46 ne

82 989 115 49 eade
153 989 115 49 sit,
225 989 86 49 si
268 989 186 49 praestari
412 989 143 49 potest
512 989 86 49 vt
555 989 172 49 Spiritus
684 989 100 49 qui
742 989 100 49 Dei
799 989 115 49 est,
856 989 72 49 non

76 1035 112 58 sit
140 1035 144 58 etiam
236 1035 192 58 Christi.
380 1035 112 58 Est
444 1035 128 58 ergo
525 1035 96 58 in
573 1035 144 58 nobis
669 1035 192 58 Spiritus
813 1035 128 58 Dei,
877 1035 48 58 &

72 1083 111 54 est
136 1083 95 54 in
183 1083 143 54 nobis
278 1083 190 54 Spiritus
421 1083 190 54 Christi:
564 1083 79 54 &
596 1083 111 54 cum
659 1083 190 54 Spiritus
786 1083 143 54 Christi

70 1125 168 61 inest,
188 1125 151 61 inest
288 1125 201 61 Spiritus
439 1125 134 61 Dei.
523 1125 117 61 Ita
590 1125 117 61 cum
658 1125 134 61 quod
741 1125 117 61 Dei
809 1125 134 61 est,
876 1125 50 61 &

74 1172 159 72 Christi
189 1172 116 72 est,
261 1172 87 72 &,
305 1172 116 72 quod
377 1172 159 72 Christi
493 1172 116 72 est,
565 1172 101 72 Dei
623 1172 116 72 est:
695 1172 101 72 non
753 1172 144 72 potest
839 1172 87 72 quid

67 1236 153 48 aliud
169 1236 204 48 diuersum
323 1236 204 48 Christus
476 1236 153 48 esse,
578 1236 136 48 quam
663 1236 136 48 Deus
749 1236 136 48 est.
834 1236 136 48 Deus

71 1272 165 61 igitur
186 1272 198 61 Christus
334 1272 115 61 est
400 1272 132 61 vnus
482 1272 115 61 cum
548 1272 115 61 Deo
614 1272 214 61 Spiritus,
762 1272 165 61 secundum

66 1330 178 49 illud,
191 1330 124 49 Ego
262 1330 89 49 &
297 1330 160 49 Pater
404 1330 142 49 vnum
493 1330 178 49 sumus.
617 1330 107 49 In
670 1330 124 49 quo
741 1330 160 49 docet
830 1330 89 49 ve-

72 1383 145 56 ritas
168 1383 193 56 vnitatem
313 1383 128 56 esse
393 1383 177 56 nature,
522 1383 112 56 non
586 1383 241 56 solitudinem
762 1383 161 56 vnionis.

68 1422 125 57 Ecce
147 1422 94 57 si
194 1422 125 57 haec
272 1422 141 57 verba
366 1422 220 57 diligenter
539 1422 204 57 attendas,
696 1422 173 57 inuenis
806 1422 125 57 Spiri-

75 1473 115 70 tum
140 1473 180 70 sanctum
271 1473 115 70 rem
337 1473 180 70 naturae
468 1473 131 70 dici
550 1473 164 70 Patris
665 1473 82 70 &
698 1473 164 70 Filij:
812 1473 82 70 &
829 1473 98 70 eun-

76 1518 115 55 dem
141 1518 131 55 dici
223 1518 131 55 esse
305 1518 180 55 naturam
436 1518 131 55 Dei,
518 1518 115 55 vbi
584 1518 180 55 dicitur
715 1518 115 55 per
780 1518 180 55 naturam

81 1562 109 59 Dei
144 1562 155 59 natura
252 1562 124 59 ipsa
330 1562 171 59 habitat
454 1562 93 59 in
500 1562 155 59 nobis,
609 1562 93 59 si
656 1562 109 59 per
718 1562 186 59 Spiritum
842 1562 93 59 san-

73 1624 133 48 ctum
157 1624 200 48 Christus
306 1624 117 48 est
373 1624 100 48 in
423 1624 166 48 nobis.
539 1624 166 48 Itaque
656 1624 100 48 in
706 1624 216 48 Trinitate
856 1624 83 48 non

75 1670 115 59 ita
140 1670 279 59 distinguendum
370 1670 115 59 est
436 1670 148 59 inter
534 1670 197 59 naturam,
682 1670 82 59 &
715 1670 115 59 rem
764 1670 164 59 naturae.

76 1720 139 67 sicut
168 1720 93 67 in
215 1720 139 67 rebus
308 1720 186 67 creatis:
447 1720 139 67 quia,
540 1720 155 67 vt:ait
648 1720 155 67 Hilar.
741 1720 186 67 comparatio
