1242 2034
69 115 153 70 Pater
171 115 102 70 ad
222 115 102 70 se
273 115 136 70 Deus
358 115 204 70 dicitur,
511 115 102 70 ad
561 115 170 70 Filium
680 115 153 70 Pater
765 115 170 70 dicitur.

64 171 151 56 iste
159 171 208 56 addidit
310 171 170 56 Deus,
424 171 133 56 vti
500 171 114 56 ex
556 171 208 56 omnibus
708 171 227 56 Lombardi
859 171 76 56 e-

63 218 306 76 xemplaribus
287 218 204 76 apparet.

240 302 241 81 AD
360 302 322 81 CAP.
521 302 161 81 IX

191 367 274 81 Constantino.
414 367 120 81 Sic
482 367 171 81 habent
602 367 86 81 &
637 367 189 81 veteres
774 367 86 81 &
791 367 137 81 recen-

70 441 210 53 tiores
217 441 189 53 omnes
343 441 252 53 Lombardi
532 441 252 53 Codices,
721 441 189 53 etiam
826 441 105 53 qui

75 495 233 44 censentur
254 495 323 44 emendatissimi,
523 495 287 44 Constantino,
757 495 161 44 magno
846 495 72 44 er

62 538 171 45 rore,
176 538 95 45 &
214 538 133 45 cum
290 538 209 45 insigni
441 538 114 45 in
498 538 209 45 optimos
650 538 246 45 principes
820 538 114 45 Con-

68 583 267 54 stantinos,
278 583 191 54 Patrem
411 583 95 54 &
449 583 191 54 Filium
583 583 229 54 iniuria.
754 583 153 54 Ergo
831 583 95 54 re-

67 630 251 61 stituendum
265 630 126 61 est
336 630 251 61 Constantio
534 630 233 61 haeretico
696 630 233 61 imperatore.

69 676 328 61 Constantinus
335 676 164 61 enim
437 676 266 61 imperator
642 676 164 61 fuit
724 676 205 61 Orthodo-

71 730 146 48 xus,
162 730 91 48 &
199 730 201 48 Nicenae
345 730 164 48 fidei
454 730 219 48 defensor
619 730 256 48 acerrimus,
819 730 110 48 vt
856 730 73 48 ex

73 778 142 63 tota
162 778 213 63 historia
322 778 302 63 Ecclesiastica
571 778 213 63 apparet.
731 778 160 63 Pater
820 778 107 63 Con-

74 819 242 69 stantinus
260 819 297 69 Constantinum
502 819 186 69 filium
632 819 204 69 habuit,
780 819 93 69 &
799 819 130 69 ipsum

82 869 195 63 quoque
218 869 195 63 Niceni
354 869 234 63 concilij
529 869 253 63 patronum,
724 869 175 63 etiam
822 869 97 63 pa-

84 927 133 49 tre
160 927 209 49 mortuo.
312 927 133 49 Sed
388 927 285 49 Constantius
615 927 285 49 Constantini
824 927 95 49 il-

80 963 142 66 lius
169 963 196 66 maioris
312 963 89 66 &
347 963 160 66 primi
454 963 196 66 filius,
597 963 89 66 &
632 963 267 66 Constantini
828 963 89 66 se-

80 1021 176 53 cundi,
204 1021 106 53 ac
256 1021 246 53 Constantis
450 1021 194 53 frater,
591 1021 141 53 fuit
679 1021 246 53 haereticus
872 1021 88 53 &

76 1067 114 60 ab
133 1067 209 60 Arianis
285 1067 247 60 seductus,
475 1067 228 60 aduersus
645 1067 152 60 quem
740 1067 171 60 etiam
835 1067 95 60 Hi-

60 1106 170 60 larius
179 1106 170 60 noster
298 1106 119 60 pro
366 1106 153 60 verae
468 1106 153 60 fidei
569 1106 238 60 defensione
739 1106 187 60 scripsit.

70 1168 110 62 vt
125 1168 110 62 ex
180 1168 183 62 ipsius
308 1168 238 62 opusculis
491 1168 220 62 apparet.
656 1168 147 62 Vide
748 1168 220 62 Socratem

71 1204 125 84 lib.
150 1204 94 84 2.
196 1204 203 84 Historiae
353 1204 234 84 Ecclesiast.
540 1204 125 84 cap.
603 1204 78 84 34-

245 1285 208 98 Censura
396 1285 114 98 ad
434 1285 284 98 Distinctionem

265 1359 343 74 XXXIIII

117 1429 164 61 Habet
226 1429 91 61 &
263 1429 146 61 haec
354 1429 182 61 quoque
481 1429 255 61 Distinctio
682 1429 164 61 multa
773 1429 146 61 vitia.

66 1473 204 50 Primum
209 1473 184 50 enim,
331 1473 286 50 inseruntur
556 1473 225 50 quaedam
720 1473 225 50 prorsus
863 1473 61 50 a

68 1524 183 57 scopo,
196 1524 91 57 &
232 1524 219 57 suscepto
397 1524 238 57 argumento
580 1524 201 57 aliena,
726 1524 183 57 veluti
836 1524 91 57 ca-

67 1565 146 74 pite
158 1565 109 74 &.
212 1565 255 74 disputatio
413 1565 109 74 de
467 1565 164 74 Summo
576 1565 164 74 bono,
685 1565 127 74 cum
758 1565 127 74 hoc
813 1565 109 74 vnum

70 1617 190 71 agatur,
208 1617 156 71 Vtrum
312 1617 190 71 Persona
450 1617 86 71 &
485 1617 208 71 essentia
640 1617 104 71 in
692 1617 190 71 diuinis
813 1617 104 71 sint

61 1683 208 50 reipsa
207 1683 187 50 idem,
332 1683 312 50 quemadmodum
581 1683 270 50 testantur
768 1683 146 50 omnes

63 1716 161 73 huius
171 1716 143 73 loci
242 1716 251 73 interpretes.
