1238 2026
273 80 177 70 faceret
402 80 129 70 quae
482 80 129 70 sibi
563 80 129 70 nota
644 80 113 70 non
708 80 161 70 erant:
821 80 113 70 non
885 80 129 70 enim
966 80 193 70 quicquam

280 139 142 57 fecit
375 139 205 57 ignorans.
532 139 126 57 Nota
611 139 126 57 ergo
690 139 158 57 fecit,
800 139 110 57 non
863 139 142 57 facta
942 139 173 57 cognouit.

272 198 196 42 Proinde
415 198 214 42 antequam
575 198 214 42 fierent,
735 198 89 42 &
771 198 178 42 erant,
895 198 89 42 &
931 198 125 42 non
985 198 142 42 erant.

270 236 147 64 Erant
368 236 98 64 in
417 236 114 64 Dei
482 236 212 64 scientia,
645 236 114 64 non
711 236 147 64 erant
808 236 98 64 in
857 236 114 64 sui
923 236 180 64 natura.
1037 236 98 64 Ipsi

300 292 155 58 autem
403 292 121 58 Deo
472 292 121 58 non
541 292 155 58 audeo
644 292 172 58 dicere
765 292 138 58 alio
851 292 138 58 modo
920 292 207 58 innotuisse

296 343 113 53 cum
360 343 97 53 ea
409 343 210 53 fecisset,
570 343 129 53 quam
651 343 129 53 illo
731 343 113 53 quo
796 343 97 53 ea
844 343 177 53 nouerat
973 343 97 53 vt
1005 343 113 53 face-

273 386 128 48 ret:
353 386 128 48 apud
433 386 128 48 quem
513 386 112 48 non
577 386 112 48 est
641 386 288 48 transimutatio,
882 386 112 48 nec
930 386 192 48 vicissitu-

279 430 149 62 dinis
379 430 248 62 obumbratio.
577 430 132 62 Ecce
659 430 116 62 hic
726 430 149 62 habes
825 430 132 62 quod
907 430 132 62 haec
973 430 149 62 visibi-

276 486 115 46 lia
341 486 197 46 antequam
489 486 197 46 fierent,
636 486 98 46 in
685 486 115 46 Dei
751 486 197 46 scientia
899 486 164 46 erant.
1013 486 98 46 Ex
1046 486 82 46 hoc

280 536 134 60 ergo
364 536 150 60 sensu
464 536 150 60 omnia
565 536 201 60 dicuntur
715 536 134 60 esse
799 536 100 60 in
849 536 134 60 Deo,
932 536 84 60 &
966 536 134 60 omne
1033 536 100 60 quod

280 575 146 58 factum
382 575 102 58 est
441 575 160 58 dicitur
557 575 117 58 vita
630 575 117 58 esse
703 575 87 58 in
747 575 131 58 ipso:
834 575 102 58 non
893 575 117 58 ideo
966 575 117 58 quod
1024 575 102 58 crea-

269 625 118 64 tura
343 625 104 64 sit
402 625 177 64 creator,
535 625 104 64 vel
595 625 133 64 quiam
683 625 118 64 ista
757 625 207 64 temporalia
905 625 222 64 essentialiter

276 673 119 80 sint
351 673 89 80 in
395 673 119 80 Deo:
470 673 104 80 sed
529 673 119 80 quia
604 673 89 80 in
648 673 119 80 eius
723 673 179 80 scientia
857 673 149 80 semper
961 673 134 80 sunt,
1036 673 89 80 quae

276 722 119 79 vita
336 722 89 79 est.

508 753 291 76 CAP.
653 753 146 76 VI

350 812 164 79 Quod
452 812 184 79 eadem
575 812 225 79 ratione
738 812 245 79 dicuntur
902 812 143 79 omnia

557 868 96 69 ei
589 868 207 69 praesentia.

317 897 205 93 INDEest
466 897 168 93 etiam
578 897 149 93 quod
672 897 168 93 omnia
783 897 224 93 dicuntur
951 897 112 93 ei
989 897 131 93 prae-

293 962 152 69 sentia
399 962 137 69 esse,
490 962 106 69 non
551 962 137 69 solum
642 962 91 69 ea
688 962 121 69 quae
764 962 137 69 sunt,
855 962 106 69 sed
915 962 137 69 etiam
1007 962 91 69 ea
1037 962 91 69 quae

286 1015 279 69 praeterierunt,
519 1015 78 69 &
550 1015 93 69 ea
597 1015 124 69 quae
674 1015 155 69 futura
783 1015 140 69 sunt,
876 1015 186 69 secundum
1000 1015 124 69 illud,

289 1058 117 65 Qui
356 1058 150 65 vocat
456 1058 100 65 ea
506 1058 133 65 quae
589 1058 117 65 non
656 1058 150 65 sunt,
756 1058 183 65 tanquam
889 1058 100 65 ea
939 1058 133 65 quae
1005 1058 117 65 sunt.

292 1118 139 67 Quia,
384 1118 93 67 vt
431 1118 108 67 ait
493 1118 170 67 Ambrose
616 1118 93 67 in
663 1118 124 67 lib.
740 1118 93 67 de
787 1118 170 67 Trinit,
910 1118 108 67 ita
957 1118 170 67 cognoscit

273 1158 96 59 ea
321 1158 128 59 quae
401 1158 112 59 non
465 1158 144 59 sunt,
560 1158 96 59 vt
608 1158 96 59 ea
656 1158 128 59 quae
736 1158 144 59 sunt.
832 1158 96 59 Et
880 1158 112 59 hac
943 1158 176 59 ratione
1055 1158 64 59 o-

274 1210 126 56 mnia
353 1210 190 56 dicuntur
496 1210 126 56 esse
575 1210 95 56 in
622 1210 111 56 eo,
685 1210 111 56 vel
749 1210 126 56 apud
828 1210 126 56 eum,
907 1210 126 56 siue
986 1210 95 56 ei
1017 1210 111 56 prae-

272 1261 187 71 sentia.
408 1261 136 71 Vnde
493 1261 136 71 Aug.
579 1261 153 71 super
681 1261 153 71 illum
783 1261 153 71 locum
885 1261 153 71 Psal.
988 1261 102 71 Et
1022 1261 102 71 pul-

270 1307 190 58 chritudo
413 1307 127 58 agri
492 1307 143 58 mecum
587 1307 127 58 est,
666 1307 127 58 deo,
746 1307 174 58 inquit,
872 1307 143 58 mecum
968 1307 127 58 est,
1031 1307 95 58 quia

272 1364 132 47 apud
355 1364 132 47 Deum
438 1364 149 47 nihil
537 1364 248 47 praeteriit,
736 1364 149 47 nihil
835 1364 182 47 futurum
967 1364 132 47 est.
1033 1364 83 47 Cum

273 1409 127 69 illo
352 1409 206 69 suntomnia
511 1409 174 69 futura,
637 1409 79 69 &
669 1409 95 69 ei
716 1409 111 69 non
780 1409 285 69 detrabunturiam
1001 1409 111 69 prae-

278 1459 177 63 terita:
407 1459 113 63 cum
471 1459 129 63 illo
552 1459 129 63 sunt
632 1459 145 63 omnia
729 1459 225 63 cognitione
906 1459 161 63 quadam
1018 1459 80 63 s
1035 1459 80 63 in-

267 1502 194 70 effabili
412 1502 226 70 sapientiae
590 1502 129 70 Dei,
671 1502 129 70 Ecce
751 1502 113 70 hic
816 1502 162 70 aperit
929 1502 129 70 Auo,
1010 1502 97 70 ex
1042 1502 81 70 qua

270 1555 275 63 intelligentia
496 1555 226 63 accipienda
674 1555 129 63 sint
755 1555 210 63 huiusmodi
917 1555 162 63 verba,
1014 1555 113 63 omnia

272 1597 130 69 sunt
353 1597 114 69 Deo
418 1597 243 69 praesentia,
613 1597 97 69 in
661 1597 114 69 Deo
726 1597 130 69 sunt
807 1597 162 69 omnia,
921 1597 114 69 vel
986 1597 114 69 cum
1035 1597 97 69 Deo,

269 1655 115 65 vel
334 1655 132 65 apud
417 1655 148 65 Deum,
516 1655 115 65 vel
581 1655 99 65 in
631 1655 99 65 eo
680 1655 148 65 vita:
779 1655 132 65 quia
861 1655 247 65 ineffabilis
1043 1655 82 65 om-

269 1698 124 68 nium
346 1698 186 68 cognitio
485 1698 93 68 in
531 1698 93 68 eo
562 1698 93 68 est.
