1249 2031
127 125 260 100 AD
213 125 649 100 DISTINCTIONEM

291 212 293 82 XXXV.

240 302 224 90 AD
352 302 299 90 CAP.
501 302 150 90 V.

186 384 153 69 Haec
282 384 268 69 visibilia.
492 384 172 69 Addit
607 384 134 69 hoc
683 384 153 69 loco
760 384 172 69 Lombar-

68 449 123 55 dus
139 449 176 55 vocem,
262 449 247 55 Visibilia,
456 449 106 55 ad
509 449 229 55 Augustini
686 449 176 55 verba,
792 449 123 55 prae-

67 492 154 64 ter,
163 492 134 64 imo
240 492 192 64 contra
374 492 192 64 ipsius
508 492 250 64 Augustini
701 492 211 64 mentem,
835 492 96 64 cum

77 548 109 50 de
131 548 308 50 inuisibilibus
385 548 217 50 loquatur
548 548 272 50 Augustinus.
765 548 127 50 Sic
819 548 109 50 enim

75 598 167 48 habet,
192 598 150 48 Huius
293 598 217 48 vniuersae
460 598 117 48 Dei
527 598 217 48 creaturae
694 598 150 48 multa
794 598 117 48 non
844 598 84 48 no-

78 649 157 55 uimus,
188 649 125 55 siue
266 649 125 55 quae
345 649 94 55 in
392 649 157 55 coelis
501 649 125 55 sunt
579 649 157 55 altius
689 649 125 55 quam
767 649 94 55 vt
799 649 125 55 noster

81 691 159 63 sensus
192 691 95 63 eo
240 691 159 63 possit
351 691 239 63 pertingere:
542 691 127 63 siue
622 691 127 63 quae
701 691 95 63 in
733 691 191 63 regionibus

69 741 192 58 terrarum
213 741 208 58 fortassis
372 741 319 58 inhabitabilibus:
644 741 128 58 siue
723 741 128 58 quae
787 741 144 58 deorsum

80 787 168 58 latent,
202 787 107 58 vel
263 787 92 58 in
309 787 183 58 profundo
446 787 168 58 abyssi,
568 787 107 58 vel
629 787 92 58 in
675 787 183 58 occultis
797 787 137 58 finibus

83 835 170 55 terrae.
206 835 124 55 Haec
284 835 155 55 igitur
392 835 186 55 antequam
531 835 186 55 fierent,
671 835 108 55 &c.
733 835 108 55 Ita
779 835 155 55 scilicet

78 891 160 55 bona
178 891 160 55 fide
278 891 319 55 pulcherrimum
537 891 259 55 Augustini
736 891 180 55 locum
836 891 100 55 re-

87 941 236 65 praesentat
272 941 236 65 Lombardus.
458 941 152 65 Atque
559 941 101 65 id
609 941 202 65 fortasse
761 941 152 65 vitio
845 941 84 65 li-

74 980 187 55 brarij
205 980 243 55 videretur
392 980 205 55 factum,
541 980 149 55 nisi
634 980 205 55 ipsemet
765 980 168 55 Lombar-

71 1044 120 52 dus
139 1044 120 52 hoc
208 1044 137 52 ipso
293 1044 171 52 capite
413 1044 120 52 sic
481 1044 274 52 concluderet,
704 1044 137 52 Ecce
789 1044 120 52 hic
840 1044 86 52 ha-

72 1076 136 58 bes,
157 1076 136 58 quod
242 1076 136 58 haec
326 1076 237 58 visibilia,
513 1076 119 58 &c.
581 1076 119 58 Vbi
649 1076 136 58 hanc
733 1076 153 58 ipsam
818 1076 119 58 vocem

71 1128 169 64 quasi
184 1128 112 64 ex
240 1128 244 64 Augustino
409 1128 187 64 repetit.

104 1213 97 83 2
142 1213 154 83 Ipsi
239 1213 174 83 autem
355 1213 154 83 Deo.
451 1213 212 83 Quaedam
606 1213 270 83 interiecta
799 1213 135 83 prae-

73 1273 203 79 termisit
225 1273 152 79 iste:
326 1273 118 79 sed
394 1273 186 79 potuit.
529 1273 169 79 Itaque
647 1273 118 79 non
698 1273 219 79 reprehendo.

248 1365 244 92 AD
370 1365 325 92 CAP.
533 1365 162 92 VI

121 1465 90 78 I
157 1465 162 78 Ideo,
265 1465 198 78 inquit,
409 1465 180 78 mecum.
535 1465 144 78 Haec
625 1465 180 78 omnia.
751 1465 162 78 Ideo,
841 1465 90 78 in-

74 1531 144 60 quit,
170 1531 144 60 mecum
266 1531 128 60 est,
346 1531 128 60 quia
426 1531 128 60 apud
506 1531 128 60 Deum
587 1531 144 60 nihil
683 1531 240 60 praeterist,
859 1531 80 60 ni-

66 1582 127 55 hil
139 1582 200 55 fuiurum
284 1582 146 55 est,
375 1582 219 55 quanquam
539 1582 146 55 sunt
630 1582 164 55 vera,
740 1582 146 55 sunt
813 1582 127 55 tamen

72 1627 113 64 ad
129 1627 263 64 Augustinum
335 1627 207 64 addita.
486 1627 132 64 Sic
561 1627 150 64 esim
655 1627 169 64 habet
768 1627 169 64 ille.
862 1627 75 64 ET

63 1684 299 49 SPECIES
280 1684 353 49 ACRIMECVM
552 1684 217 49 EST.
660 1684 272 49 Pulchri-

65 1725 136 59 tudo
150 1725 153 59 agri,
252 1725 187 59 vbertas
389 1725 170 59 omnium
508 1725 102 59 in
559 1725 153 59 terra
661 1725 256 59 gignentium,
849 1725 85 59 me
