1235 2029
59 96 209 76 praesentia
223 96 105 76 vel
283 96 224 76 cognitione,
462 96 90 76 in
507 96 119 76 eius
582 96 179 76 essentia
716 96 119 76 esse
791 96 119 76 dici
850 96 75 76 de-

65 159 142 51 bent.
160 159 95 51 Si
207 159 126 51 enim
286 159 111 51 hoc
350 159 205 51 diceretur
508 159 300 51 intelligerentur
760 159 126 51 esse
823 159 111 51 eius-

61 208 117 61 dem
128 208 117 61 cum
195 208 117 61 Deo
262 208 234 61 essentiae.
446 208 100 61 In
496 208 117 61 Deo
563 208 134 61 enim
647 208 184 61 dicitur
780 208 134 61 esse
847 208 84 61 per

73 253 224 57 essentiam,
249 253 128 57 quod
329 253 112 57 est
393 253 160 57 diuina
505 253 208 57 essentia,
664 253 128 57 quod
744 253 112 57 est
808 253 144 57 Deus.

71 300 148 57 Habet
169 300 132 57 ergo
252 300 132 57 Deus
334 300 132 57 apud
416 300 99 57 se
465 300 99 57 in
515 300 230 57 praesentia
696 300 132 57 sua,
778 300 132 57 quae
844 300 82 57 non

67 350 155 52 habet
170 350 103 52 in
222 350 121 52 sui
291 350 207 52 natura,.
446 350 138 52 Vnde
532 350 138 52 Aug.
618 350 103 52 de
670 350 172 52 verbis
773 350 138 52 Aposto

67 400 95 62 li
115 400 111 62 ita
178 400 127 62 ait,
258 400 159 62 Elegit
369 400 111 62 nos
432 400 127 62 ante
511 400 143 62 mundi
607 400 286 62 constitutione.
829 400 79 62 Qui

69 453 194 57 sufficit
214 453 113 57 hoc
279 453 226 57 explicare:
457 453 226 57 Eliguuntur
634 453 113 57 qui
699 453 113 57 non
764 453 145 57 sunt:
844 453 65 57 ne

70 500 139 57 errat
162 500 108 57 qui
224 500 170 57 elegit,
347 500 108 57 nec
409 500 123 57 vane
486 500 170 57 elegit.
609 500 154 57 Elegit
717 500 154 57 tamen,
825 500 77 57 &
840 500 62 57 ha

75 553 110 48 bet
138 553 173 48 electos
264 553 126 48 quos
342 553 204 48 creaturus
499 553 110 48 est
562 553 220 48 eligendos:
735 553 126 48 quos
797 553 126 48 habuit

71 602 129 57 apud
152 602 226 57 semetipsum
330 602 113 57 non
394 602 97 57 in
443 602 162 57 natura
556 602 129 57 sua,
637 602 113 57 sed
702 602 97 57 in
734 602 194 57 praesentia

64 648 134 61 sua.
148 648 168 61 Nondum
266 648 151 61 erant
366 648 168 61 quibus
484 648 302 61 promittebatur:
735 648 117 61 sed
803 648 84 61 &
819 648 101 61 ipsi

63 696 195 65 promissi
209 696 146 65 sunt,
307 696 163 65 quibus
420 696 293 65 promittebatur.
664 696 130 65 Ecce
745 696 114 65 hic
794 696 130 65 aperte

69 748 149 59 dicit
169 748 132 59 Deum
252 748 132 59 apud
334 748 232 59 semetipsum
517 748 166 59 habere
632 748 182 59 electos
765 748 132 59 ante
831 748 83 59 mun

67 786 92 69 di
113 786 291 69 constitutionem,
358 786 107 69 non
419 786 92 69 in
465 786 153 69 natura
572 786 122 69 sua,
648 786 107 69 sed
710 786 92 69 in
740 786 184 69 praescien-

64 848 118 52 tia
131 848 134 52 sua:
215 848 118 52 cum
283 848 151 52 tamen
383 848 134 52 eius
467 848 269 52 praescientia
686 848 118 52 non
753 848 151 52 aliud
837 848 84 52 sit

81 891 123 59 quam
157 891 123 59 eius
234 891 169 59 natura,
357 891 123 59 quia
433 891 153 59 ipsius
541 891 215 59 praesentia
710 891 123 59 eius
786 891 107 59 est
832 891 77 59 no-

78 940 152 48 titia.
184 940 152 48 Potest
290 940 137 48 tamen
382 940 91 48 ad
427 940 167 48 electos
549 940 167 48 referri
670 940 106 48 cum
731 940 121 48 ait,
807 940 91 48 in
837 940 76 48 na-

69 985 118 60 tura
143 985 118 60 sua,
216 985 88 60 id
260 985 118 60 est,
334 985 176 60 illorum.
466 985 132 60 Illos
554 985 147 60 quippe
657 985 147 60 habuit
760 985 88 60 ab
790 985 132 60 aeternt

68 1034 123 70 apud
144 1034 107 70 se,
206 1034 107 70 non
267 1034 92 70 in
313 1034 153 70 natura
420 1034 123 70 sui,
497 1034 92 70 id
543 1034 123 70 est,
619 1034 184 70 illorum,
757 1034 107 70 qui
803 1034 123 70 nondum

75 1080 149 81 erant:
179 1080 104 81 sed
239 1080 89 81 in
283 1080 104 81 sua
343 1080 253 81 praescientia,
551 1080 119 81 quia
626 1080 104 81 eos
685 1080 104 81 ita
745 1080 149 81 nouit,
834 1080 89 81 acsi

54 1134 147 61 essent.

339 1184 291 83 CAP.
484 1184 146 83 II

122 1247 167 95 Vtrum
234 1247 149 95 mala
327 1247 204 95 debeant
475 1247 149 95 dici
568 1247 149 95 esse
661 1247 111 95 in
717 1247 149 95 Deo,
791 1247 93 95 vbi

167 1320 154 65 sunt
263 1320 173 65 omnia
379 1320 173 65 bona,
494 1320 135 65 cum
571 1320 212 65 vtraque
706 1320 116 65 sint

249 1369 111 65 in
305 1369 148 65 eius
398 1369 260 65 cognitione
602 1369 93 65 &
621 1369 111 65 prae

317 1416 215 72 sentia:
473 1416 176 72 omnia
570 1416 117 72 enim

370 1466 229 70 cognoscit.

113 1529 132 61 Post
196 1529 215 61 praedicta
361 1529 231 61 quaeritur,
543 1529 116 61 cum
609 1529 149 61 omnia
709 1529 198 61 dicantur
841 1529 99 61 esse

68 1581 97 48 in
116 1581 113 48 Deo
181 1581 113 48 non
245 1581 113 48 per
310 1581 210 48 essentiam
471 1581 193 48 naturae,
616 1581 113 48 sed
680 1581 113 48 per
745 1581 210 48 cognitio

65 1632 129 54 nem
138 1632 257 54 scientiae,
340 1632 92 54 &
377 1632 147 54 Deus
469 1632 165 54 sciat
579 1632 147 54 bona
671 1632 92 54 &
708 1632 165 54 mala,
799 1632 129 54 vtrum

63 1679 255 46 concedendum
267 1679 119 46 sit
335 1679 255 46 simpliciter
540 1679 136 46 mala
625 1679 136 46 esse
710 1679 102 46 in
761 1679 136 46 Deo,
829 1679 102 46 siue

67 1732 128 70 esse
147 1732 96 70 in
195 1732 112 70 Deo
259 1732 112 70 per
323 1732 256 70 cognitionem.
531 1732 128 70 Scit
611 1732 128 70 enim
691 1732 128 70 Deus
771 1732 96 70 de
803 1732 128 70 sciuit
