1390 2023
371 80 284 68 Augustinus.
598 80 189 68 Deinde
730 80 227 68 viderunt
901 80 189 68 (iidem
1014 80 227 68 philosophi

373 132 229 69 nimirum)
545 132 172 69 omnem
660 132 210 69 speciem
813 132 115 69 in
870 132 115 69 re
927 132 248 69 quacunque
1099 132 134 69 muta-

379 192 140 49 bili,
473 192 109 49 qua
535 192 124 49 est,
612 192 186 49 quicquid
752 192 140 49 illud
845 192 124 49 est,
923 192 155 49 quoquo
1031 192 140 49 modo,
1124 192 78 49 &
1140 192 93 49 qua-

382 237 184 51 liscumque
523 237 141 51 natura
622 237 113 51 est,
692 237 99 51 non
749 237 113 51 esse
820 237 141 51 posse,
918 237 113 51 nisi
989 237 85 51 ab
1031 237 127 51 illo,
1116 237 99 51 qui
1158 237 71 51 ve-

378 296 102 42 re
429 296 136 42 est,
514 296 136 42 quia
599 296 340 42 incommutabiliter
888 296 136 42 est.
973 296 221 42 Lombardus
1126 296 102 42 con-

379 332 189 64 fundit
511 332 265 64 argumentum
719 332 265 64 Augustini,
927 332 95 64 &
965 332 170 64 μξσον
1060 332 170 64 ταouλo-

373 393 168 54 Mqμoν
485 393 205 54 tollit.
634 393 186 54 Probat
765 393 149 54 enim
858 393 205 54 August.
1007 393 112 54 id
1063 393 149 54 quod
1138 393 93 54 mu-

383 424 159 65 tabile
495 424 128 65 est,
574 424 96 65 ab
622 424 96 65 eo
670 424 143 65 esse,
766 424 112 65 qui
829 424 128 65 vere
909 424 128 65 est,
989 424 128 65 quia
1069 424 128 65 quod
1132 424 96 65 vere

382 479 145 53 est,
473 479 363 53 incommutabiliter
781 479 145 53 est.
871 479 163 53 Illud
980 479 145 53 enim
1071 479 145 53 quod
1143 479 91 53 mu-

384 531 163 56 tatur,
498 531 131 56 vere
579 531 114 56 non
645 531 131 56 est:
726 531 114 56 sed
792 531 98 56 ab
840 531 114 56 eo,
906 531 131 56 quod
987 531 114 56 est
1053 531 163 56 natura
1150 531 82 56 in-

378 579 289 51 commutabile,
613 579 162 51 habet
721 579 162 51 esse,
829 579 198 51 tanquam
973 579 90 51 a
1009 579 180 51 fonte.
1118 579 108 51 Lom-

382 622 174 58 bardus
504 622 174 58 igitur
625 622 122 58 pro
695 622 157 58 illis
800 622 296 58 Augustinianis
1026 622 209 58 substituit

378 668 134 57 haec
462 668 134 57 sua.
546 668 167 57 Deinde
663 668 201 57 viderunt
814 668 134 57 omne
897 668 134 57 quod
981 668 201 57 mutabile
1132 668 134 57 est,

382 726 104 58 non
442 726 134 58 posse
531 726 119 58 esse
605 726 119 58 nisi
679 726 89 58 ab
723 726 134 58 illo,
813 726 104 58 qui
872 726 282 58 incomutabiliter
1109 726 74 58 &
1139 726 119 58 sim.

385 773 191 54 pliciter
529 773 128 54 est.
608 773 143 54 Dixit
704 773 239 54 Augustinus,
895 773 128 54 Nisi
975 773 96 54 ab
1023 773 128 54 illo
1102 773 112 54 qui
1150 773 80 54 ve-

385 820 98 55 re
434 820 131 55 est,
515 820 131 55 quia
597 820 327 55 incommutabiliter
875 820 131 55 est.
957 820 147 55 Illud
1055 820 147 55 etiam
1137 820 98 55 Sim-

381 863 228 65 pliciter,
556 863 140 65 etsi
643 863 105 65 ex
696 863 158 65 eodem
801 863 228 65 Augustini
976 863 140 65 loco
1046 863 193 65 transcri-

380 911 144 67 ptum
470 911 144 67 est,
560 911 162 67 tamen
668 911 126 67 vim
740 911 180 67 optimi
867 911 252 67 argumenti,
1065 911 126 67 quo
1119 911 108 67 ter-

380 966 120 58 tio
449 966 138 58 loco
535 966 155 58 iidem
638 966 138 58 illi
724 966 241 58 philosophi
913 966 241 58 vtebantur,
1085 966 155 58 elidit.

530 1011 242 49 AD
651 1011 323 49 CAP.
812 1011 121 49 V

417 1056 91 60 I
453 1056 217 60 Corporis
616 1056 217 60 speciem.
779 1056 181 60 Obiter
906 1056 217 60 annotare
1069 1056 199 60 libuit,

380 1104 237 55 vocabulum
562 1104 200 55 Speciem
707 1104 91 55 &
744 1104 127 55 hoc
817 1104 164 55 loco,
926 1104 91 55 &
962 1104 109 55 in
998 1104 237 55 disputatio-

378 1152 109 57 ne
432 1152 109 57 de
487 1152 273 57 Sacramentis
705 1152 146 57 apud
796 1152 200 57 August.
942 1152 91 57 &
978 1152 182 57 illius
1087 1152 146 57 seculi

378 1208 201 50 eruditos
529 1208 168 50 Patres
647 1208 117 50 pro
714 1208 134 50 ipsa
798 1208 117 50 rei
865 1208 252 50 substantia,
1066 1208 84 50 &
1083 1208 151 50 &niudes

369 1250 174 58 forma
484 1250 174 58 sumi:
600 1250 135 58 non
677 1250 174 58 autem
793 1250 135 58 pro
870 1250 232 58 externis
1044 1250 135 58 rei
1102 1250 135 58 acci-

373 1299 199 54 dentibus
523 1299 116 54 seu
589 1299 282 54 qualitatibus,
821 1299 166 54 qualis
937 1299 133 54 est,
1020 1299 166 54 color,
1119 1299 116 54 figu-

370 1356 128 51 ra,
443 1356 128 51 &c.
516 1356 128 51 Nam
590 1356 257 51 Spiritibus
792 1356 239 51 tribuitur
975 1356 128 51 hoc
1049 1356 147 51 loco
1122 1356 110 51 spe-

370 1395 163 53 cies,
479 1395 127 53 qui
551 1395 200 53 colore,
697 1395 200 53 figura,
842 1395 91 53 &
878 1395 236 53 huiusmodi
1041 1395 182 53 acciden-

364 1448 171 51 tibus
478 1448 209 51 prorsus
630 1448 209 51 carent.
782 1448 171 51 Eodem
895 1448 285 51 significato
1123 1448 95 51 &
1142 1448 95 51 Cy-

368 1487 214 70 prianus
523 1487 117 70 in
582 1487 156 70 lib.
679 1487 117 70 de
737 1487 175 70 Coena
854 1487 214 70 Domini:
1010 1487 97 70 &
1029 1487 214 70 Ambrosius

366 1535 102 64 in
417 1535 170 64 libris
536 1535 102 64 de
587 1535 272 64 Sacramentis,
808 1535 323 64 vocabuloSpecies
1063 1535 170 64 vtuntur.

489 1584 255 62 AD
617 1584 340 62 CAP.
787 1584 213 62 VII

409 1632 138 53 Haec
495 1632 138 53 ergo
581 1632 155 53 tria.
684 1632 103 53 Ex
735 1632 189 53 August.
873 1632 155 53 libr.
976 1632 120 53 I4.
1045 1632 103 53 de
1079 1632 155 53 Trinit.

360 1691 137 54 cap.
446 1691 103 54 8.
497 1691 189 54 sumptus
635 1691 172 54 locus,
755 1691 120 54 qui
824 1691 103 54 in
875 1691 155 54 alium
978 1691 172 54 sensum
1099 1691 103 54 ab
1133 1691 103 54 isto
