1233 2029
276 108 242 71 terrimum
458 108 222 71 errorem
619 108 182 71 (quem
740 108 182 71 tamen
861 108 121 71 ex
922 108 141 71 hoc
983 108 141 71 Loni-

274 164 180 62 bardi
394 164 160 62 loco
494 164 180 62 tueri
614 164 220 62 volunt)
773 164 100 62 &
813 164 160 62 quem
913 164 120 62 ex
953 164 180 62 Anselmo

278 213 112 64 sic
342 213 208 64 referunt,
502 213 192 64 Creatura
646 213 96 64 in
694 213 112 64 Deo
759 213 112 64 non
823 213 128 64 est,
903 213 128 64 nisi
967 213 160 64 creatrix

283 270 237 43 essentia.
465 270 146 43 Ergo
556 270 146 43 quot
648 270 91 43 &
684 270 182 43 quanti
812 270 109 43 ex
867 270 128 43 vno
940 270 146 43 isto
1013 270 109 43 Lom-

281 310 154 65 bardi
384 310 154 65 tetro
487 310 154 65 fonte
589 310 137 65 riui
675 310 189 65 foetidi
812 310 291 65 prossuxerint,
1035 310 86 65 ap

272 364 139 57 paret.

317 405 225 53 Secundum
486 405 225 53 Lombardi
655 405 206 53 vitium,
804 405 112 53 in
861 405 131 53 hac
917 405 206 53 Distinct.

281 456 118 63 est
348 456 134 63 alia
432 456 235 63 intricatio
617 456 269 63 inuolutioque
835 456 134 63 suae
903 456 218 63 sententiae,

279 503 138 55 cum
358 503 197 55 negat,
496 503 158 55 Mala
595 503 158 55 esse
694 503 118 55 in
753 503 158 55 Deo.
832 503 296 55 Distinguendum

273 555 146 56 enim
364 555 146 56 fuit
455 555 219 56 vocabulu
619 555 237 56 vtrunque,
801 555 146 56 Esse
892 555 128 56 in.
965 555 128 56 Nam
1020 555 109 56 Esse

275 601 98 57 in
324 601 114 57 si,
389 601 82 57 p
421 601 212 57 praesciri
585 601 245 57 accipiatur,
780 601 114 57 sut
845 601 98 57 in
894 601 114 57 Deo
960 601 147 57 mala,
1041 601 98 57 quia

281 644 90 60 a
317 644 125 60 Deo
389 644 143 60 Mala
478 644 305 60 praesciuntur.
729 644 107 60 Si
783 644 125 60 pro
854 644 197 60 effici,
998 644 90 60 &
1016 644 125 60 open-

279 693 179 58 rari,
399 693 100 58 &
438 693 219 58 emanare
598 693 259 58 sumuntur,
797 693 139 58 non
876 693 159 58 sunt
976 693 179 58 Aalae
1075 693 60 58 &

279 744 157 57 Deo,
377 744 216 57 quoniam
534 744 98 57 a
574 744 157 57 mala
672 744 216 57 hominum
829 744 137 57 aut
888 744 235 57 Diabolorum

279 790 240 52 agentium
459 790 260 52 voluntate
659 790 140 52 est
739 790 200 52 malum,
879 790 140 52 non
959 790 180 52 autem
1059 790 60 52 a

276 832 161 69 Deo:
376 832 241 69 quanquam
557 832 181 69 actum
677 832 181 69 ipsum
798 832 181 69 etiam
918 832 161 69 Deus
999 832 120 69 (sed

282 892 131 55 non
357 892 131 55 sub
432 892 205 55 ratione
581 892 168 55 mali)
693 892 168 55 vult.
805 892 131 55 Nos
879 892 149 55 enim
973 892 112 55 de
1010 892 112 55 malo

283 939 203 64 culpae,
430 939 129 64 non
504 939 110 64 de
559 939 147 64 malo
651 939 184 64 poenae
780 939 147 64 nunc
853 939 166 64 agimus.

339 979 203 71 Tertium
486 979 222 71 Lombardi
653 979 203 71 vitium,
800 979 92 71 &
837 979 129 71 nic
911 979 203 71 quoque,
1041 979 92 71 est

275 1025 194 59 inepta
411 1025 214 59 locorum
566 1025 117 59 S.
624 1025 272 59 Scripturae
838 1025 117 59 ad
896 1025 155 59 suum
974 1025 155 59 scopum

281 1082 330 55 accommodatio,
552 1082 136 55 aut
630 1082 194 55 potius
765 1082 175 55 eorum
882 1082 291 55 deprauatio,

283 1137 158 47 quod
382 1137 178 47 certe
500 1137 118 47 in
560 1137 237 47 Magistro
737 1137 276 47 Theologiae
935 1137 197 47 peccatum

285 1180 138 60 est
364 1180 197 60 minime
502 1180 256 60 ferendum.
699 1180 158 60 Quod
798 1180 237 60 dicimus,
956 1180 177 60 apparet

284 1217 134 55 esse
368 1217 150 55 verum
468 1217 100 55 ex
518 1217 150 55 Psal.
619 1217 117 55 I8.
686 1217 117 55 94.
752 1217 84 55 &
786 1217 134 55 I99.
869 1217 100 55 ab
920 1217 134 55 isto
987 1217 150 55 citatis

285 1266 149 79 cap.
379 1266 112 79 2.
435 1266 131 79 sed
510 1266 168 79 mirum
622 1266 112 79 in
678 1266 168 79 modum
790 1266 243 79 detortis,
977 1266 93 79 &
1014 1266 93 79 a
1033 1266 93 79 suo

283 1313 155 63 sensu
369 1313 189 63 eluxatis.

337 1366 176 68 Quarta
461 1366 281 68 animaduersio
689 1366 176 68 nostra
812 1366 106 68 in
865 1366 106 68 eo
918 1366 141 68 est,
988 1366 141 68 qupul-

284 1404 242 65 cherrimam
471 1404 93 65 &
508 1404 279 65 planissimam
731 1404 149 65 Aug,
824 1404 261 65 sententia,
1010 1404 112 65 iste

282 1460 145 69 falsa
379 1460 113 69 sua
443 1460 162 69 glossa
557 1460 129 69 cap.
637 1460 97 69 I.
686 1460 226 69 corrumpit,
863 1460 113 69 dum
928 1460 129 69 haec
993 1460 129 69 illius

282 1501 180 73 verba,
408 1501 180 73 Natura
534 1501 144 73 sua,
607 1501 180 73 torquet.

326 1550 175 69 Quinta
448 1550 210 69 denique,
605 1550 105 69 ac
658 1550 175 69 vltima
780 1550 140 69 est,
868 1550 140 69 quod
955 1550 140 69 iste
1025 1550 105 69 sei-

285 1588 148 71 psum
377 1588 240 71 imprudens
562 1588 148 71 cap.
654 1588 111 71 2.
710 1588 222 71 euertit.
876 1588 129 71 Nam
950 1588 111 71 vt
987 1588 148 71 probet

286 1649 187 56 peceata
422 1649 119 56 non
490 1649 136 56 esse
575 1649 102 56 in
626 1649 136 56 Deo,
711 1649 170 56 affert
830 1649 153 56 illud
932 1649 102 56 ex
983 1649 153 56 Actis
1068 1649 68 56 A-

288 1699 239 76 postolicis
476 1699 137 76 cap.
561 1699 120 76 Iy.
630 1699 102 76 In
681 1699 137 76 ipso
766 1699 205 76 viuimus.
920 1699 120 76 Hoc
988 1699 137 76 uero
1057 1699 85 76 do
