1244 2034
42 118 141 77 cet
122 118 181 77 omnes
243 118 221 77 homines
404 118 161 77 siue
505 118 201 77 bonos,
645 118 161 77 siue
746 118 181 77 malos
847 118 60 77 a

53 189 129 57 Deo
126 189 148 57 esse
219 189 92 57 &
256 189 203 57 viuere,
404 189 111 57 ex
459 189 166 57 eoque
570 189 185 57 potius
681 189 222 57 ostendere-

46 227 137 55 tur
125 227 196 55 malos,
262 227 98 55 &
301 227 176 55 eorum
418 227 215 55 peccata
575 227 98 55 a
614 227 137 55 Deo
693 227 157 55 esse
771 227 137 55 (quod

52 270 125 64 vel
124 270 215 64 cogitare
285 270 125 64 est
357 270 179 64 nefas)
482 270 143 64 quam
572 270 125 64 non
643 270 161 64 esse.
751 270 125 64 Sed
805 270 107 64 iste

61 325 138 77 quid
147 325 208 77 scribat,
303 325 121 77 non
355 325 190 77 attendit.

98 481 564 88 DISTINCTIO
501 481 322 88 XXXVII

117 560 225 82 Quibus
275 560 203 82 modis
410 560 248 82 dicatur
591 560 180 82 Deus
681 560 135 82 esse

350 616 129 69 in
394 616 172 69 rebus.

301 682 263 80 CAP.
433 682 131 80 I.

168 752 99 56 T
208 752 218 56 quoniam
366 752 317 56 demonstratum
624 752 139 56 est
703 752 119 56 ex
743 752 158 56 parte,

184 801 212 85 qquomodo
343 801 159 85 omnia
449 801 212 85 dicantur
608 801 141 85 esse
696 801 106 85 in
749 801 141 85 Deo,
819 801 71 85 ad

208 847 169 58 dendum
326 847 186 58 uidetur
461 847 135 58 hic,
546 847 169 58 quibus
664 847 152 58 modis
748 847 152 58 dicatus

78 899 129 56 Deus
158 899 129 56 esse
239 899 96 56 in
287 899 161 56 rebus:
400 899 96 56 si
448 899 145 56 tamen
544 899 96 56 id
592 899 161 56 humana
705 899 129 56 mens
785 899 113 56 vel
834 899 64 56 e-

73 952 138 57 parte
164 952 138 57 digne
256 952 153 57 valeat
363 952 199 57 cogitare,
516 952 107 57 vel
577 952 153 57 lingua
684 952 199 57 sufficiat
821 952 92 57 elo-

69 993 135 63 qui.
153 993 202 63 Sciendum
305 993 135 63 ergo
389 993 135 63 est,
474 993 135 63 quod
558 993 135 63 Deus
625 993 287 63 incomutabiliter

74 1043 140 62 semper
172 1043 84 62 in
214 1043 84 62 se
256 1043 182 62 existens,
396 1043 126 62 prae,
480 1043 210 62 entialiter,
649 1043 252 62 potentialiter,
845 1043 56 62 es

64 1095 219 58 sentialiter
240 1095 102 58 est
298 1095 88 58 in
342 1095 117 58 omni
415 1095 146 58 natura
518 1095 117 58 siue
591 1095 176 58 essentia
723 1095 117 58 sine
796 1095 102 58 sui
840 1095 59 58 de

75 1136 217 60 finitione,
245 1136 77 60 &
276 1136 93 60 in
322 1136 124 60 omni
400 1136 124 60 loco
477 1136 124 60 sine
555 1136 325 60 circumscriptione,
834 1136 77 60 &
849 1136 62 60 in

67 1190 239 52 omnitempore
258 1190 128 52 sine
338 1190 271 52 mutabilitate.
561 1190 96 52 Et
609 1190 207 52 praeterea
768 1190 96 52 in
800 1190 96 52 PSan

65 1240 126 57 ctis
144 1240 221 57 spiritibus
318 1240 79 57 &
350 1240 190 57 animabus
492 1240 111 57 est
555 1240 269 57 excellentius,
761 1240 142 57 scilice

63 1286 121 62 per
132 1286 190 62 gratiam
270 1286 258 62 inhabitans:
476 1286 103 62 &e
528 1286 103 62 in
580 1286 172 62 Homine
700 1286 190 62 Christo
821 1286 86 62 ex-

71 1332 276 64 cellentissime,
301 1332 92 64 in
347 1332 107 64 quo
408 1332 199 64 plenitudo
561 1332 230 64 diuinitatis
730 1332 184 64 corporali-

72 1389 120 52 ter
140 1389 239 52 inhabitat,
328 1389 103 52 vt
380 1389 120 52 ait
448 1389 239 52 Apostolus.
636 1389 103 52 In
688 1389 103 52 eo
739 1389 137 52 enim
807 1389 103 52 Deu.

69 1430 229 70 habitauit,
249 1430 115 70 non
314 1430 115 70 per
379 1430 180 70 gratiam
510 1430 245 70 adoptionis,
707 1430 115 70 sed
772 1430 115 70 per
821 1430 82 70 gra

72 1490 145 47 tiam
162 1490 217 47 vnionis.
325 1490 108 47 Ne
379 1490 163 47 autem
487 1490 145 47 ista
578 1490 163 47 (quia
686 1490 271 47 capacitatem

78 1534 178 54 humanae
207 1534 291 54 intelligentiae
450 1534 210 54 excedunt)
612 1534 226 54 falsitatis
773 1534 146 54 arguere

72 1590 165 45 aliqui
187 1590 248 45 praesumant,
385 1590 215 45 Sanctorum
550 1590 281 45 autoritatibus
765 1590 149 45 munien-

73 1634 102 55 da
124 1634 135 55 mibi
208 1634 220 55 videntur.
378 1634 102 55 Ix
428 1634 169 55 Beatus
547 1634 237 55 2Gregorius
733 1634 152 55 super
817 1634 102 55 Can-

65 1670 145 67 tica
155 1670 199 67 Cantic.
300 1670 181 67 inquit
427 1670 163 67 Licet
536 1670 145 67 Deus
626 1670 199 67 communi
771 1670 145 67 modo
844 1670 72 67 e-

64 1731 156 55 mnibus
174 1731 140 55 rebus
267 1731 140 55 insit
361 1731 234 55 praesentia,
548 1731 218 55 potenitia,
719 1731 172 55 substar
828 1731 94 55 tia:
