1225 2018
300 77 153 66 radij
402 77 220 66 impolluti
571 77 85 66 &
605 77 288 66 incontaminati
843 77 102 66 ea
894 77 271 66 contingentes
1097 77 68 66 e-

311 138 195 59 xistunt.
457 138 114 59 Non
522 138 114 59 est
587 138 130 59 ergo
668 138 195 59 mirandum
814 138 97 59 si
863 138 195 59 essentia
1009 138 162 59 diuina
1106 138 65 59 o-

306 191 154 52 mnino
409 191 189 52 simplex
546 191 86 52 &
580 191 309 52 incommutabilis
837 191 154 52 omnia
940 191 171 52 replet
1043 191 120 52 loca,

313 245 84 49 &
347 245 185 49 omnibus
482 245 219 49 creaturis
650 245 287 49 essentialiter
886 245 169 49 inest,
1004 245 118 49 nec
1055 245 118 49 tamen

308 288 221 62 cuiusquam
478 288 119 62 rei
546 288 204 62 sordibus
699 288 272 62 contaminatur
919 288 119 62 vel
970 288 187 62 contingi-

310 344 143 44 tur.
399 344 143 44 Vnde
507 344 197 44 August.
650 344 107 44 in
703 344 161 44 libro
811 344 107 44 de
864 344 179 44 Natura
989 344 161 44 boni,
1079 344 89 44 Cum

312 385 98 63 in
361 385 130 63 Deo,
442 385 179 63 inquit,
572 385 130 63 sint
653 385 146 63 omnia
751 385 130 63 quae
832 385 211 63 condidit,
994 385 114 63 non
1043 385 114 63 tamen

311 436 217 53 inquinant
478 436 117 53 eum
545 436 133 53 illi
628 436 117 53 qui
695 436 200 53 peccant.
844 436 100 53 De
894 436 150 53 cuius
994 436 150 53 etiam
1078 436 83 53 sa-

311 486 185 69 pientia,
449 486 123 69 quae
526 486 185 69 attingit
665 486 77 69 a
695 486 123 69 fine
772 486 139 69 vsque
865 486 92 69 ad
911 486 139 69 finem
988 486 169 69 fortiter,

310 535 208 58 dicitur,
465 535 208 58 Attingit
621 535 173 58 omnia,
742 535 190 58 propter
880 535 138 58 suam
950 535 208 58 munditiam,

310 587 89 47 &
346 587 159 47 nihil
452 587 248 47 inquinatum
647 587 106 47 in
700 587 124 47 eam
771 587 230 47 incurrit.
948 587 177 47 Timent
1054 587 106 47 qui-

308 628 128 63 dam,
388 628 128 63 quod
469 628 145 63 fieri
565 628 112 63 non
629 628 177 63 potest,
758 628 193 63 scilicet
902 628 96 63 ne
950 628 161 63 humana
1047 628 112 63 carme

307 695 181 48 veritas
438 695 82 48 &
471 695 230 48 substantia
651 695 115 48 Dei
717 695 246 48 inquinetur,
914 695 82 48 &
947 695 148 48 tamen
1029 695 115 48 prae-

306 729 167 64 dicant
423 729 151 64 istum
524 729 218 64 visibilem
691 729 151 64 Solem
792 729 167 64 radios
909 729 134 64 suos
976 729 167 64 peromnes

301 781 153 59 feces
403 781 85 59 &
437 781 170 59 sordes
556 781 221 59 spargere,
726 781 85 59 &
759 781 119 59 eos
827 781 170 59 mundos
946 781 85 59 &
963 781 170 59 sinceros

302 833 195 62 seruari.
448 833 98 62 Si
497 833 130 62 ergo
578 833 212 62 visibilia
741 833 147 62 munda
839 833 81 62 a
872 833 244 62 visibilibus
1051 833 81 62 un-

301 877 171 58 mundis
420 877 205 58 contingi
574 877 205 58 possunt,
728 877 85 58 &
762 877 119 58 non
830 877 239 58 inquinari:
1001 877 137 58 quanto

305 927 146 48 magis
402 927 244 48 inuisibilis
597 927 81 48 &
629 927 292 48 incommutabilis
873 927 195 48 veritase
1003 927 146 48 Postre-

298 979 108 57 mo
352 979 270 57 respondeant
568 979 144 57 quid
658 979 180 57 potius
784 979 108 57 de
838 979 126 57 Deo
892 979 252 57 respondendum

294 1030 245 58 existiment:
490 1030 114 58 vel
555 1030 131 58 quod
637 1030 180 58 nusquam
767 1030 114 58 per
833 1030 212 58 essentiam
996 1030 131 58 sit,
1061 1030 82 58 vel

297 1075 134 60 quod
381 1075 184 60 vbique,
514 1075 117 60 vel
581 1075 134 60 quod
665 1075 200 60 alicubi,
815 1075 117 60 ita
882 1075 134 60 quod
965 1075 117 60 non
1015 1075 134 60 vbique

295 1125 118 51 Sed
363 1125 135 51 quis
447 1125 169 51 audeat
566 1125 169 51 dicere
684 1125 135 51 quod
769 1125 186 51 nusquam
904 1125 169 51 diuina
1006 1125 135 51 essen-

292 1170 113 53 tia
356 1170 129 53 sit,
437 1170 113 53 vel
501 1170 129 53 quod
582 1170 193 53 alicubi,
727 1170 81 53 &
759 1170 113 53 non
824 1170 161 53 vbique
937 1170 129 53 sit2
1017 1170 97 53 Si
1049 1170 97 53 enim

294 1214 107 62 est
355 1214 107 62 ita
416 1214 183 62 alicubi,
554 1214 122 62 quod
630 1214 107 62 non
691 1214 168 62 vbique,
814 1214 122 62 ergo
890 1214 168 62 localis
1012 1214 122 62 est.
1074 1214 76 62 Est

289 1268 126 54 ergo
368 1268 158 54 vbique
478 1268 126 54 tota
557 1268 126 54 quae
636 1268 189 54 continet
778 1268 142 54 totum
872 1268 79 54 :
904 1268 79 54 &
935 1268 189 54 penetrat
1061 1268 79 54 to-

304 1323 123 57 tum,
380 1323 123 57 quae
457 1323 107 57 nec
518 1323 107 57 pro
579 1323 107 57 sui
641 1323 245 57 simplicitate
840 1323 168 57 diuidi,
962 1323 107 57 nec
1023 1323 107 57 pro
1069 1323 77 57 sui

294 1373 191 51 puritate
438 1373 207 51 maculari,
597 1373 112 51 nec
661 1373 112 51 pro
725 1373 112 51 sui
788 1373 239 51 immensitate
980 1373 128 51 vllo
1043 1373 96 51 modo

292 1414 269 60 comprehendi
508 1414 198 60 potest.
651 1414 144 60 Vnde
741 1414 269 60 Augustinus,
956 1414 144 60 Deus
1028 1414 108 60 vbi-

290 1458 110 80 que
353 1458 126 80 est,
432 1458 110 80 cui
495 1458 110 80 non
558 1458 158 80 locis,
668 1458 110 80 sed
731 1458 221 80 actionibus
889 1458 236 80 propinquamus,

532 1546 307 78 CAP.
685 1546 154 78 IX

335 1637 159 95 Quod
434 1637 159 95 Deus
534 1637 198 95 vbique
672 1637 159 95 sit,
772 1637 99 95 &
811 1637 119 95 in
871 1637 159 95 omni
950 1637 159 95 tempo
