1233 2035
96 112 127 63 re,
168 112 127 63 non
241 112 163 63 tamen
350 112 200 63 localis
495 112 145 63 est,
586 112 127 63 non
640 112 236 63 circumscri-

215 163 233 69 ptibilis,
394 163 125 69 nec
466 163 143 69 loco
555 163 125 69 nec
609 163 143 69 tempo-

335 216 127 73 re
377 216 212 73 mouetur.

101 297 151 73 CVM
188 297 151 73 QVE
274 297 216 73 diuina
426 297 216 73 natura
577 297 281 73 veraciter
793 297 108 73 &
815 297 108 73 es-

57 365 250 65 sentialiter
258 365 117 65 sit
324 365 100 65 in
374 365 133 65 omni
458 365 133 65 loco
541 365 83 65 &
575 365 100 65 in
625 365 133 65 omni
708 365 200 65 tempore,
842 365 83 65 non

55 421 150 46 tamen
155 421 184 46 mouetur
289 421 117 46 per
356 421 133 46 loca
439 421 117 46 vel
506 421 117 46 per
573 421 200 46 tempora,
723 421 117 46 nec
773 421 150 46 localis

54 468 112 61 nec
118 468 224 61 temporalis
294 468 128 61 est.
374 468 176 61 Localis
502 468 112 61 non
566 468 128 61 est,
646 468 128 61 quia
726 468 176 61 penitus
838 468 80 61 non

58 510 288 61 circumscribitur
301 510 137 61 loco:
392 510 121 61 quia
468 510 106 61 nec
528 510 106 61 ita
589 510 106 61 est
650 510 91 61 in
695 510 106 61 vno
756 510 137 61 loco,
832 510 91 61 quod

57 560 113 56 non
121 560 113 56 sit
186 560 97 56 in
234 560 145 56 alio.
331 560 145 56 Neque
428 560 242 56 dimensionem
621 560 161 56 habet,
734 560 145 56 sicut
814 560 81 56 cor

62 608 132 60 pus,
144 608 115 60 cui
210 608 197 60 secundum
357 608 148 60 locum
456 608 230 60 assignatur
637 608 247 60 principium,
818 608 82 60 me-

62 663 146 54 dium,
159 663 81 54 &
192 663 163 54 finis,
306 663 81 54 &
338 663 130 54 ante
420 663 81 54 &
452 663 163 54 retro,
566 663 179 54 dextrum
696 663 81 54 &
713 663 195 54 sinistrum,

69 701 162 58 sursum
182 701 81 58 &
215 701 195 58 deorsum:
361 701 130 58 quod
442 701 114 58 sui
507 701 292 58 interpositione
750 701 146 58 facit
831 701 65 58 di

57 762 211 58 stantiam
215 762 333 58 circunstantium.
496 762 175 58 Duobus
619 762 175 58 nanque
742 762 123 58 his
794 762 123 58 modis

74 806 171 52 dicitur
199 806 93 52 in
245 806 202 52 Scriptura
401 806 171 52 aliquid
525 806 171 52 locale,
649 806 124 52 siue
711 806 202 52 circumscri-

65 859 192 48 ptibile,
209 859 80 48 &
241 859 225 48 econuerso:
418 859 209 48 scilicet,
578 859 112 48 vel
642 859 128 48 quia
707 859 209 48 dimensionem

74 907 161 54 capiens
191 907 234 54 logitudinis,
381 907 234 54 altitudinis,
571 907 73 54 &
600 907 234 54 latitudinis,
776 907 131 54 distam-

84 958 120 56 tiam
159 958 135 56 sacit
249 958 90 56 in
294 958 135 56 loco,
384 958 90 56 vt
429 958 165 56 corpus:
549 958 105 56 vel
609 958 120 56 quia
684 958 120 56 loco
744 958 165 56 definitur

77 1006 98 62 ac
126 1006 276 62 determinatur,
353 1006 179 62 quoniam
483 1006 114 62 cum
548 1006 114 62 sit
613 1006 195 62 alicubi,
759 1006 114 62 non
808 1006 114 62 vtide

69 1046 210 52 inuenitur:
234 1046 120 52 quod
309 1046 105 52 non
369 1046 135 52 solum
459 1046 180 52 corpori,
595 1046 105 52 sed
655 1046 135 52 etiam
745 1046 120 52 omni
805 1046 105 52 crea-

59 1099 105 52 to
112 1099 211 52 Spiritui
270 1099 228 52 congruit.
445 1099 140 52 Omne
533 1099 140 52 ergo
621 1099 175 52 corpus
744 1099 140 52 omni
814 1099 105 52 modo

65 1145 157 50 locale
175 1145 126 50 est.
254 1145 189 50 Spiritus
396 1145 126 50 vero
474 1145 173 50 creatus
600 1145 157 50 quodam
710 1145 126 50 modo
789 1145 110 50 est
836 1145 79 50 lo-

64 1189 166 60 calis,
180 1189 83 60 &
214 1189 232 60 quodammodo
396 1189 116 60 non
462 1189 116 60 est
529 1189 199 60 localis.
678 1189 182 60 Localis
794 1189 116 60 quide

67 1246 197 56 dicitur,
214 1246 131 56 quia
296 1246 246 56 definitione
493 1246 131 56 loci
575 1246 246 56 terminatur:
772 1246 181 56 quoniam

62 1295 113 57 cum
126 1295 177 57 alicubi
255 1295 193 57 praesens
400 1295 113 57 sit
464 1295 161 57 totus,
577 1295 145 57 alibi
674 1295 113 57 non
722 1295 193 57 inuenitur.

62 1343 119 47 Non
130 1343 153 47 autem
232 1343 119 47 ita
299 1343 187 47 localis
435 1343 136 47 est,
520 1343 102 47 vt
571 1343 254 47 dimensionem
757 1343 153 47 capiens

67 1388 232 54 distantiam
249 1388 99 54 in
299 1388 132 54 loco
382 1388 182 54 faciat.
514 1388 165 54 Diuina
630 1388 132 54 ergo
713 1388 132 54 sola
779 1388 132 54 essen-

60 1435 111 50 tia
123 1435 158 50 omnino
234 1435 205 50 illocalis
392 1435 79 50 &
423 1435 379 50 incircumscriptibilis
755 1435 126 50 est:
818 1435 95 50 quae

66 1483 112 51 nec
130 1483 144 51 locis
226 1483 176 51 mouetur
353 1483 160 51 aliquo
465 1483 144 51 modo,
561 1483 192 51 scilicet
705 1483 112 51 vel
752 1483 160 51 determi-

62 1531 182 68 natione
195 1531 166 68 finita
311 1531 116 68 vel
377 1531 216 68 diensione
543 1531 216 68 suscepta:
709 1531 116 68 nec
775 1531 133 68 tem:
842 1531 66 68 o-

59 1571 171 68 ribus,
179 1571 120 68 sed
247 1571 189 68 affectu
385 1571 86 68 &
419 1571 240 68 cognitione
607 1571 206 68 mouetur.
762 1571 120 68 His
813 1571 103 68 enim

69 1630 158 48 duobus
180 1630 158 48 modis,
291 1630 190 48 scilicet
433 1630 127 48 loco
512 1630 111 48 vel
576 1630 190 48 tempore,
718 1630 111 48 fit
781 1630 142 48 muta:
861 1630 47 48 i

66 1687 223 58 creaturae,
241 1687 127 58 quae
321 1687 143 58 longe
416 1687 111 58 est
480 1687 80 58 a
511 1687 207 58 creatore,
670 1687 127 58 Vnde
734 1687 175 58 Augustinu
