1247 2030
486 113 299 72 CAP.
635 113 224 72 VIII

286 171 241 82 Conclusio
472 171 111 82 ex
527 171 278 82 praedictis,
749 171 148 82 quod
842 171 222 82 Spiritus
990 171 148 82 creati

352 231 151 69 sunt
446 231 208 69 Iocales
597 231 94 69 &
635 231 415 69 circumscriptibiles
975 231 113 69 quo-

433 280 240 79 dammodo:
613 280 240 79 Spiritus
793 280 160 79 vero
873 280 100 79 Dei

508 334 213 65 omnino
635 334 234 65 incircum

564 381 211 63 scriptibi-

650 434 99 63 lis.

338 491 148 64 SVNT
430 491 148 64 ergo
522 491 222 64 Spiritus
688 491 185 64 creati
818 491 111 64 in
873 491 166 64 loco,
984 491 92 64 &
1002 491 148 64 trans-

299 552 149 56 eunt
392 552 111 56 de
448 552 149 56 loco
541 552 111 56 ad
597 552 186 56 locum,
727 552 93 56 &
764 552 260 56 quodammodo
968 552 204 56 Iocales
1098 552 56 56 &

302 604 385 50 circumscriptibiles,
637 604 117 50 sed
704 604 117 50 non
770 604 134 50 omni
854 604 100 50 eo
904 604 134 50 modo
988 604 117 50 quo
1038 604 117 50 crea-

305 659 147 50 turae
403 659 229 50 corporeae.
582 659 196 50 Spiritus
729 659 147 50 autem
827 659 212 50 increatus
991 659 114 50 qui
1056 659 131 50 Deus

306 711 132 45 est,
389 711 99 45 in
439 711 132 45 loco
521 711 165 45 quidem
637 711 132 45 est,
719 711 83 45 &
753 711 99 45 in
802 711 132 45 omni
885 711 132 45 loco
967 711 116 45 sed
1017 711 132 45 omnino

307 742 227 57 illocalis
481 742 122 57 est
551 742 87 57 &
586 742 437 57 incircumscriptibilis.
970 742 140 57 Vnde
1040 742 105 57 Beda

308 791 157 65 super
412 791 157 65 Lucam
517 791 140 65 ait:
605 791 122 65 Cum
675 791 105 65 ad
727 791 122 65 nos
797 791 175 65 Angeli
920 791 210 65 Veniunt,
1060 791 87 65 sic

303 838 208 60 exterius
459 838 191 60 implent
598 838 278 60 ministerium,
823 838 104 60 vt
875 838 156 60 tamen
979 838 139 60 ante
1049 838 104 60 Deum

308 888 205 58 interius
461 888 119 58 per
530 888 324 58 contemplationem
803 888 239 58 assistant:
990 888 136 58 quia
1059 888 102 58 etsi

315 948 186 55 Angelus
451 948 119 55 est
518 948 203 55 spiritus
671 948 322 55 circumscriptus,
942 948 169 55 summus
1043 948 119 55 tamen

322 998 198 55 Spiritus
470 998 115 55 qui
536 998 132 55 Deus
618 998 132 55 est,
700 998 329 55 incircunscriptus
980 998 132 55 est,
1046 998 115 55 intra

318 1036 146 67 quem
409 1036 183 67 currit
537 1036 201 67 Angelus
683 1036 238 67 quocunque
866 1036 256 67 mittatur..
1049 1036 110 67 Ecce

311 1088 117 50 hic
378 1088 184 50 dicitur
512 1088 134 50 quia
596 1088 201 50 spiritus
746 1088 217 50 Angelicus
896 1088 268 50 circumscriptus

317 1136 127 65 est:
397 1136 191 65 Spiritus
540 1136 159 65 autem,
651 1136 111 65 qut
715 1136 127 65 Deus
794 1136 127 65 est,
858 1136 302 65 incircumscriptus,

305 1191 164 51 Alibi
414 1191 164 51 etiam
524 1191 237 51 Ambrosius
706 1191 256 51 distantiam
907 1191 237 51 ostendens
1072 1191 91 51 in-

305 1234 129 58 ter
378 1234 221 58 Spiritum
544 1234 258 58 increatum,
747 1234 92 58 &
784 1234 221 58 Spiritum
950 1234 203 58 creatum
1079 1234 92 58 di-

312 1288 122 57 cit
381 1288 210 57 Seraphin
539 1288 105 57 de
591 1288 140 57 loco
678 1288 105 57 ad
731 1288 157 57 locum
835 1288 227 57 transire,
992 1288 175 57 inquiens

317 1333 95 58 in
365 1333 143 58 libro
460 1333 95 58 de
508 1333 222 58 Trinitate.
682 1333 143 58 Dixit
778 1333 175 58 Esaias,
905 1333 127 58 quia
984 1333 159 58 missus
1080 1333 79 58 est

307 1377 105 66 ad
360 1377 105 66 me
413 1377 141 66 unus
501 1377 105 66 de
553 1377 228 66 Seraphin.
729 1377 105 66 Et
782 1377 211 66 Spiritus
940 1377 176 66 quidum
1046 1377 105 66 san-

305 1428 129 59 ctus
385 1428 193 59 dicitur,
530 1428 177 59 missus,
659 1428 113 59 sed
723 1428 193 59 Seraphin
868 1428 97 59 ad
917 1428 145 59 vnum.
997 1428 161 59 Spiritus

305 1484 130 58 uero
386 1484 98 58 ad
435 1484 163 58 omnos.
549 1484 195 58 Seraphin
695 1484 195 58 mittitur
842 1484 98 58 in
891 1484 228 58 ministemo,
1053 1484 98 58 Spi-

306 1528 148 54 ritus
404 1528 198 54 operatur
553 1528 264 54 ministerium.
767 1528 198 54 Seraphin
916 1528 99 54 de
965 1528 132 54 loco
1048 1528 99 54 ad
1081 1528 82 54 lo-

301 1575 116 57 cum
368 1575 199 57 transit:
517 1575 116 57 non
584 1575 133 57 enim
667 1575 183 57 complet
800 1575 166 57 omnia,
916 1575 116 57 sed
982 1575 133 57 ipse
1049 1575 116 57 repl-

299 1622 123 64 tur
370 1622 88 64 a
405 1622 210 64 Spiritu.
562 1622 123 64 Hic
632 1622 175 64 aperte
755 1622 263 64 ostenditur,
965 1622 140 64 quod
1035 1622 140 64 angeli

300 1670 254 78 quodammodo
499 1670 199 78 locales
626 1670 127 78 sunt.
