<?xml version="1.0" encoding="UTF-8"?>
<alto xmlns:xsi="http://www.w3.org/2001/XMLSchema-instance"
      xmlns="http://www.loc.gov/standards/alto/ns-v2#"
      xmlns:page="http://schema.primaresearch.org/PAGE/gts/pagecontent/2013-07-15"
      xsi:schemaLocation="http://www.loc.gov/standards/alto/ns-v2# http://www.loc.gov/standards/alto/alto.xsd">
   <Description>
      <MeasurementUnit>pixel</MeasurementUnit>
      <OCRProcessing ID="IdOcr">
         <ocrProcessingStep>
            <processingDateTime>2021-02-10T14:41:08.893-05:00</processingDateTime>
            <processingSoftware>
               <softwareCreator>READ COOP</softwareCreator>
               <softwareName>Transkribus</softwareName>
            </processingSoftware>
         </ocrProcessingStep>
      </OCRProcessing>
   </Description>
   <Tags/>
   <Layout>
      <Page ID="Page1" PHYSICAL_IMG_NR="1" HEIGHT="2026" WIDTH="1228">
         <TopMargin HEIGHT="0" WIDTH="1228" VPOS="0" HPOS="0"/>
         <LeftMargin HEIGHT="2026" WIDTH="0" VPOS="0" HPOS="0"/>
         <RightMargin HEIGHT="2026" WIDTH="0" VPOS="0" HPOS="1228"/>
         <BottomMargin HEIGHT="0" WIDTH="1228" VPOS="2026" HPOS="0"/>
         <PrintSpace HEIGHT="2026" WIDTH="1228" VPOS="0" HPOS="0">
            <TextBlock ID="r1" HEIGHT="1747" WIDTH="867" VPOS="70" HPOS="260">
               <Shape>
                  <Polygon POINTS="260,70 260,1817 1127,1817 1127,70"/>
               </Shape>
               <TextLine ID="r1l3"
                         BASELINE="183"
                         HEIGHT="79"
                         WIDTH="843"
                         VPOS="104"
                         HPOS="267">
                  <String HEIGHT="79"
                          WIDTH="182"
                          VPOS="104"
                          HPOS="250"
                          CONTENT="periri,"/>
                  <SP HEIGHT="79" WIDTH="17" VPOS="104" HPOS="432"/>
                  <String HEIGHT="79" WIDTH="116" VPOS="104" HPOS="383" CONTENT="est"/>
                  <SP HEIGHT="79" WIDTH="17" VPOS="104" HPOS="498"/>
                  <String HEIGHT="79"
                          WIDTH="264"
                          VPOS="104"
                          HPOS="449"
                          CONTENT="falsissimum,"/>
                  <SP HEIGHT="79" WIDTH="17" VPOS="104" HPOS="713"/>
                  <String HEIGHT="79" WIDTH="83" VPOS="104" HPOS="664" CONTENT="&amp;"/>
                  <SP HEIGHT="79" WIDTH="17" VPOS="104" HPOS="746"/>
                  <String HEIGHT="79" WIDTH="99" VPOS="104" HPOS="697" CONTENT="ab"/>
                  <SP HEIGHT="79" WIDTH="17" VPOS="104" HPOS="796"/>
                  <String HEIGHT="79" WIDTH="116" VPOS="104" HPOS="746" CONTENT="iis"/>
                  <SP HEIGHT="79" WIDTH="17" VPOS="104" HPOS="862"/>
                  <String HEIGHT="79"
                          WIDTH="182"
                          VPOS="104"
                          HPOS="812"
                          CONTENT="dictum,"/>
                  <SP HEIGHT="79" WIDTH="17" VPOS="104" HPOS="994"/>
                  <String HEIGHT="79" WIDTH="116" VPOS="104" HPOS="945" CONTENT="qui"/>
                  <SP HEIGHT="79" WIDTH="17" VPOS="104" HPOS="1060"/>
                  <String HEIGHT="79" WIDTH="99" VPOS="104" HPOS="1011" CONTENT="ne"/>
                  <SP HEIGHT="79" WIDTH="17" VPOS="104" HPOS="1110"/>
                  <String HEIGHT="79"
                          WIDTH="66"
                          VPOS="104"
                          HPOS="1044"
                          CONTENT="i"
                          SUBS_TYPE="HypPart1"
                          SUBS_CONTENT="ipsum"/>
                  <HYP CONTENT="-"/>
               </TextLine>
               <TextLine ID="r1l4"
                         BASELINE="245"
                         HEIGHT="81"
                         WIDTH="839"
                         VPOS="164"
                         HPOS="270">
                  <String HEIGHT="81"
                          WIDTH="160"
                          VPOS="164"
                          HPOS="250"
                          CONTENT="psum"
                          SUBS_TYPE="HypPart2"
                          SUBS_CONTENT="ipsum"/>
                  <SP HEIGHT="81" WIDTH="20" VPOS="164" HPOS="410"/>
                  <String HEIGHT="81"
                          WIDTH="200"
                          VPOS="164"
                          HPOS="350"
                          CONTENT="quidem"/>
                  <SP HEIGHT="81" WIDTH="20" VPOS="164" HPOS="550"/>
                  <String HEIGHT="81"
                          WIDTH="240"
                          VPOS="164"
                          HPOS="490"
                          CONTENT="Gregorij"/>
                  <SP HEIGHT="81" WIDTH="20" VPOS="164" HPOS="729"/>
                  <String HEIGHT="81"
                          WIDTH="180"
                          VPOS="164"
                          HPOS="670"
                          CONTENT="nomen"/>
                  <SP HEIGHT="81" WIDTH="20" VPOS="164" HPOS="849"/>
                  <String HEIGHT="81"
                          WIDTH="240"
                          VPOS="164"
                          HPOS="789"
                          CONTENT="fortasse"/>
                  <SP HEIGHT="81" WIDTH="20" VPOS="164" HPOS="1029"/>
                  <String HEIGHT="81"
                          WIDTH="160"
                          VPOS="164"
                          HPOS="949"
                          CONTENT="vnquam"/>
               </TextLine>
               <TextLine ID="r1l5"
                         BASELINE="281"
                         HEIGHT="63"
                         WIDTH="215"
                         VPOS="218"
                         HPOS="272">
                  <String HEIGHT="63"
                          WIDTH="254"
                          VPOS="218"
                          HPOS="233"
                          CONTENT="audiuerant."/>
               </TextLine>
               <TextLine ID="r1l6"
                         BASELINE="330"
                         HEIGHT="54"
                         WIDTH="794"
                         VPOS="276"
                         HPOS="317">
                  <String HEIGHT="54" WIDTH="102" VPOS="276" HPOS="297" CONTENT="2"/>
                  <SP HEIGHT="54" WIDTH="20" VPOS="276" HPOS="398"/>
                  <String HEIGHT="54" WIDTH="143" VPOS="276" HPOS="337" CONTENT="Cum"/>
                  <SP HEIGHT="54" WIDTH="20" VPOS="276" HPOS="480"/>
                  <String HEIGHT="54"
                          WIDTH="163"
                          VPOS="276"
                          HPOS="419"
                          CONTENT="Deus"/>
                  <SP HEIGHT="54" WIDTH="20" VPOS="276" HPOS="582"/>
                  <String HEIGHT="54"
                          WIDTH="163"
                          VPOS="276"
                          HPOS="521"
                          CONTENT="sit."/>
                  <SP HEIGHT="54" WIDTH="20" VPOS="276" HPOS="683"/>
                  <String HEIGHT="54"
                          WIDTH="183"
                          VPOS="276"
                          HPOS="622"
                          CONTENT="Multa"/>
                  <SP HEIGHT="54" WIDTH="20" VPOS="276" HPOS="806"/>
                  <String HEIGHT="54" WIDTH="143" VPOS="276" HPOS="745" CONTENT="hic"/>
                  <SP HEIGHT="54" WIDTH="20" VPOS="276" HPOS="887"/>
                  <String HEIGHT="54"
                          WIDTH="163"
                          VPOS="276"
                          HPOS="826"
                          CONTENT="sunt"/>
                  <SP HEIGHT="54" WIDTH="20" VPOS="276" HPOS="989"/>
                  <String HEIGHT="54"
                          WIDTH="204"
                          VPOS="276"
                          HPOS="907"
                          CONTENT="commuta"
                          SUBS_TYPE="HypPart1"
                          SUBS_CONTENT="commutata,"/>
                  <HYP CONTENT="-"/>
               </TextLine>
               <TextLine ID="r1l7"
                         BASELINE="389"
                         HEIGHT="67"
                         WIDTH="822"
                         VPOS="322"
                         HPOS="275">
                  <String HEIGHT="67"
                          WIDTH="128"
                          VPOS="322"
                          HPOS="257"
                          CONTENT="ta,"
                          SUBS_TYPE="HypPart2"
                          SUBS_CONTENT="commutata,"/>
                  <SP HEIGHT="67" WIDTH="18" VPOS="322" HPOS="385"/>
                  <String HEIGHT="67" WIDTH="110" VPOS="322" HPOS="330" CONTENT="ne"/>
                  <SP HEIGHT="67" WIDTH="18" VPOS="322" HPOS="439"/>
                  <String HEIGHT="67"
                          WIDTH="164"
                          VPOS="322"
                          HPOS="385"
                          CONTENT="dicam"/>
                  <SP HEIGHT="67" WIDTH="18" VPOS="322" HPOS="549"/>
                  <String HEIGHT="67"
                          WIDTH="292"
                          VPOS="322"
                          HPOS="494"
                          CONTENT="contaminata:"/>
                  <SP HEIGHT="67" WIDTH="18" VPOS="322" HPOS="786"/>
                  <String HEIGHT="67"
                          WIDTH="201"
                          VPOS="322"
                          HPOS="732"
                          CONTENT="quaedam"/>
                  <SP HEIGHT="67" WIDTH="18" VPOS="322" HPOS="933"/>
                  <String HEIGHT="67"
                          WIDTH="164"
                          VPOS="322"
                          HPOS="878"
                          CONTENT="etiam"/>
                  <SP HEIGHT="67" WIDTH="18" VPOS="322" HPOS="1042"/>
                  <String HEIGHT="67"
                          WIDTH="128"
                          VPOS="322"
                          HPOS="969"
                          CONTENT="prae"
                          SUBS_TYPE="HypPart1"
                          SUBS_CONTENT="praetermissa"/>
                  <HYP CONTENT="-"/>
               </TextLine>
               <TextLine ID="r1l8"
                         BASELINE="426"
                         HEIGHT="60"
                         WIDTH="821"
                         VPOS="366"
                         HPOS="275">
                  <String HEIGHT="60"
                          WIDTH="201"
                          VPOS="366"
                          HPOS="258"
                          CONTENT="termissa"
                          SUBS_TYPE="HypPart2"
                          SUBS_CONTENT="praetermissa"/>
                  <SP HEIGHT="60" WIDTH="17" VPOS="366" HPOS="459"/>
                  <String HEIGHT="60" WIDTH="117" VPOS="366" HPOS="409" CONTENT="pro"/>
                  <SP HEIGHT="60" WIDTH="17" VPOS="366" HPOS="526"/>
                  <String HEIGHT="60"
                          WIDTH="235"
                          VPOS="366"
                          HPOS="476"
                          CONTENT="dictatoria"/>
                  <SP HEIGHT="60" WIDTH="17" VPOS="366" HPOS="711"/>
                  <String HEIGHT="60"
                          WIDTH="168"
                          VPOS="366"
                          HPOS="660"
                          CONTENT="istius"/>
                  <SP HEIGHT="60" WIDTH="17" VPOS="366" HPOS="828"/>
                  <String HEIGHT="60"
                          WIDTH="235"
                          VPOS="366"
                          HPOS="778"
                          CONTENT="scriptoris"/>
                  <SP HEIGHT="60" WIDTH="17" VPOS="366" HPOS="1012"/>
                  <String HEIGHT="60"
                          WIDTH="151"
                          VPOS="366"
                          HPOS="945"
                          CONTENT="autori"
                          SUBS_TYPE="HypPart1"
                          SUBS_CONTENT="autoritate."/>
                  <HYP CONTENT="-"/>
               </TextLine>
               <TextLine ID="r1l9"
                         BASELINE="482"
                         HEIGHT="61"
                         WIDTH="822"
                         VPOS="421"
                         HPOS="271">
                  <String HEIGHT="61"
                          WIDTH="164"
                          VPOS="421"
                          HPOS="253"
                          CONTENT="tate."
                          SUBS_TYPE="HypPart2"
                          SUBS_CONTENT="autoritate."/>
                  <SP HEIGHT="61" WIDTH="18" VPOS="421" HPOS="417"/>
                  <String HEIGHT="61"
                          WIDTH="183"
                          VPOS="421"
                          HPOS="362"
                          CONTENT="Itaque"/>
                  <SP HEIGHT="61" WIDTH="18" VPOS="421" HPOS="545"/>
                  <String HEIGHT="61" WIDTH="110" VPOS="421" HPOS="490" CONTENT="in"/>
                  <SP HEIGHT="61" WIDTH="18" VPOS="421" HPOS="600"/>
                  <String HEIGHT="61"
                          WIDTH="146"
                          VPOS="421"
                          HPOS="545"
                          CONTENT="suos"/>
                  <SP HEIGHT="61" WIDTH="18" VPOS="421" HPOS="691"/>
                  <String HEIGHT="61"
                          WIDTH="237"
                          VPOS="421"
                          HPOS="636"
                          CONTENT="articulos"/>
                  <SP HEIGHT="61" WIDTH="18" VPOS="421" HPOS="874"/>
                  <String HEIGHT="61"
                          WIDTH="146"
                          VPOS="421"
                          HPOS="819"
                          CONTENT="hunc"/>
                  <SP HEIGHT="61" WIDTH="18" VPOS="421" HPOS="965"/>
                  <String HEIGHT="61"
                          WIDTH="164"
                          VPOS="421"
                          HPOS="910"
                          CONTENT="locum"/>
                  <SP HEIGHT="61" WIDTH="18" VPOS="421" HPOS="1075"/>
                  <String HEIGHT="61"
                          WIDTH="91"
                          VPOS="421"
                          HPOS="1002"
                          CONTENT="re"
                          SUBS_TYPE="HypPart1"
                          SUBS_CONTENT="restituere"/>
                  <HYP CONTENT="-"/>
               </TextLine>
               <TextLine ID="r1l10"
                         BASELINE="526"
                         HEIGHT="54"
                         WIDTH="825"
                         VPOS="472"
                         HPOS="265">
                  <String HEIGHT="54"
                          WIDTH="215"
                          VPOS="472"
                          HPOS="247"
                          CONTENT="stituere"
                          SUBS_TYPE="HypPart2"
                          SUBS_CONTENT="restituere"/>
                  <SP HEIGHT="54" WIDTH="18" VPOS="472" HPOS="462"/>
                  <String HEIGHT="54"
                          WIDTH="215"
                          VPOS="472"
                          HPOS="408"
                          CONTENT="volumus."/>
                  <SP HEIGHT="54" WIDTH="18" VPOS="472" HPOS="624"/>
                  <String HEIGHT="54" WIDTH="126" VPOS="472" HPOS="570" CONTENT="Sic"/>
                  <SP HEIGHT="54" WIDTH="18" VPOS="472" HPOS="695"/>
                  <String HEIGHT="54"
                          WIDTH="179"
                          VPOS="472"
                          HPOS="642"
                          CONTENT="igitur"/>
                  <SP HEIGHT="54" WIDTH="18" VPOS="472" HPOS="821"/>
                  <String HEIGHT="54"
                          WIDTH="269"
                          VPOS="472"
                          HPOS="767"
                          CONTENT="Augustinus,"/>
                  <SP HEIGHT="54" WIDTH="18" VPOS="472" HPOS="1036"/>
                  <String HEIGHT="54"
                          WIDTH="126"
                          VPOS="472"
                          HPOS="964"
                          CONTENT="post"
                          SUBS_TYPE="HypPart1"
                          SUBS_CONTENT="posteaquam"/>
                  <HYP CONTENT="-"/>
               </TextLine>
               <TextLine ID="r1l11"
                         BASELINE="584"
                         HEIGHT="76"
                         WIDTH="826"
                         VPOS="508"
                         HPOS="269">
                  <String HEIGHT="76"
                          WIDTH="184"
                          VPOS="508"
                          HPOS="251"
                          CONTENT="eaquam"
                          SUBS_TYPE="HypPart2"
                          SUBS_CONTENT="posteaquam"/>
                  <SP HEIGHT="76" WIDTH="18" VPOS="508" HPOS="434"/>
                  <String HEIGHT="76"
                          WIDTH="184"
                          VPOS="508"
                          HPOS="379"
                          CONTENT="docuit"/>
                  <SP HEIGHT="76" WIDTH="18" VPOS="508" HPOS="563"/>
                  <String HEIGHT="76"
                          WIDTH="184"
                          VPOS="508"
                          HPOS="508"
                          CONTENT="sonum,"/>
                  <SP HEIGHT="76" WIDTH="18" VPOS="508" HPOS="691"/>
                  <String HEIGHT="76" WIDTH="128" VPOS="508" HPOS="636" CONTENT="qui"/>
                  <SP HEIGHT="76" WIDTH="18" VPOS="508" HPOS="765"/>
                  <String HEIGHT="76"
                          WIDTH="165"
                          VPOS="508"
                          HPOS="710"
                          CONTENT="aeque"/>
                  <SP HEIGHT="76" WIDTH="18" VPOS="508" HPOS="875"/>
                  <String HEIGHT="76"
                          WIDTH="220"
                          VPOS="508"
                          HPOS="820"
                          CONTENT="omnibus,"/>
                  <SP HEIGHT="76" WIDTH="18" VPOS="508" HPOS="1040"/>
                  <String HEIGHT="76" WIDTH="92" VPOS="508" HPOS="985" CONTENT="&amp;"/>
                  <SP HEIGHT="76" WIDTH="18" VPOS="508" HPOS="1077"/>
                  <String HEIGHT="76" WIDTH="92" VPOS="508" HPOS="1003" CONTENT="non"/>
               </TextLine>
               <TextLine ID="r1l12"
                         BASELINE="628"
                         HEIGHT="64"
                         WIDTH="817"
                         VPOS="564"
                         HPOS="282">
                  <String HEIGHT="64"
                          WIDTH="153"
                          VPOS="564"
                          HPOS="265"
                          CONTENT="varie"/>
                  <SP HEIGHT="64" WIDTH="17" VPOS="564" HPOS="418"/>
                  <String HEIGHT="64" WIDTH="119" VPOS="564" HPOS="367" CONTENT="per"/>
                  <SP HEIGHT="64" WIDTH="17" VPOS="564" HPOS="486"/>
                  <String HEIGHT="64" WIDTH="119" VPOS="564" HPOS="435" CONTENT="se,"/>
                  <SP HEIGHT="64" WIDTH="17" VPOS="564" HPOS="554"/>
                  <String HEIGHT="64" WIDTH="102" VPOS="564" HPOS="503" CONTENT="id"/>
                  <SP HEIGHT="64" WIDTH="17" VPOS="564" HPOS="605"/>
                  <String HEIGHT="64"
                          WIDTH="136"
                          VPOS="564"
                          HPOS="554"
                          CONTENT="est,"/>
                  <SP HEIGHT="64" WIDTH="17" VPOS="564" HPOS="690"/>
                  <String HEIGHT="64" WIDTH="119" VPOS="564" HPOS="639" CONTENT="non"/>
                  <SP HEIGHT="64" WIDTH="17" VPOS="564" HPOS="759"/>
                  <String HEIGHT="64"
                          WIDTH="153"
                          VPOS="564"
                          HPOS="708"
                          CONTENT="magis"/>
                  <SP HEIGHT="64" WIDTH="17" VPOS="564" HPOS="861"/>
                  <String HEIGHT="64"
                          WIDTH="187"
                          VPOS="564"
                          HPOS="810"
                          CONTENT="minusve"/>
                  <SP HEIGHT="64" WIDTH="17" VPOS="564" HPOS="997"/>
                  <String HEIGHT="64" WIDTH="119" VPOS="564" HPOS="946" CONTENT="per"/>
                  <SP HEIGHT="64" WIDTH="17" VPOS="564" HPOS="1065"/>
                  <String HEIGHT="64"
                          WIDTH="102"
                          VPOS="564"
                          HPOS="997"
                          CONTENT="sese"/>
               </TextLine>
               <TextLine ID="r1l13"
                         BASELINE="682"
                         HEIGHT="69"
                         WIDTH="824"
                         VPOS="613"
                         HPOS="276">
                  <String HEIGHT="69"
                          WIDTH="225"
                          VPOS="613"
                          HPOS="257"
                          CONTENT="insonat,"/>
                  <SP HEIGHT="69" WIDTH="19" VPOS="613" HPOS="482"/>
                  <String HEIGHT="69"
                          WIDTH="169"
                          VPOS="613"
                          HPOS="426"
                          CONTENT="tamen"/>
                  <SP HEIGHT="69" WIDTH="19" VPOS="613" HPOS="594"/>
                  <String HEIGHT="69" WIDTH="131" VPOS="613" HPOS="538" CONTENT="non"/>
                  <SP HEIGHT="69" WIDTH="19" VPOS="613" HPOS="669"/>
                  <String HEIGHT="69"
                          WIDTH="262"
                          VPOS="613"
                          HPOS="613"
                          CONTENT="aequaliter"/>
                  <SP HEIGHT="69" WIDTH="19" VPOS="613" HPOS="875"/>
                  <String HEIGHT="69" WIDTH="112" VPOS="613" HPOS="819" CONTENT="ab"/>
                  <SP HEIGHT="69" WIDTH="19" VPOS="613" HPOS="931"/>
                  <String HEIGHT="69"
                          WIDTH="206"
                          VPOS="613"
                          HPOS="875"
                          CONTENT="omnibus"/>
                  <SP HEIGHT="69" WIDTH="19" VPOS="613" HPOS="1081"/>
                  <String HEIGHT="69" WIDTH="94" VPOS="613" HPOS="1006" CONTENT="eum"/>
               </TextLine>
               <TextLine ID="r1l14"
                         BASELINE="713"
                         HEIGHT="54"
                         WIDTH="832"
                         VPOS="659"
                         HPOS="274">
                  <String HEIGHT="54"
                          WIDTH="266"
                          VPOS="659"
                          HPOS="256"
                          CONTENT="audientibus"/>
                  <SP HEIGHT="54" WIDTH="18" VPOS="659" HPOS="522"/>
                  <String HEIGHT="54"
                          WIDTH="159"
                          VPOS="659"
                          HPOS="469"
                          CONTENT="capi,"/>
                  <SP HEIGHT="54" WIDTH="18" VPOS="659" HPOS="628"/>
                  <String HEIGHT="54"
                          WIDTH="230"
                          VPOS="659"
                          HPOS="575"
                          CONTENT="subiicit,"/>
                  <SP HEIGHT="54" WIDTH="18" VPOS="659" HPOS="805"/>
                  <String HEIGHT="54"
                          WIDTH="177"
                          VPOS="659"
                          HPOS="752"
                          CONTENT="Quanto"/>
                  <SP HEIGHT="54" WIDTH="18" VPOS="659" HPOS="929"/>
                  <String HEIGHT="54"
                          WIDTH="248"
                          VPOS="659"
                          HPOS="858"
                          CONTENT="excellentius"/>
               </TextLine>
               <TextLine ID="r1l15"
                         BASELINE="764"
                         HEIGHT="59"
                         WIDTH="823"
                         VPOS="705"
                         HPOS="281">
                  <String HEIGHT="59"
                          WIDTH="143"
                          VPOS="705"
                          HPOS="263"
                          CONTENT="Deus"/>
                  <SP HEIGHT="59" WIDTH="18" VPOS="705" HPOS="406"/>
                  <String HEIGHT="59"
                          WIDTH="179"
                          VPOS="705"
                          HPOS="353"
                          CONTENT="natura"/>
                  <SP HEIGHT="59" WIDTH="18" VPOS="705" HPOS="531"/>
                  <String HEIGHT="59"
                          WIDTH="268"
                          VPOS="705"
                          HPOS="478"
                          CONTENT="incorporea,"/>
                  <SP HEIGHT="59" WIDTH="18" VPOS="705" HPOS="746"/>
                  <String HEIGHT="59" WIDTH="89" VPOS="705" HPOS="693" CONTENT="&amp;"/>
                  <SP HEIGHT="59" WIDTH="18" VPOS="705" HPOS="782"/>
                  <String HEIGHT="59"
                          WIDTH="304"
                          VPOS="705"
                          HPOS="728"
                          CONTENT="immutabiliter"/>
                  <SP HEIGHT="59" WIDTH="18" VPOS="705" HPOS="1032"/>
                  <String HEIGHT="59"
                          WIDTH="143"
                          VPOS="705"
                          HPOS="961"
                          CONTENT="viua,."/>
               </TextLine>
               <TextLine ID="r1l16"
                         BASELINE="818"
                         HEIGHT="56"
                         WIDTH="839"
                         VPOS="762"
                         HPOS="274">
                  <String HEIGHT="56"
                          WIDTH="143"
                          VPOS="762"
                          HPOS="256"
                          CONTENT="(qui"/>
                  <SP HEIGHT="56" WIDTH="18" VPOS="762" HPOS="399"/>
                  <String HEIGHT="56" WIDTH="125" VPOS="762" HPOS="345" CONTENT="non"/>
                  <SP HEIGHT="56" WIDTH="18" VPOS="762" HPOS="470"/>
                  <String HEIGHT="56"
                          WIDTH="161"
                          VPOS="762"
                          HPOS="417"
                          CONTENT="sicut"/>
                  <SP HEIGHT="56" WIDTH="18" VPOS="762" HPOS="577"/>
                  <String HEIGHT="56"
                          WIDTH="161"
                          VPOS="762"
                          HPOS="524"
                          CONTENT="sonus"/>
                  <SP HEIGHT="56" WIDTH="18" VPOS="762" HPOS="685"/>
                  <String HEIGHT="56" WIDTH="125" VPOS="762" HPOS="631" CONTENT="per"/>
                  <SP HEIGHT="56" WIDTH="18" VPOS="762" HPOS="756"/>
                  <String HEIGHT="56"
                          WIDTH="161"
                          VPOS="762"
                          HPOS="702"
                          CONTENT="moras"/>
                  <SP HEIGHT="56" WIDTH="18" VPOS="762" HPOS="863"/>
                  <String HEIGHT="56"
                          WIDTH="214"
                          VPOS="762"
                          HPOS="810"
                          CONTENT="temporum"/>
                  <SP HEIGHT="56" WIDTH="18" VPOS="762" HPOS="1024"/>
                  <String HEIGHT="56"
                          WIDTH="161"
                          VPOS="762"
                          HPOS="970"
                          CONTENT="tendi"/>
                  <SP HEIGHT="56" WIDTH="18" VPOS="762" HPOS="1131"/>
                  <String HEIGHT="56" WIDTH="54" VPOS="762" HPOS="1059" CONTENT="&amp;"/>
               </TextLine>
               <TextLine ID="r1l17"
                         BASELINE="867"
                         HEIGHT="59"
                         WIDTH="839"
                         VPOS="808"
                         HPOS="276">
                  <String HEIGHT="59"
                          WIDTH="161"
                          VPOS="808"
                          HPOS="260"
                          CONTENT="diuidi"/>
                  <SP HEIGHT="59" WIDTH="16" VPOS="808" HPOS="421"/>
                  <String HEIGHT="59"
                          WIDTH="177"
                          VPOS="808"
                          HPOS="373"
                          CONTENT="potest:"/>
                  <SP HEIGHT="59" WIDTH="16" VPOS="808" HPOS="550"/>
                  <String HEIGHT="59" WIDTH="113" VPOS="808" HPOS="502" CONTENT="nec"/>
                  <SP HEIGHT="59" WIDTH="16" VPOS="808" HPOS="615"/>
                  <String HEIGHT="59"
                          WIDTH="161"
                          VPOS="808"
                          HPOS="566"
                          CONTENT="spatio"/>
                  <SP HEIGHT="59" WIDTH="16" VPOS="808" HPOS="728"/>
                  <String HEIGHT="59"
                          WIDTH="145"
                          VPOS="808"
                          HPOS="679"
                          CONTENT="aereo"/>
                  <SP HEIGHT="59" WIDTH="16" VPOS="808" HPOS="825"/>
                  <String HEIGHT="59"
                          WIDTH="177"
                          VPOS="808"
                          HPOS="776"
                          CONTENT="tanquam"/>
                  <SP HEIGHT="59" WIDTH="16" VPOS="808" HPOS="954"/>
                  <String HEIGHT="59"
                          WIDTH="129"
                          VPOS="808"
                          HPOS="905"
                          CONTENT="loco"/>
                  <SP HEIGHT="59" WIDTH="16" VPOS="808" HPOS="1034"/>
                  <String HEIGHT="59" WIDTH="113" VPOS="808" HPOS="986" CONTENT="suo"/>
                  <SP HEIGHT="59" WIDTH="16" VPOS="808" HPOS="1099"/>
                  <String HEIGHT="59"
                          WIDTH="81"
                          VPOS="808"
                          HPOS="1034"
                          CONTENT="in"
                          SUBS_TYPE="HypPart1"
                          SUBS_CONTENT="indiget,"/>
                  <HYP CONTENT="-"/>
               </TextLine>
               <TextLine ID="r1l18"
                         BASELINE="916"
                         HEIGHT="65"
                         WIDTH="839"
                         VPOS="851"
                         HPOS="279">
                  <String HEIGHT="65"
                          WIDTH="153"
                          VPOS="851"
                          HPOS="264"
                          CONTENT="diget,"
                          SUBS_TYPE="HypPart2"
                          SUBS_CONTENT="indiget,"/>
                  <SP HEIGHT="65" WIDTH="15" VPOS="851" HPOS="416"/>
                  <String HEIGHT="65" WIDTH="107" VPOS="851" HPOS="371" CONTENT="vbi"/>
                  <SP HEIGHT="65" WIDTH="15" VPOS="851" HPOS="477"/>
                  <String HEIGHT="65"
                          WIDTH="244"
                          VPOS="851"
                          HPOS="432"
                          CONTENT="praesentibus"/>
                  <SP HEIGHT="65" WIDTH="15" VPOS="851" HPOS="676"/>
                  <String HEIGHT="65"
                          WIDTH="168"
                          VPOS="851"
                          HPOS="630"
                          CONTENT="praesto"/>
                  <SP HEIGHT="65" WIDTH="15" VPOS="851" HPOS="798"/>
                  <String HEIGHT="65"
                          WIDTH="122"
                          VPOS="851"
                          HPOS="752"
                          CONTENT="sit)"/>
                  <SP HEIGHT="65" WIDTH="15" VPOS="851" HPOS="874"/>
                  <String HEIGHT="65"
                          WIDTH="137"
                          VPOS="851"
                          HPOS="828"
                          CONTENT="totus"/>
                  <SP HEIGHT="65" WIDTH="15" VPOS="851" HPOS="965"/>
                  <String HEIGHT="65"
                          WIDTH="153"
                          VPOS="851"
                          HPOS="920"
                          CONTENT="adesse"/>
                  <SP HEIGHT="65" WIDTH="15" VPOS="851" HPOS="1072"/>
                  <String HEIGHT="65"
                          WIDTH="107"
                          VPOS="851"
                          HPOS="1011"
                          CONTENT="rebus"/>
               </TextLine>
               <TextLine ID="r1l19"
                         BASELINE="963"
                         HEIGHT="54"
                         WIDTH="841"
                         VPOS="909"
                         HPOS="277">
                  <String HEIGHT="54"
                          WIDTH="181"
                          VPOS="909"
                          HPOS="261"
                          CONTENT="omnibus"/>
                  <SP HEIGHT="54" WIDTH="16" VPOS="909" HPOS="442"/>
                  <String HEIGHT="54"
                          WIDTH="181"
                          VPOS="909"
                          HPOS="392"
                          CONTENT="potest,"/>
                  <SP HEIGHT="54" WIDTH="16" VPOS="909" HPOS="574"/>
                  <String HEIGHT="54" WIDTH="82" VPOS="909" HPOS="524" CONTENT="&amp;"/>
                  <SP HEIGHT="54" WIDTH="16" VPOS="909" HPOS="607"/>
                  <String HEIGHT="54"
                          WIDTH="198"
                          VPOS="909"
                          HPOS="557"
                          CONTENT="singulis"/>
                  <SP HEIGHT="54" WIDTH="16" VPOS="909" HPOS="755"/>
                  <String HEIGHT="54"
                          WIDTH="165"
                          VPOS="909"
                          HPOS="706"
                          CONTENT="totus,"/>
                  <SP HEIGHT="54" WIDTH="16" VPOS="909" HPOS="871"/>
                  <String HEIGHT="54" WIDTH="115" VPOS="909" HPOS="821" CONTENT="&amp;c."/>
                  <SP HEIGHT="54" WIDTH="16" VPOS="909" HPOS="937"/>
                  <String HEIGHT="54"
                          WIDTH="132"
                          VPOS="909"
                          HPOS="887"
                          CONTENT="Ergo"/>
                  <SP HEIGHT="54" WIDTH="16" VPOS="909" HPOS="1019"/>
                  <String HEIGHT="54"
                          WIDTH="132"
                          VPOS="909"
                          HPOS="970"
                          CONTENT="tota"/>
                  <SP HEIGHT="54" WIDTH="16" VPOS="909" HPOS="1102"/>
                  <String HEIGHT="54"
                          WIDTH="82"
                          VPOS="909"
                          HPOS="1036"
                          CONTENT="pa"
                          SUBS_TYPE="HypPart1"
                          SUBS_CONTENT="parenthesis"/>
                  <HYP CONTENT="-"/>
               </TextLine>
               <TextLine ID="r1l20"
                         BASELINE="1012"
                         HEIGHT="60"
                         WIDTH="827"
                         VPOS="952"
                         HPOS="278">
                  <String HEIGHT="60"
                          WIDTH="207"
                          VPOS="952"
                          HPOS="262"
                          CONTENT="renthesis"
                          SUBS_TYPE="HypPart2"
                          SUBS_CONTENT="parenthesis"/>
                  <SP HEIGHT="60" WIDTH="16" VPOS="952" HPOS="469"/>
                  <String HEIGHT="60"
                          WIDTH="159"
                          VPOS="952"
                          HPOS="421"
                          CONTENT="omissa"/>
                  <SP HEIGHT="60" WIDTH="16" VPOS="952" HPOS="580"/>
                  <String HEIGHT="60"
                          WIDTH="127"
                          VPOS="952"
                          HPOS="532"
                          CONTENT="est:"/>
                  <SP HEIGHT="60" WIDTH="16" VPOS="952" HPOS="660"/>
                  <String HEIGHT="60" WIDTH="80" VPOS="952" HPOS="612" CONTENT="&amp;"/>
                  <SP HEIGHT="60" WIDTH="16" VPOS="952" HPOS="692"/>
                  <String HEIGHT="60"
                          WIDTH="159"
                          VPOS="952"
                          HPOS="644"
                          CONTENT="adesse"/>
                  <SP HEIGHT="60" WIDTH="16" VPOS="952" HPOS="803"/>
                  <String HEIGHT="60"
                          WIDTH="159"
                          VPOS="952"
                          HPOS="755"
                          CONTENT="potest"/>
                  <SP HEIGHT="60" WIDTH="16" VPOS="952" HPOS="914"/>
                  <String HEIGHT="60" WIDTH="95" VPOS="952" HPOS="866" CONTENT="in"/>
                  <SP HEIGHT="60" WIDTH="16" VPOS="952" HPOS="962"/>
                  <String HEIGHT="60"
                          WIDTH="159"
                          VPOS="952"
                          HPOS="914"
                          CONTENT="adest,"/>
                  <SP HEIGHT="60" WIDTH="16" VPOS="952" HPOS="1073"/>
                  <String HEIGHT="60"
                          WIDTH="95"
                          VPOS="952"
                          HPOS="1010"
                          CONTENT="com."/>
               </TextLine>
               <TextLine ID="r1l21"
                         BASELINE="1062"
                         HEIGHT="58"
                         WIDTH="843"
                         VPOS="1004"
                         HPOS="280">
                  <String HEIGHT="58"
                          WIDTH="235"
                          VPOS="1004"
                          HPOS="260"
                          CONTENT="mutatum,"/>
                  <SP HEIGHT="58" WIDTH="20" VPOS="1004" HPOS="496"/>
                  <String HEIGHT="58"
                          WIDTH="176"
                          VPOS="1004"
                          HPOS="437"
                          CONTENT="atque"/>
                  <SP HEIGHT="58" WIDTH="20" VPOS="1004" HPOS="613"/>
                  <String HEIGHT="58"
                          WIDTH="137"
                          VPOS="1004"
                          HPOS="554"
                          CONTENT="ita"/>
                  <SP HEIGHT="58" WIDTH="20" VPOS="1004" HPOS="692"/>
                  <String HEIGHT="58"
                          WIDTH="157"
                          VPOS="1004"
                          HPOS="633"
                          CONTENT="tota"/>
                  <SP HEIGHT="58" WIDTH="20" VPOS="1004" HPOS="790"/>
                  <String HEIGHT="58"
                          WIDTH="137"
                          VPOS="1004"
                          HPOS="731"
                          CONTENT="vis"/>
                  <SP HEIGHT="58" WIDTH="20" VPOS="1004" HPOS="868"/>
                  <String HEIGHT="58"
                          WIDTH="255"
                          VPOS="1004"
                          HPOS="809"
                          CONTENT="argumenti"/>
                  <SP HEIGHT="58" WIDTH="20" VPOS="1004" HPOS="1064"/>
                  <String HEIGHT="58"
                          WIDTH="137"
                          VPOS="1004"
                          HPOS="986"
                          CONTENT="Augu"
                          SUBS_TYPE="HypPart1"
                          SUBS_CONTENT="Augustiniani"/>
                  <HYP CONTENT="-"/>
               </TextLine>
               <TextLine ID="r1l22"
                         BASELINE="1123"
                         HEIGHT="72"
                         WIDTH="312"
                         VPOS="1051"
                         HPOS="280">
                  <String HEIGHT="72"
                          WIDTH="197"
                          VPOS="1051"
                          HPOS="264"
                          CONTENT="stiniani"
                          SUBS_TYPE="HypPart2"
                          SUBS_CONTENT="Augustiniani"/>
                  <SP HEIGHT="72" WIDTH="16" VPOS="1051" HPOS="461"/>
                  <String HEIGHT="72"
                          WIDTH="197"
                          VPOS="1051"
                          HPOS="395"
                          CONTENT="exuffsata."/>
               </TextLine>
               <TextLine ID="r1l23"
                         BASELINE="1160"
                         HEIGHT="21"
                         WIDTH="19"
                         VPOS="1139"
                         HPOS="322">
                  <String HEIGHT="21" WIDTH="57" VPOS="1139" HPOS="284" CONTENT="A"/>
               </TextLine>
               <TextLine ID="r1l24"
                         BASELINE="1185"
                         HEIGHT="90"
                         WIDTH="734"
                         VPOS="1095"
                         HPOS="390">
                  <String HEIGHT="90" WIDTH="113" VPOS="1095" HPOS="371" CONTENT="Vt"/>
                  <SP HEIGHT="90" WIDTH="19" VPOS="1095" HPOS="484"/>
                  <String HEIGHT="90"
                          WIDTH="132"
                          VPOS="1095"
                          HPOS="428"
                          CONTENT="vbi"/>
                  <SP HEIGHT="90" WIDTH="19" VPOS="1095" HPOS="559"/>
                  <String HEIGHT="90"
                          WIDTH="132"
                          VPOS="1095"
                          HPOS="503"
                          CONTENT="sua"/>
                  <SP HEIGHT="90" WIDTH="19" VPOS="1095" HPOS="635"/>
                  <String HEIGHT="90"
                          WIDTH="169"
                          VPOS="1095"
                          HPOS="578"
                          CONTENT="sint."/>
                  <SP HEIGHT="90" WIDTH="19" VPOS="1095" HPOS="748"/>
                  <String HEIGHT="90"
                          WIDTH="226"
                          VPOS="1095"
                          HPOS="691"
                          CONTENT="Obscurus"/>
                  <SP HEIGHT="90" WIDTH="19" VPOS="1095" HPOS="917"/>
                  <String HEIGHT="90"
                          WIDTH="169"
                          VPOS="1095"
                          HPOS="861"
                          CONTENT="locus"/>
                  <SP HEIGHT="90" WIDTH="19" VPOS="1095" HPOS="1030"/>
                  <String HEIGHT="90"
                          WIDTH="169"
                          VPOS="1095"
                          HPOS="955"
                          CONTENT="propter"/>
               </TextLine>
               <TextLine ID="r1l25"
                         BASELINE="1188"
                         HEIGHT="36"
                         WIDTH="30"
                         VPOS="1152"
                         HPOS="323">
                  <String HEIGHT="36" WIDTH="90" VPOS="1152" HPOS="263" CONTENT="S"/>
               </TextLine>
               <TextLine ID="r1l26"
                         BASELINE="1232"
                         HEIGHT="56"
                         WIDTH="844"
                         VPOS="1176"
                         HPOS="275">
                  <String HEIGHT="56"
                          WIDTH="380"
                          VPOS="1176"
                          HPOS="254"
                          CONTENT="detruncationem"/>
                  <SP HEIGHT="56" WIDTH="21" VPOS="1176" HPOS="634"/>
                  <String HEIGHT="56" WIDTH="106" VPOS="1176" HPOS="570" CONTENT="a"/>
                  <SP HEIGHT="56" WIDTH="21" VPOS="1176" HPOS="676"/>
                  <String HEIGHT="56"
                          WIDTH="253"
                          VPOS="1176"
                          HPOS="613"
                          CONTENT="Lombardo"/>
                  <SP HEIGHT="56" WIDTH="21" VPOS="1176" HPOS="866"/>
                  <String HEIGHT="56"
                          WIDTH="232"
                          VPOS="1176"
                          HPOS="802"
                          CONTENT="factam."/>
                  <SP HEIGHT="56" WIDTH="21" VPOS="1176" HPOS="1035"/>
                  <String HEIGHT="56"
                          WIDTH="169"
                          VPOS="1176"
                          HPOS="950"
                          CONTENT="Quomo"
                          SUBS_TYPE="HypPart1"
                          SUBS_CONTENT="Quomodo"/>
                  <HYP CONTENT="-"/>
               </TextLine>
               <TextLine ID="r1l27"
                         BASELINE="1271"
                         HEIGHT="61"
                         WIDTH="831"
                         VPOS="1210"
                         HPOS="276">
                  <String HEIGHT="61"
                          WIDTH="100"
                          VPOS="1210"
                          HPOS="259"
                          CONTENT="do"
                          SUBS_TYPE="HypPart2"
                          SUBS_CONTENT="Quomodo"/>
                  <SP HEIGHT="61" WIDTH="17" VPOS="1210" HPOS="359"/>
                  <String HEIGHT="61"
                          WIDTH="133"
                          VPOS="1210"
                          HPOS="309"
                          CONTENT="enim"/>
                  <SP HEIGHT="61" WIDTH="17" VPOS="1210" HPOS="442"/>
                  <String HEIGHT="61"
                          WIDTH="216"
                          VPOS="1210"
                          HPOS="392"
                          CONTENT="intelligi"/>
                  <SP HEIGHT="61" WIDTH="17" VPOS="1210" HPOS="608"/>
                  <String HEIGHT="61"
                          WIDTH="183"
                          VPOS="1210"
                          HPOS="559"
                          CONTENT="potest,"/>
                  <SP HEIGHT="61" WIDTH="17" VPOS="1210" HPOS="741"/>
                  <String HEIGHT="61"
                          WIDTH="133"
                          VPOS="1210"
                          HPOS="692"
                          CONTENT="Deum"/>
                  <SP HEIGHT="61" WIDTH="17" VPOS="1210" HPOS="824"/>
                  <String HEIGHT="61"
                          WIDTH="150"
                          VPOS="1210"
                          HPOS="775"
                          CONTENT="esse,"/>
                  <SP HEIGHT="61" WIDTH="17" VPOS="1210" HPOS="924"/>
                  <String HEIGHT="61"
                          WIDTH="116"
                          VPOS="1210"
                          HPOS="874"
                          CONTENT="vbi"/>
                  <SP HEIGHT="61" WIDTH="17" VPOS="1210" HPOS="991"/>
                  <String HEIGHT="61"
                          WIDTH="116"
                          VPOS="1210"
                          HPOS="941"
                          CONTENT="sua"/>
                  <SP HEIGHT="61" WIDTH="17" VPOS="1210" HPOS="1057"/>
                  <String HEIGHT="61"
                          WIDTH="116"
                          VPOS="1210"
                          HPOS="991"
                          CONTENT="sunt."/>
               </TextLine>
               <TextLine ID="r1l28"
                         BASELINE="1321"
                         HEIGHT="51"
                         WIDTH="830"
                         VPOS="1270"
                         HPOS="283">
                  <String HEIGHT="51"
                          WIDTH="156"
                          VPOS="1270"
                          HPOS="266"
                          CONTENT="Huius"/>
                  <SP HEIGHT="51" WIDTH="17" VPOS="1270" HPOS="421"/>
                  <String HEIGHT="51"
                          WIDTH="208"
                          VPOS="1270"
                          HPOS="369"
                          CONTENT="rationem"/>
                  <SP HEIGHT="51" WIDTH="17" VPOS="1270" HPOS="577"/>
                  <String HEIGHT="51"
                          WIDTH="190"
                          VPOS="1270"
                          HPOS="525"
                          CONTENT="addidit"/>
                  <SP HEIGHT="51" WIDTH="17" VPOS="1270" HPOS="715"/>
                  <String HEIGHT="51"
                          WIDTH="225"
                          VPOS="1270"
                          HPOS="663"
                          CONTENT="Hilarius,"/>
                  <SP HEIGHT="51" WIDTH="17" VPOS="1270" HPOS="888"/>
                  <String HEIGHT="51"
                          WIDTH="138"
                          VPOS="1270"
                          HPOS="836"
                          CONTENT="quam"/>
                  <SP HEIGHT="51" WIDTH="17" VPOS="1270" HPOS="975"/>
                  <String HEIGHT="51"
                          WIDTH="138"
                          VPOS="1270"
                          HPOS="923"
                          CONTENT="iste"/>
                  <SP HEIGHT="51" WIDTH="17" VPOS="1270" HPOS="1061"/>
                  <String HEIGHT="51"
                          WIDTH="121"
                          VPOS="1270"
                          HPOS="992"
                          CONTENT="prae"
                          SUBS_TYPE="HypPart1"
                          SUBS_CONTENT="praetermisit"/>
                  <HYP CONTENT="-"/>
               </TextLine>
               <TextLine ID="r1l29"
                         BASELINE="1380"
                         HEIGHT="61"
                         WIDTH="842"
                         VPOS="1319"
                         HPOS="278">
                  <String HEIGHT="61"
                          WIDTH="220"
                          VPOS="1319"
                          HPOS="260"
                          CONTENT="termisit"
                          SUBS_TYPE="HypPart2"
                          SUBS_CONTENT="praetermisit"/>
                  <SP HEIGHT="61" WIDTH="18" VPOS="1319" HPOS="479"/>
                  <String HEIGHT="61"
                          WIDTH="220"
                          VPOS="1319"
                          HPOS="424"
                          CONTENT="truncata"/>
                  <SP HEIGHT="61" WIDTH="18" VPOS="1319" HPOS="644"/>
                  <String HEIGHT="61"
                          WIDTH="165"
                          VPOS="1319"
                          HPOS="589"
                          CONTENT="serie"/>
                  <SP HEIGHT="61" WIDTH="18" VPOS="1319" HPOS="754"/>
                  <String HEIGHT="61"
                          WIDTH="256"
                          VPOS="1319"
                          HPOS="699"
                          CONTENT="orationis,"/>
                  <SP HEIGHT="61" WIDTH="18" VPOS="1319" HPOS="955"/>
                  <String HEIGHT="61"
                          WIDTH="183"
                          VPOS="1319"
                          HPOS="900"
                          CONTENT="nempe,"/>
                  <SP HEIGHT="61" WIDTH="18" VPOS="1319" HPOS="1083"/>
                  <String HEIGHT="61"
                          WIDTH="110"
                          VPOS="1319"
                          HPOS="1010"
                          CONTENT="quia"/>
               </TextLine>
               <TextLine ID="r1l30"
                         BASELINE="1423"
                         HEIGHT="64"
                         WIDTH="822"
                         VPOS="1359"
                         HPOS="287">
                  <String HEIGHT="64"
                          WIDTH="129"
                          VPOS="1359"
                          HPOS="271"
                          CONTENT="Deus"/>
                  <SP HEIGHT="64" WIDTH="16" VPOS="1359" HPOS="400"/>
                  <String HEIGHT="64"
                          WIDTH="113"
                          VPOS="1359"
                          HPOS="351"
                          CONTENT="sua"/>
                  <SP HEIGHT="64" WIDTH="16" VPOS="1359" HPOS="464"/>
                  <String HEIGHT="64"
                          WIDTH="113"
                          VPOS="1359"
                          HPOS="416"
                          CONTENT="non"/>
                  <SP HEIGHT="64" WIDTH="16" VPOS="1359" HPOS="529"/>
                  <String HEIGHT="64"
                          WIDTH="161"
                          VPOS="1359"
                          HPOS="480"
                          CONTENT="aliud,"/>
                  <SP HEIGHT="64" WIDTH="16" VPOS="1359" HPOS="642"/>
                  <String HEIGHT="64"
                          WIDTH="129"
                          VPOS="1359"
                          HPOS="593"
                          CONTENT="quam"/>
                  <SP HEIGHT="64" WIDTH="16" VPOS="1359" HPOS="722"/>
                  <String HEIGHT="64" WIDTH="97" VPOS="1359" HPOS="674" CONTENT="se"/>
                  <SP HEIGHT="64" WIDTH="16" VPOS="1359" HPOS="771"/>
                  <String HEIGHT="64"
                          WIDTH="129"
                          VPOS="1359"
                          HPOS="722"
                          CONTENT="esse"/>
                  <SP HEIGHT="64" WIDTH="16" VPOS="1359" HPOS="851"/>
                  <String HEIGHT="64"
                          WIDTH="242"
                          VPOS="1359"
                          HPOS="803"
                          CONTENT="significat."/>
                  <SP HEIGHT="64" WIDTH="16" VPOS="1359" HPOS="1045"/>
                  <String HEIGHT="64" WIDTH="97" VPOS="1359" HPOS="996" CONTENT="Ex"/>
                  <SP HEIGHT="64" WIDTH="16" VPOS="1359" HPOS="1093"/>
                  <String HEIGHT="64"
                          WIDTH="81"
                          VPOS="1359"
                          HPOS="1028"
                          CONTENT="quo"/>
               </TextLine>
               <TextLine ID="r1l31"
                         BASELINE="1463"
                         HEIGHT="49"
                         WIDTH="845"
                         VPOS="1414"
                         HPOS="273">
                  <String HEIGHT="49"
                          WIDTH="126"
                          VPOS="1414"
                          HPOS="255"
                          CONTENT="iam"/>
                  <SP HEIGHT="49" WIDTH="18" VPOS="1414" HPOS="381"/>
                  <String HEIGHT="49"
                          WIDTH="234"
                          VPOS="1414"
                          HPOS="327"
                          CONTENT="perspicua"/>
                  <SP HEIGHT="49" WIDTH="18" VPOS="1414" HPOS="561"/>
                  <String HEIGHT="49"
                          WIDTH="126"
                          VPOS="1414"
                          HPOS="507"
                          CONTENT="fit"/>
                  <SP HEIGHT="49" WIDTH="18" VPOS="1414" HPOS="633"/>
                  <String HEIGHT="49"
                          WIDTH="144"
                          VPOS="1414"
                          HPOS="579"
                          CONTENT="tota"/>
                  <SP HEIGHT="49" WIDTH="18" VPOS="1414" HPOS="722"/>
                  <String HEIGHT="49"
                          WIDTH="144"
                          VPOS="1414"
                          HPOS="669"
                          CONTENT="haec"/>
                  <SP HEIGHT="49" WIDTH="18" VPOS="1414" HPOS="812"/>
                  <String HEIGHT="49"
                          WIDTH="198"
                          VPOS="1414"
                          HPOS="758"
                          CONTENT="oratio."/>
                  <SP HEIGHT="49" WIDTH="18" VPOS="1414" HPOS="956"/>
                  <String HEIGHT="49"
                          WIDTH="180"
                          VPOS="1414"
                          HPOS="902"
                          CONTENT="Postea"/>
                  <SP HEIGHT="49" WIDTH="18" VPOS="1414" HPOS="1082"/>
                  <String HEIGHT="49"
                          WIDTH="108"
                          VPOS="1414"
                          HPOS="1010"
                          CONTENT="vero"/>
               </TextLine>
               <TextLine ID="r1l32"
                         BASELINE="1519"
                         HEIGHT="63"
                         WIDTH="830"
                         VPOS="1456"
                         HPOS="283">
                  <String HEIGHT="63"
                          WIDTH="177"
                          VPOS="1456"
                          HPOS="265"
                          CONTENT="eandem"/>
                  <SP HEIGHT="63" WIDTH="18" VPOS="1456" HPOS="442"/>
                  <String HEIGHT="63"
                          WIDTH="159"
                          VPOS="1456"
                          HPOS="389"
                          CONTENT="lucem"/>
                  <SP HEIGHT="63" WIDTH="18" VPOS="1456" HPOS="548"/>
                  <String HEIGHT="63"
                          WIDTH="141"
                          VPOS="1456"
                          HPOS="495"
                          CONTENT="idem"/>
                  <SP HEIGHT="63" WIDTH="18" VPOS="1456" HPOS="636"/>
                  <String HEIGHT="63"
                          WIDTH="141"
                          VPOS="1456"
                          HPOS="583"
                          CONTENT="iste"/>
                  <SP HEIGHT="63" WIDTH="18" VPOS="1456" HPOS="724"/>
                  <String HEIGHT="63"
                          WIDTH="212"
                          VPOS="1456"
                          HPOS="672"
                          CONTENT="abstulit"/>
                  <SP HEIGHT="63" WIDTH="18" VPOS="1456" HPOS="883"/>
                  <String HEIGHT="63"
                          WIDTH="194"
                          VPOS="1456"
                          HPOS="830"
                          CONTENT="Hilario"/>
                  <SP HEIGHT="63" WIDTH="18" VPOS="1456" HPOS="1025"/>
                  <String HEIGHT="63"
                          WIDTH="159"
                          VPOS="1456"
                          HPOS="954"
                          CONTENT="dicenti"/>
               </TextLine>
               <TextLine ID="r1l33"
                         BASELINE="1567"
                         HEIGHT="63"
                         WIDTH="840"
                         VPOS="1504"
                         HPOS="281">
                  <String HEIGHT="63"
                          WIDTH="137"
                          VPOS="1504"
                          HPOS="264"
                          CONTENT="Deum"/>
                  <SP HEIGHT="63" WIDTH="17" VPOS="1504" HPOS="401"/>
                  <String HEIGHT="63" WIDTH="103" VPOS="1504" HPOS="350" CONTENT="in"/>
                  <SP HEIGHT="63" WIDTH="17" VPOS="1504" HPOS="452"/>
                  <String HEIGHT="63"
                          WIDTH="189"
                          VPOS="1504"
                          HPOS="401"
                          CONTENT="omnibus"/>
                  <SP HEIGHT="63" WIDTH="17" VPOS="1504" HPOS="590"/>
                  <String HEIGHT="63"
                          WIDTH="120"
                          VPOS="1504"
                          HPOS="538"
                          CONTENT="per"/>
                  <SP HEIGHT="63" WIDTH="17" VPOS="1504" HPOS="658"/>
                  <String HEIGHT="63"
                          WIDTH="120"
                          VPOS="1504"
                          HPOS="607"
                          CONTENT="sua"/>
                  <SP HEIGHT="63" WIDTH="17" VPOS="1504" HPOS="727"/>
                  <String HEIGHT="63"
                          WIDTH="137"
                          VPOS="1504"
                          HPOS="675"
                          CONTENT="esse"/>
                  <SP HEIGHT="63" WIDTH="17" VPOS="1504" HPOS="812"/>
                  <String HEIGHT="63"
                          WIDTH="120"
                          VPOS="1504"
                          HPOS="761"
                          CONTENT="non"/>
                  <SP HEIGHT="63" WIDTH="17" VPOS="1504" HPOS="881"/>
                  <String HEIGHT="63"
                          WIDTH="223"
                          VPOS="1504"
                          HPOS="830"
                          CONTENT="desinere,"/>
                  <SP HEIGHT="63" WIDTH="17" VPOS="1504" HPOS="1052"/>
                  <String HEIGHT="63"
                          WIDTH="137"
                          VPOS="1504"
                          HPOS="984"
                          CONTENT="quonia"/>
               </TextLine>
               <TextLine ID="r1l34"
                         BASELINE="1616"
                         HEIGHT="59"
                         WIDTH="836"
                         VPOS="1557"
                         HPOS="282">
                  <String HEIGHT="59"
                          WIDTH="205"
                          VPOS="1557"
                          HPOS="265"
                          CONTENT="subiicit"/>
                  <SP HEIGHT="59" WIDTH="17" VPOS="1557" HPOS="470"/>
                  <String HEIGHT="59"
                          WIDTH="171"
                          VPOS="1557"
                          HPOS="418"
                          CONTENT="statim"/>
                  <SP HEIGHT="59" WIDTH="17" VPOS="1557" HPOS="589"/>
                  <String HEIGHT="59"
                          WIDTH="171"
                          VPOS="1557"
                          HPOS="538"
                          CONTENT="ibidem"/>
                  <SP HEIGHT="59" WIDTH="17" VPOS="1557" HPOS="709"/>
                  <String HEIGHT="59"
                          WIDTH="222"
                          VPOS="1557"
                          HPOS="657"
                          CONTENT="Hilarius,"/>
                  <SP HEIGHT="59" WIDTH="17" VPOS="1557" HPOS="879"/>
                  <String HEIGHT="59"
                          WIDTH="119"
                          VPOS="1557"
                          HPOS="828"
                          CONTENT="Non"/>
                  <SP HEIGHT="59" WIDTH="17" VPOS="1557" HPOS="947"/>
                  <String HEIGHT="59"
                          WIDTH="154"
                          VPOS="1557"
                          HPOS="896"
                          CONTENT="aliud"/>
                  <SP HEIGHT="59" WIDTH="17" VPOS="1557" HPOS="1050"/>
                  <String HEIGHT="59"
                          WIDTH="154"
                          VPOS="1557"
                          HPOS="999"
                          CONTENT="sint,"/>
                  <SP HEIGHT="59" WIDTH="17" VPOS="1557" HPOS="1152"/>
                  <String HEIGHT="59" WIDTH="34" VPOS="1557" HPOS="1084" CONTENT=""/>
               </TextLine>
               <TextLine ID="r1l35"
                         BASELINE="1669"
                         HEIGHT="62"
                         WIDTH="842"
                         VPOS="1607"
                         HPOS="282">
                  <String HEIGHT="62"
                          WIDTH="137"
                          VPOS="1607"
                          HPOS="265"
                          CONTENT="quam"/>
                  <SP HEIGHT="62" WIDTH="17" VPOS="1607" HPOS="402"/>
                  <String HEIGHT="62"
                          WIDTH="137"
                          VPOS="1607"
                          HPOS="351"
                          CONTENT="quod"/>
                  <SP HEIGHT="62" WIDTH="17" VPOS="1607" HPOS="488"/>
                  <String HEIGHT="62"
                          WIDTH="120"
                          VPOS="1607"
                          HPOS="437"
                          CONTENT="est"/>
                  <SP HEIGHT="62" WIDTH="17" VPOS="1607" HPOS="557"/>
                  <String HEIGHT="62"
                          WIDTH="155"
                          VPOS="1607"
                          HPOS="505"
                          CONTENT="ipse,"/>
                  <SP HEIGHT="62" WIDTH="17" VPOS="1607" HPOS="660"/>
                  <String HEIGHT="62"
                          WIDTH="137"
                          VPOS="1607"
                          HPOS="608"
                          CONTENT="quae"/>
                  <SP HEIGHT="62" WIDTH="17" VPOS="1607" HPOS="746"/>
                  <String HEIGHT="62"
                          WIDTH="120"
                          VPOS="1607"
                          HPOS="694"
                          CONTENT="sua"/>
                  <SP HEIGHT="62" WIDTH="17" VPOS="1607" HPOS="815"/>
                  <String HEIGHT="62"
                          WIDTH="155"
                          VPOS="1607"
                          HPOS="763"
                          CONTENT="sunt."/>
                  <SP HEIGHT="62" WIDTH="17" VPOS="1607" HPOS="918"/>
                  <String HEIGHT="62"
                          WIDTH="155"
                          VPOS="1607"
                          HPOS="866"
                          CONTENT="Atque"/>
                  <SP HEIGHT="62" WIDTH="17" VPOS="1607" HPOS="1021"/>
                  <String HEIGHT="62"
                          WIDTH="120"
                          VPOS="1607"
                          HPOS="969"
                          CONTENT="sic"/>
                  <SP HEIGHT="62" WIDTH="17" VPOS="1607" HPOS="1090"/>
                  <String HEIGHT="62"
                          WIDTH="103"
                          VPOS="1607"
                          HPOS="1021"
                          CONTENT="Lom"
                          SUBS_TYPE="HypPart1"
                          SUBS_CONTENT="Lombardus"/>
                  <HYP CONTENT="-"/>
               </TextLine>
               <TextLine ID="r1l36"
                         BASELINE="1731"
                         HEIGHT="78"
                         WIDTH="558"
                         VPOS="1653"
                         HPOS="278">
                  <String HEIGHT="78"
                          WIDTH="186"
                          VPOS="1653"
                          HPOS="259"
                          CONTENT="bardus"
                          SUBS_TYPE="HypPart2"
                          SUBS_CONTENT="Lombardus"/>
                  <SP HEIGHT="78" WIDTH="19" VPOS="1653" HPOS="445"/>
                  <String HEIGHT="78"
                          WIDTH="130"
                          VPOS="1653"
                          HPOS="390"
                          CONTENT="hic"/>
                  <SP HEIGHT="78" WIDTH="19" VPOS="1653" HPOS="520"/>
                  <String HEIGHT="78"
                          WIDTH="223"
                          VPOS="1653"
                          HPOS="464"
                          CONTENT="Hilarium"/>
                  <SP HEIGHT="78" WIDTH="19" VPOS="1653" HPOS="687"/>
                  <String HEIGHT="78"
                          WIDTH="223"
                          VPOS="1653"
                          HPOS="613"
                          CONTENT="tractauit."/>
               </TextLine>
               <TextLine ID="r1l37"
                         BASELINE="1794"
                         HEIGHT="90"
                         WIDTH="763"
                         VPOS="1704"
                         HPOS="361">
                  <String HEIGHT="90" WIDTH="103" VPOS="1704" HPOS="340" CONTENT="A"/>
                  <SP HEIGHT="90" WIDTH="21" VPOS="1704" HPOS="443"/>
                  <String HEIGHT="90"
                          WIDTH="144"
                          VPOS="1704"
                          HPOS="382"
                          CONTENT="Cum"/>
                  <SP HEIGHT="90" WIDTH="21" VPOS="1704" HPOS="526"/>
                  <String HEIGHT="90"
                          WIDTH="186"
                          VPOS="1704"
                          HPOS="464"
                          CONTENT="omnis"/>
                  <SP HEIGHT="90" WIDTH="21" VPOS="1704" HPOS="650"/>
                  <String HEIGHT="90"
                          WIDTH="268"
                          VPOS="1704"
                          HPOS="588"
                          CONTENT="creatura."/>
                  <SP HEIGHT="90" WIDTH="21" VPOS="1704" HPOS="856"/>
                  <String HEIGHT="90"
                          WIDTH="144"
                          VPOS="1704"
                          HPOS="794"
                          CONTENT="Sic"/>
                  <SP HEIGHT="90" WIDTH="21" VPOS="1704" HPOS="938"/>
                  <String HEIGHT="90"
                          WIDTH="289"
                          VPOS="1704"
                          HPOS="877"
                          CONTENT="Ambrosius,"/>
                  <SP HEIGHT="90" WIDTH="21" VPOS="1704" HPOS="1165"/>
                  <String HEIGHT="90" WIDTH="41" VPOS="1704" HPOS="1083" CONTENT=""/>
               </TextLine>
            </TextBlock>
         </PrintSpace>
      </Page>
   </Layout>
</alto>
