1235 2032
83 117 120 59 dum
151 117 154 59 tamen
254 117 103 59 ad
306 117 223 59 intuendum
477 117 154 59 lumen
580 117 240 59 sapientiae
769 117 206 59 idoneus,

76 170 92 58 si
122 170 138 58 etiam
214 170 169 58 nusquam
337 170 123 58 esse
414 170 169 58 possit,
537 170 108 58 vbi
598 170 108 58 non
659 170 108 58 sit
721 170 200 58 Christus,
859 170 77 58 non

83 216 119 57 est
151 216 153 57 tamen
253 216 136 57 ipse
338 216 119 57 cum
406 216 204 57 Christo,
560 216 204 57 duntaxat
713 216 119 57 per
764 216 170 57 speciem.

76 268 129 50 Nam
149 268 203 50 hominem
297 268 129 50 pie
371 268 203 50 fidelem
519 268 129 50 non
593 268 129 50 est
667 268 259 50 dubitandum
852 268 92 50 cum

89 309 181 59 Christo
220 309 132 59 esse
302 309 115 59 per
368 309 165 59 fidem,
483 309 115 59 &c.
549 309 132 59 Haec
631 309 132 59 sunt
714 309 99 59 ex
763 309 165 59 quibus
862 309 82 59 sua

78 359 207 77 sumpsit
229 359 264 77 Lombardus:
436 359 151 77 quae
530 359 132 77 pro
606 359 226 77 germanis
775 359 132 77 vix
851 359 132 77 iam

79 412 212 70 possunt
214 412 173 70 haberi.

261 460 223 88 AD
372 460 297 88 CAP.
521 460 186 88 III

192 548 158 74 Modo
291 548 237 74 secundum
469 548 198 74 fidem.
607 548 158 74 Haec
706 548 158 74 quae
785 548 158 74 sequun

81 607 121 54 tur
150 607 121 54 non
219 607 138 54 sunt
305 607 241 54 Augustini,
495 607 155 54 tamen
598 607 103 54 ab
650 607 172 54 illius
771 607 155 54 mente
857 607 86 54 non

80 659 264 50 disaident,
288 659 283 50 praeterquam
515 659 151 50 quod
609 659 208 50 nusquam
760 659 151 50 siue
836 659 113 50 lib.

92 705 93 63 2.
138 705 124 63 cap.
215 705 108 63 2t,
277 705 124 63 siue
354 705 124 63 lib.
432 705 93 63 2.
478 705 124 63 cap.
555 705 108 63 II.
617 705 155 63 contra
726 705 201 63 Maximinum
865 705 77 63 (un

87 745 117 60 de
145 745 156 60 ista
242 745 195 60 sumpta
379 745 175 60 sunt)
495 745 214 60 meminit
651 745 273 60 Augustinus
846 745 97 60 An-

92 804 207 56 gelorum
243 804 170 56 Atque
356 804 170 56 etiam
469 804 226 56 addendum
639 804 132 56 hic
714 804 151 56 erat
808 804 94 56 a
827 804 113 56 Lon-

105 838 159 66 bardo
211 838 177 66 beati,
335 838 106 66 vt
388 838 106 66 de
441 838 177 66 quibus
565 838 194 66 Angelis
689 838 265 66 intelligeret,

104 904 282 53 explicaret,
330 904 207 53 quoniam
480 904 150 53 sunt
574 904 94 53 &
612 904 207 53 diaboli
762 904 207 53 Angeli,
894 904 56 53 &

102 947 181 55 tamen
223 947 262 55 nequaquam
424 947 141 55 vel
504 947 181 55 nunc,
625 947 141 55 vel
706 947 121 55 in
746 947 201 55 posterum

89 996 193 55 templum
229 996 123 55 Dei
299 996 193 55 futuri,
439 996 140 55 nisi
526 996 105 55 si
579 996 140 55 iste
666 996 105 55 in
719 996 210 55 Origenis
859 996 88 55 ca-

98 1041 137 68 stra
166 1041 188 68 transeat.

278 1105 213 87 AD
384 1105 284 87 CAP.
526 1105 213 87 IIII

216 1171 92 84 ln
262 1171 169 84 coelis,
385 1171 92 84 id
431 1171 123 84 est,
508 1171 92 84 in
554 1171 185 84 Sanctis,
692 1171 92 84 In
739 1171 108 84 hoc
785 1171 169 84 Augustini

92 1240 172 52 dicto
207 1240 211 52 quaedam
360 1240 153 52 sunt
456 1240 249 52 immutata,
647 1240 134 52 sed
724 1240 153 52 quae
801 1240 153 52 condo-

104 1299 156 53 nari
201 1299 234 53 poterant
376 1299 195 53 veluti
513 1299 156 53 quod
610 1299 136 53 pro
688 1299 117 53 eo
747 1299 156 53 quod
825 1299 136 53 habet

97 1336 226 62 Augustinus
275 1336 145 62 lllis
371 1336 129 62 (aut
452 1336 162 62 Vllis)
565 1336 226 62 angustiis,
743 1336 129 62 iste
808 1336 145 62 substi-

108 1375 135 59 tuit
192 1375 185 59 alicubi
327 1375 236 59 angustiis:
513 1375 135 59 item
597 1375 118 59 pro
664 1375 118 59 his
732 1375 169 59 verbis
833 1375 118 59 Augu-

106 1436 141 55 stini
200 1436 266 55 habitationem,
420 1436 110 55 vbi
482 1436 157 55 procul
592 1436 141 55 dubio
686 1436 157 55 gratia
780 1436 172 55 dilectio-

107 1486 112 48 nis
171 1486 128 48 eius
251 1486 240 48 agnoscitur,
443 1486 128 48 iste
523 1486 144 48 habet
619 1486 240 48 Habitatione
795 1486 160 48 gratiae.

98 1534 164 62 Istud
207 1534 146 62 vero
299 1534 237 62 postremum
481 1534 128 62 non
554 1534 183 62 potest
682 1534 237 62 tolerari,
846 1534 110 62 quod

106 1581 132 49 iste
188 1581 115 49 In.
254 1581 148 49 colis
352 1581 280 49 interpretatur
583 1581 99 49 In
632 1581 198 49 Sanctis.
780 1581 148 49 Habet
863 1581 82 49 qui

104 1627 119 61 dem
172 1627 187 61 August.
308 1627 136 61 esse
393 1627 136 61 Deum
478 1627 102 61 in
529 1627 170 61 coelis
649 1627 102 61 vt
700 1627 102 61 in
751 1627 119 61 suo
802 1627 153 61 templo,

99 1687 93 48 &
137 1687 130 48 nos
211 1687 167 48 ipsos
322 1687 148 48 esse
415 1687 130 48 Dei
489 1687 222 48 templum,
655 1687 148 48 siue
748 1687 167 48 nunc,
841 1687 111 48 siue

101 1728 110 64 in
156 1728 165 64 coelo
266 1728 257 64 spectemur:
467 1728 165 64 vocem
577 1728 165 64 tamen
687 1728 220 64 caelorum
852 1728 110 64 ad
889 1728 73 64 so
