1252 2080
133 154 267 96 AD
223 154 668 96 DISTINCTIONEM

284 226 372 85 XXXVIII

266 300 224 100 AD
378 300 299 100 CAP.
527 300 150 100 I.

201 393 122 72 Non
270 393 139 72 ista
357 393 104 72 ex
409 393 191 72 aliquo.
548 393 191 72 Quaedam
687 393 122 72 hic
757 393 139 72 sunt
826 393 122 72 prae-

73 454 229 52 termissa,
249 454 123 52 sed
320 454 158 52 nullo
425 454 246 52 sententiae
619 454 158 52 dano,
724 454 176 52 veluti
830 454 123 52 Verba

84 506 144 53 haec,
180 506 96 53 vt
228 506 176 53 nosset.
356 506 208 53 Cognouit,
516 506 112 53 ait
580 506 240 53 Augustinus,
772 506 96 53 vt
804 506 144 53 nosset.

81 549 134 55 iste
165 549 217 55 neglexit.
332 549 117 55 Vox
399 549 167 55 autem,
516 549 150 55 ista,
616 549 117 55 hic
683 549 217 55 obscurior
850 549 134 55 est,

85 600 122 52 sed
154 600 104 52 ex
206 600 122 52 his
276 600 226 52 Augustini
450 600 191 52 verbis,
589 600 139 52 quae
675 600 261 52 praecedunt,
867 600 70 52 ex

79 655 195 60 plicari
221 655 178 60 debet,
345 655 160 60 Nouit
452 655 142 60 enim
541 655 142 60 (ait
630 655 178 60 Verbum
754 655 178 60 eius.)
860 655 89 60 Pa-

86 689 116 66 ter
153 689 166 66 vester
269 689 133 66 quid
352 689 149 66 vobis
451 689 249 66 necessarium
650 689 116 66 sit
716 689 215 66 priusquam
865 689 83 66 pe-

89 737 147 73 tatis
187 737 98 73 ab
235 737 114 73 eo.
301 737 114 73 Nec
366 737 130 73 ista
447 737 98 73 ex
496 737 163 73 aliquo
611 737 179 73 tempore
741 737 212 73 cognouit,
888 737 65 73 vt

87 788 182 85 nosset:
220 788 116 85 sed
286 788 166 85 futura
403 788 166 85 omnia,
502 788 83 85 &c.

147 854 102 75 X
187 854 143 75 Sic
269 854 102 75 &
310 854 266 75 postquam.
515 854 348 75 Praetermittit
780 854 164 75 Lombar

92 911 161 56 dus,
192 911 161 56 quae
293 911 101 56 &
333 911 201 56 magnum
474 911 241 56 momentum
655 911 221 56 habent,
816 911 101 56 &
836 911 121 56 totu

104 959 154 50 huius
206 959 239 50 sententiae
394 959 222 50 Augustini
565 959 239 50 κεινόμλυὸν
735 959 222 50 confirmant.

103 1010 129 47 Sunt
183 1010 145 47 autem
280 1010 145 47 haec,
376 1010 129 47 Sic,
457 1010 177 47 inquit,
585 1010 113 47 non
650 1010 177 47 aliter:
778 1010 80 47 &
794 1010 161 47 antequam

95 1064 251 54 crearentur:
296 1064 84 54 &
330 1064 201 54 postquam
480 1064 234 54 consummata
664 1064 151 54 sunt,
765 1064 117 54 sic
832 1064 100 54 ei
865 1064 84 54 no-

93 1104 222 53 tasunt.
254 1104 322 53 Argumentatur
516 1104 161 53 enim
617 1104 121 53 ex
677 1104 262 53 vocabulo.
858 1104 101 53 Sic

95 1149 188 58 Recens
227 1149 169 58 autem
339 1149 188 58 versio
471 1149 113 58 ex
527 1149 188 58 Graeco
659 1149 94 58 &
696 1149 188 58 verior
828 1149 131 58 sic
884 1149 75 58 ha

95 1206 132 46 bet,
177 1206 115 46 Cui
243 1206 198 46 antequam
391 1206 132 46 haec
474 1206 148 46 omnia
573 1206 247 46 crearentur,
771 1206 132 46 nota
837 1206 115 46 erat.

91 1250 268 67 similiterque
309 1250 201 67 postquam
460 1250 235 67 consummata
645 1250 151 67 sunt,
746 1250 201 67 peruidet
880 1250 67 67 o-

95 1303 182 58 mnia.
216 1303 141 58 Sed
297 1303 222 58 veterem
458 1303 101 58 &
499 1303 141 58 sui
579 1303 242 58 temporis
741 1303 222 58 versionem

91 1349 210 77 secutus
244 1349 134 77 est
301 1349 248 77 Augustinus.

213 1408 146 55 Cum,
304 1408 201 55 inquit,
450 1408 238 55 decedant.
633 1408 201 55 Quaedam
779 1408 110 55 in
816 1408 146 55 initio

100 1462 180 55 istius
226 1462 252 55 sententiae
424 1462 144 55 sunt
514 1462 234 55 immutata:
695 1462 126 55 sic
767 1462 144 55 enim
839 1462 126 55 habet

98 1511 247 66 Augustinus,
295 1511 115 66 Ibi
361 1511 148 66 nouit
460 1511 148 66 omnia
559 1511 148 66 Deus,
658 1511 132 66 quae
740 1511 148 66 fecit
839 1511 115 66 per
888 1511 66 66 i-

102 1562 161 65 psam,
210 1562 90 65 &
245 1562 143 65 ideo
335 1562 125 65 cum
407 1562 233 65 decedant,
586 1562 125 65 &c.
657 1562 143 65 Illa
747 1562 143 65 vero
819 1562 143 65 priora

105 1610 157 54 omnia
209 1610 105 54 ad
262 1610 157 54 finem
366 1610 140 54 iste
454 1610 210 54 reiecit:
611 1610 122 54 sed
681 1610 140 54 leui
751 1610 210 54 dispendio.

96 1654 144 61 Hoc
179 1654 226 61 grauius
343 1654 164 61 est,
446 1654 164 61 quod
549 1654 226 61 quaedam
693 1654 267 61 substraxit.

104 1708 124 63 Sic
175 1708 176 63 igitur
298 1708 265 63 Augustinus,
510 1708 124 63 Sed
581 1708 176 63 potius
704 1708 159 63 facta
810 1708 141 63 sunt
881 1708 88 63 vel

94 1755 263 63 mutabilia,
301 1755 150 63 quia
395 1755 320 63 immutabiliter
658 1755 94 63 a
696 1755 132 63 Deo
752 1755 207 63 sciuntur.
