1256 2056
75 132 118 84 pter
149 132 89 84 si
194 132 89 84 ea
238 132 118 84 quae
312 132 118 84 ille
386 132 207 84 praesciuit
549 132 178 84 ipsorum,
682 132 104 84 non
742 132 118 84 sunt
801 132 148 84 ipsorum,

87 198 110 47 non
150 198 126 47 vere
229 198 126 47 ille
307 198 236 47 praescirit:
496 198 110 47 sed
559 198 126 47 quia
638 198 157 47 illius
732 198 220 47 praescientia

80 240 136 68 falli
171 240 106 68 non
231 240 167 68 potest,
352 240 121 68 sine
428 240 136 68 dubio
519 240 106 68 non
580 240 136 68 alij,
670 240 106 68 sed
731 240 121 68 ipsi
792 240 151 68 peccant,

83 293 133 62 quos
166 293 133 62 Deus
249 293 232 62 peccaturos
431 293 133 62 esse
514 293 249 62 praesciuit.
713 293 199 62 Fecerunt
846 293 99 62 ergo

75 345 206 63 peccatum
229 345 189 63 ludaei,
367 345 137 63 quod
453 345 120 63 eos
522 345 120 63 non
590 345 206 63 compulit
745 345 189 63 facere,
865 345 86 63 cui

78 387 193 68 peccatum
223 387 113 68 non
287 387 177 68 placet:
416 387 113 68 sed
481 387 193 68 facturos
626 387 129 68 esse
706 387 226 68 praedixit,
867 387 81 68 que

79 447 150 44 nihil
179 447 166 44 latet.
296 447 100 44 Et
346 447 133 44 ideo
429 447 100 44 si
479 447 117 44 non
545 447 166 44 malum,
662 447 117 44 sed
729 447 150 44 bonum
812 447 133 44 facere

86 494 241 61 voluissent,
278 494 112 61 non
343 494 289 61 prohiberentur,
583 494 80 61 &
615 494 112 61 hoc
679 494 176 61 facturi
792 494 144 61 praeui-

76 549 200 55 derentur
226 549 100 55 ab
276 549 100 55 eo
326 549 117 55 qui
393 549 150 55 nouit
493 549 133 55 quid
576 549 117 55 sit
643 549 183 55 quisque
760 549 183 55 facturus,

85 596 86 55 &
119 596 137 55 quid
205 596 103 55 ei
256 596 120 55 sit
325 596 120 55 pro
393 596 137 55 eius
479 596 154 55 opere
582 596 257 55 redditurus.
788 596 103 55 Ex
822 596 120 55 horum

73 629 185 75 autem
197 629 144 75 cum
279 629 308 75 Lombardicis
525 629 349 75 comparatione,
792 629 144 75 quan-

80 693 126 75 tum
152 693 198 75 vterque
296 693 162 75 locus
404 693 162 75 inter
512 693 108 75 se
566 693 198 75 distet,
710 693 198 75 apparet
836 693 108 75 eui

68 732 247 58 dentissime-

258 811 216 100 Censura
416 811 118 100 ad
455 811 295 100 Distinctionem

315 903 307 73 XXXVIII

120 959 198 90 VTquam
259 959 278 90 parcissime
477 959 178 90 vitia
596 959 178 90 huius
695 959 258 90 Distinctio-

84 1022 126 73 nis
156 1022 233 73 attingam,
335 1022 143 73 ista
425 1022 161 73 tamen
532 1022 126 73 sex
604 1022 287 73 praetermitti
819 1022 126 73 nullo

87 1071 161 71 modo
188 1071 242 71 possunt.
369 1071 161 71 Volo
470 1071 161 71 enim
570 1071 222 71 benigne
732 1071 101 71 &
752 1071 181 71 clemen-

85 1117 166 81 ter,
189 1117 145 81 imo
272 1117 249 81 beneuole
459 1117 104 81 &
500 1117 187 81 amice
625 1117 270 81 Lombardum
812 1117 125 81 tra

69 1169 151 59 ctare.

126 1193 175 97 Primum
248 1193 175 97 igitur
370 1193 157 97 huius
475 1193 297 97 Distinctionis
719 1193 175 97 vitium
841 1193 140 97 est,

82 1267 241 68 confusio:
268 1267 148 68 quae
361 1267 111 68 in
416 1267 111 68 eo
472 1267 148 68 est,
565 1267 148 68 quod
658 1267 167 68 neque
750 1267 186 68 singulas

91 1311 280 71 quaestiones,
318 1311 140 71 quae
405 1311 122 71 hic
475 1311 297 71 principaliter
720 1311 262 71 tractantur,

88 1368 238 72 perspicue
271 1368 238 72 proponit:
454 1368 165 72 neque
564 1368 110 72 ad
619 1368 128 72 eas
692 1368 293 72 obiectiones,

93 1409 139 71 quae
179 1409 104 71 ex
231 1409 208 71 singulis
387 1409 294 71 quaestionibus
629 1409 225 71 oriuntur,
785 1409 156 71 distin-

91 1463 121 68 cte
160 1463 242 68 respondet.
350 1463 173 68 Itaque
471 1463 138 68 alij
557 1463 104 68 ex
609 1463 294 68 interpretibus
833 1463 104 68 exi-

91 1513 218 61 stimant
250 1513 139 61 hic
329 1513 159 61 vnam
429 1513 199 61 tantum
568 1513 298 61 quaestionem
786 1513 159 61 propo-

89 1556 119 70 ni:
157 1556 136 70 alij
242 1556 153 70 duas:
345 1556 136 70 alij
430 1556 153 70 tres:
532 1556 136 70 alij
617 1556 204 70 quatuor:
771 1556 119 70 est
839 1556 85 70 &
856 1556 85 70 non

89 1613 159 63 nemo,
195 1613 123 63 qui
266 1613 176 63 plures
389 1613 159 63 etiam
495 1613 123 63 hic
565 1613 159 63 tradi
671 1613 176 63 putet:
794 1613 123 63 cum
847 1613 88 63 ta-

86 1652 137 72 men
165 1652 157 72 duae
263 1652 235 72 duntaxat
439 1652 137 72 hic
498 1652 275 72 proponantur.

139 1700 191 57 Alterum
277 1700 174 57 vitium
399 1700 139 57 est,
486 1700 208 57 neglecta
642 1700 191 57 seriei,
781 1700 104 57 ac
816 1700 121 57 ordi-

84 1749 126 79 nis
156 1749 163 79 huius
265 1749 145 79 loci
355 1749 181 79 ratio.
481 1749 126 79 Cum
554 1749 145 79 enim
644 1749 108 79 in
698 1749 163 79 sequ.
788 1749 163 79 Distin
