1268 2056
91 137 173 74 media
206 137 289 74 necessaria,
438 137 96 74 &
476 137 96 74 a
515 137 135 74 Deo
592 137 289 74 praescripta
804 137 154 74 negli

54 197 175 68 gunt.

133 233 235 67 Quartum
304 233 214 67 vitium
453 233 171 67 est,
560 233 171 67 quod
667 233 299 67 annotandum
881 233 85 67 ac

89 292 276 57 explicandum
310 292 166 57 erat,
420 292 129 57 Qua
494 292 203 57 ratione
641 292 147 57 Deus
733 292 258 57 praesciat,

93 342 164 64 vtrum
202 342 109 64 ex
257 342 164 64 Ideis
366 342 255 64 quibusdam,
567 342 146 64 quas
658 342 146 64 sibi
731 342 219 64 repraesen-

87 389 151 69 tet,
182 389 170 69 anres
295 389 170 69 omnes
409 389 208 69 tanquam
560 389 151 69 ante
655 389 114 69 se
712 389 208 69 positas
844 389 114 69 vere

85 434 243 67 intueatur
272 434 225 67 &cernat:
441 434 168 67 vtrum
553 434 187 67 potius
684 434 225 67 discursu
834 434 112 67 quo-

90 489 124 48 dam
161 489 106 48 ac
214 489 319 48 ratiocinatione
480 489 177 48 simili
604 489 213 48 nostrae,
764 489 124 48 vel
817 489 124 48 Ange-

83 530 192 64 lica,
211 530 342 64 (quemadmodum
488 530 214 64 quidam
638 530 299 64 senserunt,
851 530 107 64 vti

85 582 132 59 hoc
161 582 151 59 loco
255 582 207 59 scribit
406 582 188 59 Occan)
537 582 113 59 an
594 582 132 59 vno
669 582 226 59 intuitu,
839 582 94 59 &
858 582 94 59 se-

92 627 131 54 mel
167 627 93 54 &
204 627 112 54 ab
261 627 224 54 aeterno,
429 627 131 54 non
503 627 280 54 successiue,
728 627 131 54 aut
784 627 168 54 connexe

88 680 121 57 res
157 680 156 57 alias
261 680 104 57 ex
313 680 156 57 aliis
417 680 260 57 intelligens
624 680 87 57 &
659 680 242 57 colligens,
832 680 121 57 neque

92 730 113 47 ex
149 730 150 47 noto
243 730 113 47 ad
299 730 207 47 ignotum
449 730 263 47 procedens,
656 730 132 47 vti
731 730 169 47 recte
825 730 132 47 docet

95 777 188 51 Thomas
227 777 113 51 in
283 777 169 51 prima
396 777 169 51 parte
509 777 245 51 Quaestio.
697 777 132 51 I4.
754 777 188 51 Articule

97 823 228 56 septimo.
268 823 152 56 Quae
363 823 266 56 explicatio
573 823 152 56 tota
668 823 133 56 est
744 823 95 56 a
763 823 190 56 Lombardo

80 872 264 66 praetermissa.

152 906 211 76 Quintum,
310 906 175 76 capite
433 906 175 76 tertio
556 906 211 76 sibiipse
714 906 193 76 videtur
837 906 105 76 con-

106 968 202 61 tradicere
262 968 109 61 his
324 968 171 61 verbis,
448 968 140 61 Licet
541 968 124 61 enim
619 968 109 61 non
681 968 155 61 essent
790 968 186 61 futurae,

96 1013 131 53 nisi
178 1013 279 53 praescirentur
407 1013 82 53 a
440 1013 131 53 Deo:
522 1013 115 53 non
587 1013 148 53 tamen
686 1013 131 53 ideo
751 1013 197 53 praesciun-

89 1066 134 64 tur,
173 1066 134 64 quia
256 1066 184 64 futurae
390 1066 150 64 sunt.
490 1066 134 64 Haec
574 1066 134 64 enim
657 1066 251 64 (uαντ:pαriς
841 1066 100 64 con-

93 1117 183 51 tinent,
227 1117 117 51 non
293 1117 217 51 praesciri
460 1117 183 51 futura,
594 1117 133 51 quia
677 1117 167 51 futura
794 1117 150 51 sunt:
877 1117 67 51 i-

88 1165 124 54 tem
159 1165 213 54 videntur
319 1165 266 54 constituere
531 1165 124 54 Dei
602 1165 284 54 praescientia
815 1165 124 54 caus-

90 1208 119 66 sam
158 1208 170 66 rerum,
277 1208 119 66 cum
345 1208 136 66 ait,
430 1208 119 66 Non
498 1208 170 66 essent
617 1208 187 66 futura,
753 1208 136 66 nisi
821 1208 119 66 prae-

90 1257 259 50 scirentur:
294 1257 130 50 vel
368 1257 204 50 seipsum
517 1257 130 50 non
591 1257 130 50 est
665 1257 241 50 assecutus
832 1257 111 50 Lom-

93 1306 201 53 bardus.
239 1306 182 53 Itaque
366 1306 128 53 sic
439 1306 255 53 scribendum
640 1306 164 53 fuit,
749 1306 164 53 Licet
841 1306 109 53 enim

91 1354 90 61 si
136 1354 105 61 non
196 1354 150 61 essent
301 1354 180 61 futurae,
436 1354 105 61 non
496 1354 255 61 praescirentur
705 1354 75 61 a
735 1354 120 61 Deo,
810 1354 120 61 ideo
870 1354 75 61 ta-

88 1405 119 50 men
156 1405 119 50 non
224 1405 136 50 sunt
309 1405 204 50 futurae,
461 1405 136 50 quia
546 1405 288 50 praesciuntur.
783 1405 136 50 Tunc
851 1405 102 50 enim

89 1453 183 55 aperta
217 1453 219 55 Lombardi
381 1453 146 55 mens
472 1453 183 55 foret,
600 1453 91 55 &
637 1453 219 55 sibiipsi
783 1453 164 55 consen

74 1506 144 52 tiens.

127 1543 214 62 Sextum
276 1543 256 62 denique.
468 1543 171 62 Quod
575 1543 171 62 suam
660 1543 278 62 Distinctio-

85 1596 132 52 nem
160 1596 169 52 inter
273 1596 132 52 Dei
349 1596 245 52 Scientiam
537 1596 151 52 quum
631 1596 132 52 pro
706 1596 151 52 sola
782 1596 169 52 notitia

92 1646 241 53 sumitur,
273 1646 101 53 &
313 1646 161 53 quum
414 1646 322 53 beneplacitum
675 1646 181 53 habet
776 1646 161 53 adiun-

95 1696 141 54 ctum
183 1696 158 54 nullo
289 1696 106 54 S.
342 1696 246 54 Scripturae
535 1696 141 54 loco
623 1696 229 54 probauit.
799 1696 141 54 Inde
870 1696 70 54 e-

89 1741 120 66 nim
157 1741 172 66 factum
278 1741 137 66 est,
363 1741 103 66 vt
415 1741 137 66 etsi
501 1741 120 66 est
569 1741 240 66 verissima,
758 1741 86 66 a
775 1741 172 66 discipu
