1220 2030
291 121 111 75 vel
355 121 191 75 futurum,
498 121 143 75 verum
593 121 127 75 est.
672 121 111 75 Non
736 121 159 75 potest
847 121 127 75 ergo
927 121 175 75 nouiter
1054 121 111 75 vel
1101 121 64 75 ex

287 185 178 73 tempore
417 185 146 73 scire
514 185 114 73 vel
579 185 211 73 praescire
741 185 195 73 aliquid:
887 185 146 73 sicut
985 185 114 73 non
1033 185 130 73 potest

292 242 188 62 nouiter
429 242 120 62 vel
497 242 103 62 ex
549 242 188 62 tempore
686 242 154 62 velle
788 242 205 62 aliquid,
943 242 86 62 &
977 242 154 62 tamen
1062 242 86 62 po-

288 289 137 70 test
373 289 154 70 velle
476 289 137 70 quod
561 289 188 70 nunquam
680 289 154 70 voluit.

551 371 289 96 CAP.
695 371 181 96 III

429 447 180 89 Vtrum
549 447 160 89 Deus
649 447 200 89 possit
788 447 180 89 scire
888 447 140 89 plura

597 500 156 67 quam
675 500 137 67 scit.

343 551 155 83 ITEM
439 551 97 83 a
478 551 251 83 quibusdam
671 551 213 83 dicitur
826 551 155 83 Deus
923 551 174 83 posse
1020 551 135 83 plura

296 610 141 76 scire
390 610 125 76 quam
469 610 157 76 sciat,
579 610 125 76 quia
657 610 157 76 potest
767 610 141 76 omnia
861 610 141 76 scire
955 610 125 76 quae
1034 610 141 76 scit,
1112 610 47 76 &

310 664 164 72 potest
425 664 164 72 aliqua
539 664 164 72 facere
654 664 131 72 quae
737 664 181 72 nunquam
868 664 164 72 erunt,
983 664 82 72 &
1016 664 115 72 ila
1065 664 82 72 po-

302 707 120 78 test
377 707 151 78 scire,
483 707 105 78 non
543 707 120 78 enim
618 707 151 78 aliqua
723 707 196 78 incognita
874 707 151 78 facere
979 707 166 78 potest.
1085 707 60 78 Si

309 760 134 62 uero
393 760 151 62 omnia
494 760 168 62 essent
611 760 134 62 quae
695 760 134 62 modo
778 760 151 62 sunt,
879 760 84 62 &
912 760 134 62 alia
996 760 184 62 quaedam

316 811 189 71 faceret,
458 811 126 71 quae
536 811 110 71 non
599 811 126 71 sunt
678 811 110 71 nec
741 811 157 71 erunt,
850 811 79 71 &
882 811 126 71 illa
960 811 141 71 omnia
1039 811 110 71 scret

314 865 113 57 pro
378 865 161 57 certo,
491 865 145 57 plura
588 865 161 57 sciret
701 865 129 57 quam
781 865 129 57 modo
862 865 161 57 sciat:
975 865 129 57 neci
1039 865 113 57 tamen

306 918 122 61 eius
382 918 182 61 scientia
519 918 152 61 augeri
625 918 167 61 potest,
747 918 122 61 quia
823 918 106 61 hoc
883 918 137 61 totum
975 918 137 61 fieri
1051 918 106 61 posse

307 954 129 74 sine
387 954 257 74 mutabilitate
596 954 225 74 scientiae.
773 954 177 74 Constat
902 954 129 74 ergo
982 954 113 74 Dei
1030 954 129 74 scien-

302 1005 136 70 tiam
387 1005 169 70 omnino
505 1005 136 70 esse
590 1005 271 70 immutabilem,
810 1005 119 70 nec
878 1005 169 70 augeri
997 1005 152 70 posse
1081 1005 85 70 vel

306 1058 153 70 minui:
413 1058 107 70 sed
474 1058 92 70 ei
504 1058 168 70 subiecta.

519 1132 273 98 CAP.
655 1132 205 98 IIII

308 1206 148 91 Quod
401 1206 204 91 videtur
550 1206 223 91 aduersum
717 1206 148 91 illi
809 1206 260 91 sententiae
1014 1206 130 91 qua
1069 1206 93 91 su-

397 1272 137 75 pra
476 1272 195 75 dictum
612 1272 156 75 est,
710 1272 156 75 Deum
807 1272 195 75 semper
944 1272 98 75 &
963 1272 98 75 si-

532 1323 138 70 mul
611 1323 178 70 scire
710 1323 158 70 omnia.

360 1380 97 74 EI
408 1380 130 74 vero
489 1380 130 74 quod
571 1380 227 74 praedictum
749 1380 130 74 est,
830 1380 211 74 scilicet,
992 1380 130 74 quod
1057 1380 97 74 Deus

313 1437 154 74 omnia
416 1437 171 74 semper
536 1437 154 74 videt
638 1437 86 74 &
673 1437 171 74 simul,
792 1437 188 74 videtur
929 1437 188 74 obuiare
1049 1437 103 74 quod

314 1484 118 56 ait
381 1484 151 56 Hier.
482 1484 101 56 in
533 1484 252 56 expositione
735 1484 202 56 Abachuc.
886 1484 202 56 Absurdum
1037 1484 135 56 est,

313 1539 179 67 inquit,
443 1539 98 67 ad
492 1539 114 67 hoc
557 1539 195 67 deducere
703 1539 114 67 Dei
768 1539 244 67 maiestatem,
963 1539 98 67 vt
1012 1539 130 67 scat
1077 1539 81 67 per

310 1592 181 49 momenta
441 1592 181 49 singula
573 1592 132 49 quot
655 1592 181 49 culices
787 1592 230 49 nascantur,
968 1592 132 49 quot
1050 1592 99 49 ve
1083 1592 82 49 mo-

307 1642 206 47 riantur,
461 1642 154 47 quota
564 1642 189 47 pulicum
702 1642 86 47 &
736 1642 206 47 muscarum
890 1642 137 47 sit,
959 1642 206 47 multitudo,

302 1684 168 64 quotue
420 1684 168 64 pisces
537 1684 168 64 natent
655 1684 101 64 in
705 1684 168 64 aquis,
823 1684 84 64 &
857 1684 202 64 similia.
1008 1684 118 64 Non
1058 1684 118 64 simus

295 1733 120 55 tam
363 1733 154 55 fatui
466 1733 239 55 adulatores
654 1733 137 55 Dei,
739 1733 102 55 vt
790 1733 120 55 dum
859 1733 273 55 prouidentiam
1064 1733 102 55 eius
