1235 2029
521 108 264 100 CAP.
653 108 132 100 V.

334 203 200 61 Breuis
474 203 180 61 summa
594 203 340 61 praedictorum,
873 203 140 61 cum
933 203 140 61 addi-

504 247 187 71 tione
629 247 292 71 quorundam.

328 307 185 91 SICVT
452 307 206 91 itaque
596 307 103 91 &
637 307 349 91 immutabiliter
924 307 164 91 scit
1007 307 123 91 Deus

281 390 149 50 omnia
381 390 133 50 quae
464 390 199 50 fuerunt,
613 390 83 50 &
646 390 149 50 sunt,
746 390 83 50 &
779 390 166 50 erunt,
895 390 116 50 tam
962 390 133 50 bona
1044 390 133 50 quam

276 439 154 72 mala:
378 439 205 72 praescit
532 439 171 72 quoque
651 439 154 72 omnia
754 439 188 72 futura,
890 439 119 72 tam
958 439 136 72 bona
1044 439 136 72 quam

264 484 144 61 mala.

307 558 274 97 AD
399 558 685 97 DISTINCTIONEM

489 640 322 66 XXXIX

468 717 214 85 AD
575 717 285 85 CAP.
718 717 142 85 I.

330 804 96 78 I
368 804 134 78 Hoc
445 804 134 78 est
522 804 173 78 ergo.
637 804 154 78 Haec
733 804 250 78 sententia
906 804 230 78 transposia

286 861 150 54 est.
380 861 131 54 Nam
455 861 150 54 apud
549 861 263 54 Augustinum
756 861 244 54 praecedit
943 861 150 54 haec
1018 861 113 54 ver-

295 909 115 70 ba,
360 909 181 70 Ideoque
492 909 164 70 nouit,
607 909 115 70 &c.
672 909 115 70 Sic
738 909 164 70 igitur
853 909 181 70 legitur
984 909 115 70 Est
1033 909 99 70 (ver

286 958 152 55 bum)
381 958 133 55 hoc
457 958 190 55 omnino
590 958 152 55 quod
685 958 190 55 Pater,
818 958 133 55 non
894 958 171 55 tamen
989 958 152 55 Pater,

288 1018 130 55 quia
369 1018 130 55 iste
450 1018 178 55 Filius,
579 1018 130 55 ille
660 1018 162 55 Pater.
774 1018 97 55 Ac
822 1018 113 55 per
887 1018 113 55 hoc
952 1018 146 55 nouit
1033 1018 113 55 omnia

294 1059 119 59 quae
368 1059 134 59 nouit
458 1059 149 59 Pater:
562 1059 104 59 sed
621 1059 89 59 ei
666 1059 134 59 nosse
755 1059 89 59 de
799 1059 134 59 Patre
888 1059 119 59 est,
963 1059 134 59 sicut
1037 1059 104 59 esse.

294 1112 145 56 Nosse
391 1112 129 56 enim
471 1112 81 56 &
503 1112 129 56 esse
584 1112 129 56 illi
665 1112 129 56 vnum
745 1112 129 56 est.
826 1112 113 56 Pro
890 1112 129 56 llli
971 1112 129 56 iste
1035 1112 113 56 legit

287 1155 151 57 ibi.
382 1155 208 57 Sumptus
533 1155 132 57 est
609 1155 170 57 locus
722 1155 113 57 ex
779 1155 170 57 libro
873 1155 265 57 decimoquinto

296 1200 110 61 de
351 1200 256 61 Trinitate,
552 1200 183 61 capite
680 1200 311 61 decimoquarto.
937 1200 128 61 Qui
1010 1200 110 61 ad
1046 1200 92 61 hoc

281 1251 302 67 argumentum
519 1251 151 67 vel
605 1251 216 67 nihil,
756 1251 151 67 vel
842 1251 194 67 parum
950 1251 194 67 admodum

284 1300 123 61 facit.

414 1370 185 59 Semper
543 1370 185 59 videat
672 1370 92 59 &
709 1370 185 59 sciat.
838 1370 129 59 Sic
912 1370 166 59 habet
1005 1370 129 59 Augu-

292 1412 175 64 stinus,
419 1412 127 64 Sed,
499 1412 96 64 vt
547 1412 143 64 dixi,
642 1412 143 64 simul
738 1412 143 64 omnia
833 1412 159 64 videt,
945 1412 159 64 quorum
1040 1412 96 64 nul-

286 1458 127 60 lum
358 1458 145 60 est,
449 1458 145 60 quod
539 1458 127 60 non
611 1458 181 60 semper
738 1458 181 60 videt.
865 1458 145 60 Iste
955 1458 199 60 mutauit
1082 1458 54 60 &

293 1520 172 52 verbi
408 1520 192 52 modum,
542 1520 134 52 pro
619 1520 192 52 Videt,
753 1520 287 52 substituens
964 1520 172 52 videat.

289 1559 92 68 &
325 1559 110 68 vt
381 1559 129 68 suo
454 1559 239 68 argumento
638 1559 257 68 inseruiret
840 1559 202 68 addidit
969 1559 165 68 perspi-

293 1607 149 72 cue,
386 1607 186 72 Sciat,
517 1607 149 72 quia
610 1607 112 72 de
665 1607 223 72 scientia
833 1607 130 72 Dei
907 1607 130 72 hic
963 1607 186 72 quaestio

284 1658 168 78 est,
389 1658 168 78 quam
494 1658 189 78 tamen
620 1658 189 78 vocem
745 1658 147 78 non
829 1658 189 78 habet
934 1658 210 78 Augusti

260 1711 135 50 nus.
