1214 2026
283 113 183 74 dotes,
411 113 91 74 &
447 113 219 74 Leuitas,
611 113 91 74 &
648 113 365 74 discipulosihuius
940 113 146 74 vocits

286 173 150 52 Luc.
380 173 132 52 Io.
455 173 169 52 Vers.
568 173 132 52 2o.
643 173 132 52 gI.
718 173 244 52 Quamobrem
906 173 207 52 omissis
1038 173 75 52 eo

286 221 131 56 rum
361 221 262 56 conuitiis,
567 221 169 56 amici
680 221 225 56 officium
848 221 225 56 Lombardo
998 221 131 56 prae-

289 268 138 62 sto,
375 268 155 62 atque
479 268 138 62 hunc
565 268 155 62 locum
668 268 224 62 restituo.
841 268 138 62 Dico
927 268 173 62 igitur
1031 268 86 62 ad-

280 312 197 71 dendam
418 312 157 71 esse
516 312 295 71 negationem,
752 312 98 71 &
792 312 138 71 sic
870 312 256 71 legendum.
1047 312 79 71 Ec

288 364 116 56 non
355 364 166 56 potest
471 364 133 56 modo
554 364 116 56 non
621 364 133 56 esse
704 364 316 56 praedestinatus.
953 364 166 56 Confrmat

286 416 155 58 meam
383 416 311 58 emendationem
635 416 155 58 quod
732 416 194 58 postea
868 416 136 58 hoc
946 416 155 58 ipso
1024 416 97 58 ca-

291 457 129 71 pite
371 457 209 71 sequitur,
532 457 80 71 &
564 457 113 71 est
629 457 145 71 huius
725 457 145 71 dicti
822 457 225 71 repetitio,
982 457 145 71 Distin-

282 516 232 61 guendum
451 516 169 61 enim
557 516 148 61 est
641 516 169 61 quum
747 516 169 61 ait,
852 516 169 61 ISTE
958 516 148 61 NON
1021 516 106 61 Po-

279 576 245 37 TEST
432 576 245 37 MODO
585 576 214 37 NON
708 576 245 37 ESSE
861 576 275 37 PRAED
1014 576 122 37 E-

289 620 283 53 STINATVS.
507 620 240 53 Denique
681 620 240 53 alioqui
856 620 261 53 pugnaret
1030 620 109 53 Lom

287 659 161 69 bardi
394 659 143 69 ipsa
483 659 161 69 secum
591 659 196 69 oratio,
733 659 89 69 &
769 659 250 69 sententia.
965 659 125 69 Hoc
1019 659 107 69 pri-

288 705 136 77 mum
365 705 195 77 igitur
502 705 195 77 vulnus
619 705 136 77 sano.

410 769 128 94 Sed
483 769 165 94 tamen
593 769 183 94 potuit
721 769 165 94 esse.
830 769 201 94 Alterum
977 769 128 94 iam
1032 769 91 94 hic

289 845 220 69 versatur.
458 845 136 69 Haec
543 845 136 69 enim
628 845 169 69 verba,
746 845 169 69 Potuit
865 845 136 69 esse
933 845 186 69 abaeteme,

293 906 128 54 quod
373 906 112 54 non
437 906 144 54 esset
533 906 304 54 praedestinatus,
788 906 112 54 vel
852 906 192 54 glossema
996 906 128 54 sunt
1060 906 64 54 a-

282 939 212 66 licuius
436 939 212 66 nouitij
590 939 231 66 monachi,
764 939 96 66 &
802 939 193 66 nondum
918 939 212 66 Baccalau-

289 1002 119 51 rei
357 1002 119 51 vel
425 1002 237 51 intrantis,
611 1002 203 51 formati:
763 1002 119 51 yel
831 1002 203 51 ipsummet
967 1002 152 51 Lombar-

287 1033 120 73 dum
355 1033 222 73 euertunt.
526 1033 120 73 Nam
595 1033 154 73 docet
697 1033 188 73 aliquem
834 1033 137 73 esse
920 1033 154 73 posse
1005 1033 120 73 prae-

292 1085 262 60 destinatum,
501 1085 122 60 qui
571 1085 157 60 tamen
675 1085 122 60 non
745 1085 122 60 sit
815 1085 227 60 abaeterno
972 1085 157 60 praede-

285 1140 236 52 stinatus.
466 1140 109 52 Id
521 1140 145 52 quod
611 1140 127 52 non
684 1140 145 52 modo
774 1140 181 52 falsum
901 1140 145 52 est,
992 1140 127 52 sed
1046 1140 73 52 ab

277 1188 223 60 ipsomet
439 1188 243 60 Lombardo
621 1188 182 60 infra
742 1188 263 60 refutatur
945 1188 162 60 cap.
1026 1188 101 60 4ex

287 1234 279 63 definitione
510 1234 409 63 praedestinationis,
863 1234 149 63 quam
956 1234 111 63 ex
993 1234 130 63 Augu-

287 1274 165 72 stino
397 1274 92 72 &
434 1274 202 72 affert,
580 1274 92 72 &
617 1274 184 72 probat
746 1274 257 72 Lombardus.
948 1274 147 72 Ergo
1021 1274 92 72 sic

282 1312 166 69 totus
392 1312 129 69 hic
466 1312 166 69 locus
576 1312 221 69 legendus
742 1312 147 69 est,
834 1312 129 69 Non
907 1312 147 69 enim
981 1312 147 69 potest

286 1377 138 71 esse
372 1377 103 71 vt
423 1377 103 71 ab
475 1377 189 71 aeterno
612 1377 120 71 sit
681 1377 309 71 praedestinatus
939 1377 86 71 &
973 1377 138 71 modo
1042 1377 86 71 non

296 1420 104 65 sit
356 1420 284 65 praedestinatus:
595 1420 104 65 nec
654 1420 149 65 potest
759 1420 119 65 esse
833 1420 149 65 simul,
938 1420 90 65 vt
983 1420 90 65 su
1013 1420 104 65 prae-

286 1465 258 68 destinatus
488 1465 92 68 &
525 1465 129 68 non
599 1465 129 68 sit
672 1465 350 68 praedestinatus:
967 1465 129 68 sed
1022 1465 92 68 ra-

284 1520 115 52 men
349 1520 164 52 potuit
464 1520 98 52 ab
513 1520 180 52 aeterno
644 1520 115 52 non
710 1520 131 52 esse
791 1520 311 52 praedestinatus,
1037 1520 82 52 de-

289 1571 195 59 turbato
431 1571 212 59 insulso,
590 1571 88 59 &
626 1571 159 59 falso
732 1571 142 59 illo
820 1571 265 59 glossemate,
1015 1571 106 59 quod

281 1619 142 73 hic
362 1619 324 73 interseritur
625 1619 121 73 in
686 1619 223 73 omnibus
848 1619 263 73 eodicibus
1030 1619 101 73 im

263 1667 184 74 pressis.
