1252 2052
114 98 84 80 A
148 98 101 80 Si
198 98 134 80 vero
282 98 117 80 non
349 98 184 80 fuisset
483 98 319 80 praedestinatus.
751 98 151 80 Adde,
835 98 84 80 aut

42 159 107 57 su
96 159 267 57 bintellige,
309 159 249 57 abaeterno.
505 159 107 57 Si
559 159 143 57 enim
648 159 107 57 ab
701 159 196 57 aeterno
826 159 89 57 non

41 208 191 57 fuisset
180 208 331 57 praedestinatus,
458 208 122 57 nec
528 208 139 57 modo
615 208 157 57 esset
702 208 209 57 praedesti-

32 255 193 60 natus,
167 255 154 60 quia
263 255 135 60 non
340 255 250 60 surrepunt
533 255 135 60 Dei
610 255 289 60 cogitationi
822 255 96 60 no-

45 308 119 57 ura
113 308 136 57 ista
198 308 221 57 consilia,
368 308 102 57 de
419 308 170 57 aliquo
539 308 119 57 iam
607 308 306 57 praedestinando
845 308 68 57 ad

35 361 212 52 alutem,
189 361 116 52 de
247 361 135 52 quo
324 361 116 52 ab
382 361 212 52 aeterno
536 361 135 52 non
613 361 250 52 cogitarat
786 361 135 52 Deus.

49 405 225 60 quicquid
218 405 244 60 contraria
405 405 244 60 sententia
593 405 206 60 proxime
742 405 131 60 hic
799 405 112 60 con-

46 447 244 60 memorata
229 447 285 60 contendat.
452 447 163 60 Haec
554 447 183 60 enim,
676 447 142 60 vel
757 447 122 60 eo
798 447 122 60 ipso

38 494 175 56 satis
154 494 214 56 refutat
310 494 273 56 Lombardus,
524 494 156 56 quod
622 494 175 56 docet
739 494 136 56 eam
797 494 117 56 sta-

43 555 176 56 tuere
161 555 98 56 &
200 555 176 56 velle
317 555 215 56 aliquem
473 555 98 56 a
512 555 137 56 Deo
590 555 156 56 modo
669 555 234 56 praedesti-

50 608 160 44 nari,
157 608 125 44 qui
228 608 125 44 non
300 608 178 44 fuerit
424 608 107 44 ab
478 608 196 44 aeterno
602 608 303 44 praedestinatus.

46 643 168 78 Quod
151 643 147 78 est
235 643 336 78 ineptissimum
509 643 105 78 &
530 643 273 78 blasphemum:

216 718 129 88 Quod
296 718 97 88 in
345 718 242 88 actionibus.
538 718 210 88 Intellige
683 718 226 88 praeteritis,

56 789 109 60 ln
110 789 254 60 actionibus
310 789 127 60 Dei
382 789 127 60 vel
455 789 199 60 hominum
600 789 272 60 praeteritis
799 789 109 60 idem

54 837 135 47 non
131 837 269 47 conceditur
342 837 154 47 quod
438 837 115 47 in
496 837 231 47 futuris,
669 837 135 47 ait
727 837 173 47 Lombar-

66 885 132 67 dus,
149 885 99 67 id
199 885 132 67 est,
281 885 149 67 nulla
381 885 116 67 est
447 885 149 67 earum
546 885 116 67 iam
612 885 265 67 incertitudo,
811 885 99 67 con-

67 938 239 57 tingentia,
255 938 205 57 mutatio,
409 938 120 57 vel
477 938 222 57 suspensio
648 938 222 57 veritatis
802 938 103 57 con-

75 989 224 47 cedenda,
243 989 130 47 vti
318 989 168 47 adhuc
429 989 261 47 futurarum.
634 989 242 47 Praeclare
802 989 112 47 enim

95 1026 203 65 vristoles,
255 1026 116 65 Quod
328 1026 116 65 est,
401 1026 145 65 quando
502 1026 116 65 est,
575 1026 160 65 necesse
691 1026 102 65 est
749 1026 131 65 esse:
822 1026 87 65 Sic,

91 1073 128 74 Quod
171 1073 144 74 fuit,
267 1073 192 74 postquam
412 1073 144 74 fuit,
508 1073 176 74 necesse
636 1073 112 74 est
700 1073 176 74 fuisse.
813 1073 96 74 Ergo

90 1124 242 70 raeteritae
280 1124 104 70 ia
332 1124 259 70 operationes
539 1124 121 70 non
608 1124 190 70 pendent
746 1124 86 70 a
764 1124 138 70 cotin-

86 1171 163 75 entia
194 1171 199 75 futura.
339 1171 163 75 Atque
448 1171 127 75 ita
520 1171 90 75 &
556 1171 199 75 sanatum
701 1171 90 75 &
719 1171 181 75 explica-

66 1231 144 50 tum,
156 1231 90 50 &
192 1231 108 50 in
246 1231 144 50 suos
336 1231 234 50 articulos
516 1231 252 50 restitutum
714 1231 144 50 esse
804 1231 90 50 a
822 1231 90 50 no-

56 1271 135 62 bis
133 1271 135 62 hoc
210 1271 231 62 Lombardi
383 1271 193 62 caput,
518 1271 154 62 boni
615 1271 174 62 omnes
730 1271 212 62 vident,

55 1319 161 52 quod
155 1319 201 52 tandiu
296 1319 221 52 luxatum
457 1319 101 52 &
498 1319 282 52 vulneratum
699 1319 201 52 discipu-

57 1372 225 55 lorummet
226 1372 300 55 negligentia,
470 1372 131 55 vel
545 1372 225 55 inscitia
695 1372 206 55 permanse-

57 1421 164 58 rat.
160 1421 287 58 Experiemur
386 1421 185 58 autem
509 1421 164 58 quam
611 1421 185 58 bonam
734 1421 226 58 gratiam

66 1461 145 77 isti
156 1461 235 77 propterea
337 1461 163 77 nobis
428 1461 217 77 rependent.

208 1539 211 107 AD
313 1539 281 107 CAP.
454 1539 211 107 IIII

214 1628 177 107 Haec,
332 1628 197 107 inquit
470 1628 217 107 regula.
628 1628 177 107 Varie
726 1628 197 107 metorsit
