1244 2072
296 120 243 57 Lombardum
483 120 187 57 arguit
614 120 112 57 ac
670 120 243 57 conuincit
837 120 243 57 falsitatis.

392 181 129 57 Non
465 181 148 57 enim
558 181 129 57 ait
632 181 277 57 Augustinus.
854 181 111 57 Et
909 181 92 57 a
946 181 203 57 Verbis,
1076 181 55 57 &

287 210 94 77 a
325 210 169 77 mente
437 210 244 77 Augustini
625 210 244 77 discessum
813 210 150 77 est.
907 210 113 77 Ac
963 210 188 77 quidem
1076 210 56 77 a

295 270 183 59 mente,
423 270 201 59 quoniam
569 270 128 59 hic
642 270 128 59 est
715 270 183 59 status
843 270 293 59 quaestionis,
1081 270 91 59 &

297 317 314 62 controuersiae
555 317 148 62 apud
648 317 277 62 Augustinum,
869 317 92 62 A
888 317 240 62 quibiuseri-

292 379 192 57 gendum,
431 379 87 57 &
466 379 174 57 quibus
588 379 209 57 donandum
745 379 139 57 sit,
832 379 192 57 superbe
954 379 174 57 iudicant

301 425 259 60 debitores,
504 425 111 60 id
560 425 148 60 est,
652 425 204 60 homines
800 425 167 60 ipsi.
893 425 241 60 Quemadmodam

296 464 176 71 coducti
424 464 96 71 ad
472 464 144 71 illam
568 464 160 71 vineam
680 464 176 71 iniuste
809 464 208 71 indignati
969 464 144 71 sunt,
1049 464 96 71 quia

301 513 218 68 tantundem
469 513 151 68 alijs
570 513 235 68 donaretur,
755 513 185 68 quantum
889 513 151 68 illis
973 513 168 68 reddere-

290 562 155 54 tur.
387 562 136 54 Hic
464 562 175 54 autem
581 562 194 54 docere
716 562 213 54 voluit,
871 562 155 54 quod
949 562 194 54 postremo

289 608 143 56 loco
378 608 232 56 posuerat,
557 608 286 56 obdurationem
789 608 143 56 esse
878 608 250 56 quodammodo
1057 608 89 56 es-

298 663 173 58 fectum
419 663 207 58 aeternae
574 663 311 58 reprobationis,
833 663 190 58 quoniam
953 663 190 58 obduratio

303 709 118 46 est
370 709 101 46 in
421 709 202 46 reprobis
572 709 185 46 gratiae
706 709 218 46 priuatio.
874 709 118 46 Ita
941 709 134 46 quod
1025 709 118 46 est
1076 709 67 46 a-

289 753 145 66 pud
372 753 289 66 Augustinum
599 753 269 66 δεδόμλυὸν
806 753 207 66 medium
930 753 207 66 argumen-

298 808 248 62 tationis,
489 808 172 62 nempe
603 808 153 62 Deum
698 808 133 62 non
775 808 248 62 impellere
946 808 191 62 peccato-

303 852 112 57 res
367 852 96 57 vt
415 852 192 57 peccent:
559 852 96 57 in
607 852 112 57 hac
671 852 224 57 quaestione
848 852 112 57 est
912 852 240 57 ζητούμλυοι,
1088 852 48 57 &

287 895 169 69 illud
400 895 169 69 ipsum
513 895 150 69 quod
606 895 300 69 controuersum
850 895 150 69 est.
944 895 150 69 Ergo
1019 895 113 69 con-

286 944 223 64 fundit,
448 944 243 64 mutatque
630 944 304 64 quaestionem
873 944 101 64 &
893 944 243 64 argumentum

293 989 263 71 Augustini.
500 989 150 71 Quod
594 989 113 71 vt
650 989 207 71 clarius
800 989 244 71 appareat,
969 989 169 71 subucio

293 1041 150 72 ipsa
387 1041 243 72 Augustini
574 1041 187 72 verba,
705 1041 131 72 per
780 1041 150 72 quae
873 1041 243 72 huiusmodi
1041 1041 94 72 ho-

293 1097 178 60 minum
412 1097 119 60 de
471 1097 139 60 Dei
550 1097 218 60 decreto
709 1097 336 60 queritantium,
986 1097 99 60 &
1006 1097 139 60 iuor-

293 1139 206 65 cantium
443 1139 243 65 superbiae
630 1139 262 65 respondet.
836 1139 224 65 Subiicat
985 1139 150 65 igitur

297 1187 258 65 Augustinus,
503 1187 172 65 Itaque
623 1187 155 65 huius
727 1187 258 65 impudentiam
916 1187 223 65 quaestionis

298 1236 111 66 ita
361 1236 189 66 retundit
503 1236 221 66 Apostolus,
677 1236 126 66 Homo
756 1236 95 66 tu
803 1236 126 66 quis
882 1236 111 66 es,
946 1236 111 66 qui
993 1236 142 66 respon-

301 1284 138 60 deas
387 1284 120 60 Deo
456 1284 120 60 Sic
525 1284 138 60 enim
611 1284 224 60 respondet
783 1284 138 60 Deo,
869 1284 138 60 quum
955 1284 103 60 ei
1007 1284 120 60 hoc
1058 1284 69 60 d-

293 1332 215 69 splicet,
454 1332 143 69 quod
544 1332 107 69 de
597 1332 286 69 peccatoribus
830 1332 268 69 conqueritur
1027 1332 107 69 Deus

302 1388 157 62 quasi
406 1388 209 62 quenquam
563 1388 139 62 Deus
650 1388 192 62 peccare
790 1388 174 62 cogat,
912 1388 105 62 si
947 1388 174 62 tantummo

300 1435 99 62 do
349 1435 214 62 quibusdam
514 1435 247 62 peccantibus
712 1435 280 62 misericordiam
926 1435 198 62 tussilica-

291 1489 164 55 tionis
405 1489 131 55 suae
487 1489 278 55 nomlargiatur,
717 1489 82 55 &
749 1489 98 55 ob
798 1489 115 55 hoc
864 1489 180 55 dicatur
979 1489 147 55 obdura-

299 1532 99 52 re
348 1532 214 52 peccantes
512 1532 197 52 quosdam,
660 1532 132 52 quia
743 1532 115 52 non
808 1532 148 52 eorum
907 1532 214 52 miseretur
1055 1532 66 52 n-

297 1586 142 55 quia
386 1586 231 55 impellit,
563 1586 106 55 vt
617 1586 213 55 peccent.
776 1586 160 55 Eorum
883 1586 160 55 autem
989 1586 106 55 no
1025 1586 106 55 mle-

303 1634 174 49 retur,
424 1634 122 49 &c.
494 1634 104 49 In
546 1634 174 49 verbis
668 1634 156 49 autem
772 1634 209 49 recessum
928 1634 139 49 esse
998 1634 139 49 facile

300 1684 115 55 ex
357 1684 134 55 eo,
434 1684 153 55 quod
529 1684 134 55 iam
606 1684 268 55 citauimus,
816 1684 229 55 apparet.
988 1684 153 55 Tota
1065 1684 76 55 e-

298 1736 121 62 nim
367 1736 138 62 haec
453 1736 225 62 sententia
626 1736 173 62 addita
747 1736 138 62 est,
833 1736 121 62 Non
902 1736 138 62 enim
971 1736 173 62 intelli
