<?xml version="1.0" encoding="UTF-8"?>
<alto xmlns:xsi="http://www.w3.org/2001/XMLSchema-instance"
      xmlns="http://www.loc.gov/standards/alto/ns-v2#"
      xmlns:page="http://schema.primaresearch.org/PAGE/gts/pagecontent/2013-07-15"
      xsi:schemaLocation="http://www.loc.gov/standards/alto/ns-v2# http://www.loc.gov/standards/alto/alto.xsd">
   <Description>
      <MeasurementUnit>pixel</MeasurementUnit>
      <OCRProcessing ID="IdOcr">
         <ocrProcessingStep>
            <processingDateTime>2021-02-10T14:41:19.359-05:00</processingDateTime>
            <processingSoftware>
               <softwareCreator>READ COOP</softwareCreator>
               <softwareName>Transkribus</softwareName>
            </processingSoftware>
         </ocrProcessingStep>
      </OCRProcessing>
   </Description>
   <Tags/>
   <Layout>
      <Page ID="Page1" PHYSICAL_IMG_NR="1" HEIGHT="2084" WIDTH="1256">
         <TopMargin HEIGHT="0" WIDTH="1256" VPOS="0" HPOS="0"/>
         <LeftMargin HEIGHT="2084" WIDTH="0" VPOS="0" HPOS="0"/>
         <RightMargin HEIGHT="2084" WIDTH="0" VPOS="0" HPOS="1256"/>
         <BottomMargin HEIGHT="0" WIDTH="1256" VPOS="2084" HPOS="0"/>
         <PrintSpace HEIGHT="2084" WIDTH="1256" VPOS="0" HPOS="0">
            <TextBlock ID="r1" HEIGHT="1647" WIDTH="865" VPOS="102" HPOS="53">
               <Shape>
                  <Polygon POINTS="53,102 53,1749 918,1749 918,102"/>
               </Shape>
               <TextLine ID="r1l3"
                         BASELINE="201"
                         HEIGHT="70"
                         WIDTH="876"
                         VPOS="131"
                         HPOS="47">
                  <String HEIGHT="70"
                          WIDTH="195"
                          VPOS="131"
                          HPOS="28"
                          CONTENT="Aiunt."/>
                  <SP HEIGHT="70" WIDTH="19" VPOS="131" HPOS="222"/>
                  <String HEIGHT="70"
                          WIDTH="234"
                          VPOS="131"
                          HPOS="164"
                          CONTENT="Decretum"/>
                  <SP HEIGHT="70" WIDTH="19" VPOS="131" HPOS="397"/>
                  <String HEIGHT="70"
                          WIDTH="156"
                          VPOS="131"
                          HPOS="339"
                          CONTENT="enim"/>
                  <SP HEIGHT="70" WIDTH="19" VPOS="131" HPOS="495"/>
                  <String HEIGHT="70"
                          WIDTH="175"
                          VPOS="131"
                          HPOS="436"
                          CONTENT="illud"/>
                  <SP HEIGHT="70" WIDTH="19" VPOS="131" HPOS="612"/>
                  <String HEIGHT="70"
                          WIDTH="234"
                          VPOS="131"
                          HPOS="553"
                          CONTENT="aeternum"/>
                  <SP HEIGHT="70" WIDTH="19" VPOS="131" HPOS="787"/>
                  <String HEIGHT="70" WIDTH="136" VPOS="131" HPOS="728" CONTENT="Dei"/>
                  <SP HEIGHT="70" WIDTH="19" VPOS="131" HPOS="865"/>
                  <String HEIGHT="70"
                          WIDTH="136"
                          VPOS="131"
                          HPOS="787"
                          CONTENT="quos"
                          SUBS_TYPE="HypPart1"
                          SUBS_CONTENT="quosdam"/>
                  <HYP CONTENT="-"/>
               </TextLine>
               <TextLine ID="r1l4"
                         BASELINE="253"
                         HEIGHT="57"
                         WIDTH="860"
                         VPOS="196"
                         HPOS="60">
                  <String HEIGHT="57"
                          WIDTH="137"
                          VPOS="196"
                          HPOS="40"
                          CONTENT="dam"
                          SUBS_TYPE="HypPart2"
                          SUBS_CONTENT="quosdam"/>
                  <SP HEIGHT="57" WIDTH="20" VPOS="196" HPOS="177"/>
                  <String HEIGHT="57"
                          WIDTH="215"
                          VPOS="196"
                          HPOS="119"
                          CONTENT="elegit,"/>
                  <SP HEIGHT="57" WIDTH="20" VPOS="196" HPOS="334"/>
                  <String HEIGHT="57"
                          WIDTH="215"
                          VPOS="196"
                          HPOS="275"
                          CONTENT="quosdam"/>
                  <SP HEIGHT="57" WIDTH="20" VPOS="196" HPOS="490"/>
                  <String HEIGHT="57"
                          WIDTH="293"
                          VPOS="196"
                          HPOS="431"
                          CONTENT="reprobauit."/>
                  <SP HEIGHT="57" WIDTH="20" VPOS="196" HPOS="725"/>
                  <String HEIGHT="57" WIDTH="117" VPOS="196" HPOS="666" CONTENT="i."/>
                  <SP HEIGHT="57" WIDTH="20" VPOS="196" HPOS="783"/>
                  <String HEIGHT="57"
                          WIDTH="176"
                          VPOS="196"
                          HPOS="725"
                          CONTENT="omnes"/>
                  <SP HEIGHT="57" WIDTH="20" VPOS="196" HPOS="900"/>
                  <String HEIGHT="57" WIDTH="98" VPOS="196" HPOS="822" CONTENT="non"/>
               </TextLine>
               <TextLine ID="r1l5"
                         BASELINE="312"
                         HEIGHT="58"
                         WIDTH="856"
                         VPOS="254"
                         HPOS="58">
                  <String HEIGHT="58"
                          WIDTH="209"
                          VPOS="254"
                          HPOS="39"
                          CONTENT="electos"/>
                  <SP HEIGHT="58" WIDTH="19" VPOS="254" HPOS="248"/>
                  <String HEIGHT="58"
                          WIDTH="228"
                          VPOS="254"
                          HPOS="191"
                          CONTENT="reiecit."/>
                  <SP HEIGHT="58" WIDTH="19" VPOS="254" HPOS="419"/>
                  <String HEIGHT="58"
                          WIDTH="342"
                          VPOS="254"
                          HPOS="362"
                          CONTENT="Praedestinatio"/>
                  <SP HEIGHT="58" WIDTH="19" VPOS="254" HPOS="705"/>
                  <String HEIGHT="58"
                          WIDTH="152"
                          VPOS="254"
                          HPOS="648"
                          CONTENT="vero"/>
                  <SP HEIGHT="58" WIDTH="19" VPOS="254" HPOS="800"/>
                  <String HEIGHT="58"
                          WIDTH="190"
                          VPOS="254"
                          HPOS="724"
                          CONTENT="vtrisque"/>
               </TextLine>
               <TextLine ID="r1l6"
                         BASELINE="354"
                         HEIGHT="62"
                         WIDTH="862"
                         VPOS="292"
                         HPOS="56">
                  <String HEIGHT="62"
                          WIDTH="252"
                          VPOS="292"
                          HPOS="35"
                          CONTENT="communis"/>
                  <SP HEIGHT="62" WIDTH="21" VPOS="292" HPOS="287"/>
                  <String HEIGHT="62"
                          WIDTH="168"
                          VPOS="292"
                          HPOS="224"
                          CONTENT="est."/>
                  <SP HEIGHT="62" WIDTH="21" VPOS="292" HPOS="392"/>
                  <String HEIGHT="62" WIDTH="147" VPOS="292" HPOS="329" CONTENT="Nam"/>
                  <SP HEIGHT="62" WIDTH="21" VPOS="292" HPOS="476"/>
                  <String HEIGHT="62" WIDTH="147" VPOS="292" HPOS="413" CONTENT="cum"/>
                  <SP HEIGHT="62" WIDTH="21" VPOS="292" HPOS="561"/>
                  <String HEIGHT="62"
                          WIDTH="168"
                          VPOS="292"
                          HPOS="498"
                          CONTENT="illa"/>
                  <SP HEIGHT="62" WIDTH="21" VPOS="292" HPOS="666"/>
                  <String HEIGHT="62" WIDTH="147" VPOS="292" HPOS="603" CONTENT="sit"/>
                  <SP HEIGHT="62" WIDTH="21" VPOS="292" HPOS="750"/>
                  <String HEIGHT="62"
                          WIDTH="231"
                          VPOS="292"
                          HPOS="687"
                          CONTENT="hominis"/>
                  <SP HEIGHT="62" WIDTH="21" VPOS="292" HPOS="918"/>
                  <String HEIGHT="62" WIDTH="84" VPOS="292" HPOS="834" CONTENT="ad"/>
               </TextLine>
               <TextLine ID="r1l7"
                         BASELINE="403"
                         HEIGHT="56"
                         WIDTH="858"
                         VPOS="347"
                         HPOS="54">
                  <String HEIGHT="56" WIDTH="156" VPOS="347" HPOS="35" CONTENT="suum"/>
                  <SP HEIGHT="56" WIDTH="20" VPOS="347" HPOS="191"/>
                  <String HEIGHT="56"
                          WIDTH="195"
                          VPOS="347"
                          HPOS="132"
                          CONTENT="finem,"/>
                  <SP HEIGHT="56" WIDTH="20" VPOS="347" HPOS="327"/>
                  <String HEIGHT="56" WIDTH="98" VPOS="347" HPOS="269" CONTENT="&amp;"/>
                  <SP HEIGHT="56" WIDTH="20" VPOS="347" HPOS="366"/>
                  <String HEIGHT="56" WIDTH="117" VPOS="347" HPOS="307" CONTENT="ad"/>
                  <SP HEIGHT="56" WIDTH="20" VPOS="347" HPOS="425"/>
                  <String HEIGHT="56" WIDTH="117" VPOS="347" HPOS="366" CONTENT="ea"/>
                  <SP HEIGHT="56" WIDTH="20" VPOS="347" HPOS="483"/>
                  <String HEIGHT="56"
                          WIDTH="176"
                          VPOS="347"
                          HPOS="425"
                          CONTENT="omnia"/>
                  <SP HEIGHT="56" WIDTH="20" VPOS="347" HPOS="600"/>
                  <String HEIGHT="56"
                          WIDTH="195"
                          VPOS="347"
                          HPOS="542"
                          CONTENT="media,"/>
                  <SP HEIGHT="56" WIDTH="20" VPOS="347" HPOS="737"/>
                  <String HEIGHT="56" WIDTH="137" VPOS="347" HPOS="678" CONTENT="per"/>
                  <SP HEIGHT="56" WIDTH="20" VPOS="347" HPOS="815"/>
                  <String HEIGHT="56"
                          WIDTH="156"
                          VPOS="347"
                          HPOS="756"
                          CONTENT="quae"/>
                  <SP HEIGHT="56" WIDTH="20" VPOS="347" HPOS="912"/>
                  <String HEIGHT="56" WIDTH="78" VPOS="347" HPOS="834" CONTENT="ad"/>
               </TextLine>
               <TextLine ID="r1l8"
                         BASELINE="440"
                         HEIGHT="50"
                         WIDTH="857"
                         VPOS="390"
                         HPOS="62">
                  <String HEIGHT="50" WIDTH="136" VPOS="390" HPOS="43" CONTENT="eum"/>
                  <SP HEIGHT="50" WIDTH="19" VPOS="390" HPOS="179"/>
                  <String HEIGHT="50"
                          WIDTH="175"
                          VPOS="390"
                          HPOS="120"
                          CONTENT="finem"/>
                  <SP HEIGHT="50" WIDTH="19" VPOS="390" HPOS="296"/>
                  <String HEIGHT="50"
                          WIDTH="312"
                          VPOS="390"
                          HPOS="237"
                          CONTENT="perueniendum"/>
                  <SP HEIGHT="50" WIDTH="19" VPOS="390" HPOS="549"/>
                  <String HEIGHT="50" WIDTH="136" VPOS="390" HPOS="491" CONTENT="est"/>
                  <SP HEIGHT="50" WIDTH="19" VPOS="390" HPOS="627"/>
                  <String HEIGHT="50"
                          WIDTH="253"
                          VPOS="390"
                          HPOS="568"
                          CONTENT="ordinatio"/>
                  <SP HEIGHT="50" WIDTH="19" VPOS="390" HPOS="822"/>
                  <String HEIGHT="50" WIDTH="97" VPOS="390" HPOS="763" CONTENT=":"/>
                  <SP HEIGHT="50" WIDTH="19" VPOS="390" HPOS="861"/>
                  <String HEIGHT="50"
                          WIDTH="136"
                          VPOS="390"
                          HPOS="783"
                          CONTENT="certe"/>
               </TextLine>
               <TextLine ID="r1l9"
                         BASELINE="489"
                         HEIGHT="49"
                         WIDTH="853"
                         VPOS="440"
                         HPOS="70">
                  <String HEIGHT="49" WIDTH="109" VPOS="440" HPOS="52" CONTENT="Vt"/>
                  <SP HEIGHT="49" WIDTH="18" VPOS="440" HPOS="161"/>
                  <String HEIGHT="49"
                          WIDTH="145"
                          VPOS="440"
                          HPOS="106"
                          CONTENT="suus"/>
                  <SP HEIGHT="49" WIDTH="18" VPOS="440" HPOS="251"/>
                  <String HEIGHT="49" WIDTH="127" VPOS="440" HPOS="197" CONTENT="est"/>
                  <SP HEIGHT="49" WIDTH="18" VPOS="440" HPOS="324"/>
                  <String HEIGHT="49"
                          WIDTH="254"
                          VPOS="440"
                          HPOS="270"
                          CONTENT="Reprobatis"/>
                  <SP HEIGHT="49" WIDTH="18" VPOS="440" HPOS="524"/>
                  <String HEIGHT="49"
                          WIDTH="181"
                          VPOS="440"
                          HPOS="469"
                          CONTENT="finis,"/>
                  <SP HEIGHT="49" WIDTH="18" VPOS="440" HPOS="651"/>
                  <String HEIGHT="49"
                          WIDTH="181"
                          VPOS="440"
                          HPOS="596"
                          CONTENT="suaque"/>
                  <SP HEIGHT="49" WIDTH="18" VPOS="440" HPOS="778"/>
                  <String HEIGHT="49"
                          WIDTH="181"
                          VPOS="440"
                          HPOS="723"
                          CONTENT="media:"/>
                  <SP HEIGHT="49" WIDTH="18" VPOS="440" HPOS="905"/>
                  <String HEIGHT="49" WIDTH="91" VPOS="440" HPOS="832" CONTENT="sic"/>
               </TextLine>
               <TextLine ID="r1l10"
                         BASELINE="546"
                         HEIGHT="59"
                         WIDTH="863"
                         VPOS="487"
                         HPOS="58">
                  <String HEIGHT="59"
                          WIDTH="198"
                          VPOS="487"
                          HPOS="40"
                          CONTENT="aeetiam"/>
                  <SP HEIGHT="59" WIDTH="18" VPOS="487" HPOS="238"/>
                  <String HEIGHT="59" WIDTH="126" VPOS="487" HPOS="184" CONTENT="sua"/>
                  <SP HEIGHT="59" WIDTH="18" VPOS="487" HPOS="310"/>
                  <String HEIGHT="59"
                          WIDTH="252"
                          VPOS="487"
                          HPOS="256"
                          CONTENT="Reprobatis"/>
                  <SP HEIGHT="59" WIDTH="18" VPOS="487" HPOS="507"/>
                  <String HEIGHT="59"
                          WIDTH="324"
                          VPOS="487"
                          HPOS="454"
                          CONTENT="Praedestinatio"/>
                  <SP HEIGHT="59" WIDTH="18" VPOS="487" HPOS="777"/>
                  <String HEIGHT="59"
                          WIDTH="144"
                          VPOS="487"
                          HPOS="723"
                          CONTENT="est."/>
                  <SP HEIGHT="59" WIDTH="18" VPOS="487" HPOS="867"/>
                  <String HEIGHT="59" WIDTH="126" VPOS="487" HPOS="813" CONTENT="Sed"/>
                  <SP HEIGHT="59" WIDTH="18" VPOS="487" HPOS="939"/>
                  <String HEIGHT="59" WIDTH="54" VPOS="487" HPOS="867" CONTENT="&amp;"/>
               </TextLine>
               <TextLine ID="r1l11"
                         BASELINE="587"
                         HEIGHT="55"
                         WIDTH="856"
                         VPOS="532"
                         HPOS="62">
                  <String HEIGHT="55" WIDTH="136" VPOS="532" HPOS="43" CONTENT="sic"/>
                  <SP HEIGHT="55" WIDTH="19" VPOS="532" HPOS="179"/>
                  <String HEIGHT="55"
                          WIDTH="233"
                          VPOS="532"
                          HPOS="120"
                          CONTENT="Apostoli"/>
                  <SP HEIGHT="55" WIDTH="19" VPOS="532" HPOS="354"/>
                  <String HEIGHT="55"
                          WIDTH="195"
                          VPOS="532"
                          HPOS="295"
                          CONTENT="quoque"/>
                  <SP HEIGHT="55" WIDTH="19" VPOS="532" HPOS="490"/>
                  <String HEIGHT="55"
                          WIDTH="214"
                          VPOS="532"
                          HPOS="432"
                          CONTENT="loquuti"/>
                  <SP HEIGHT="55" WIDTH="19" VPOS="532" HPOS="646"/>
                  <String HEIGHT="55"
                          WIDTH="175"
                          VPOS="532"
                          HPOS="587"
                          CONTENT="sunt,"/>
                  <SP HEIGHT="55" WIDTH="19" VPOS="532" HPOS="762"/>
                  <String HEIGHT="55"
                          WIDTH="233"
                          VPOS="532"
                          HPOS="685"
                          CONTENT="Reprobatos"/>
               </TextLine>
               <TextLine ID="r1l12"
                         BASELINE="646"
                         HEIGHT="61"
                         WIDTH="843"
                         VPOS="585"
                         HPOS="70">
                  <String HEIGHT="61" WIDTH="150" VPOS="585" HPOS="51" CONTENT="enim"/>
                  <SP HEIGHT="61" WIDTH="19" VPOS="585" HPOS="201"/>
                  <String HEIGHT="61"
                          WIDTH="225"
                          VPOS="585"
                          HPOS="145"
                          CONTENT="appellat"/>
                  <SP HEIGHT="61" WIDTH="19" VPOS="585" HPOS="370"/>
                  <String HEIGHT="61"
                          WIDTH="169"
                          VPOS="585"
                          HPOS="314"
                          CONTENT="ludas"/>
                  <SP HEIGHT="61" WIDTH="19" VPOS="585" HPOS="482"/>
                  <String HEIGHT="61"
                          WIDTH="337"
                          VPOS="585"
                          HPOS="426"
                          CONTENT="ταοκνενμμενως."/>
                  <SP HEIGHT="61" WIDTH="19" VPOS="585" HPOS="763"/>
                  <String HEIGHT="61"
                          WIDTH="150"
                          VPOS="585"
                          HPOS="707"
                          CONTENT="Iud,"/>
                  <SP HEIGHT="61" WIDTH="19" VPOS="585" HPOS="857"/>
                  <String HEIGHT="61"
                          WIDTH="131"
                          VPOS="585"
                          HPOS="782"
                          CONTENT="epist"/>
               </TextLine>
               <TextLine ID="r1l13"
                         BASELINE="693"
                         HEIGHT="49"
                         WIDTH="852"
                         VPOS="644"
                         HPOS="64">
                  <String HEIGHT="49"
                          WIDTH="156"
                          VPOS="644"
                          HPOS="47"
                          CONTENT="Versi"/>
                  <SP HEIGHT="49" WIDTH="17" VPOS="644" HPOS="203"/>
                  <String HEIGHT="49" WIDTH="104" VPOS="644" HPOS="151" CONTENT="4,"/>
                  <SP HEIGHT="49" WIDTH="17" VPOS="644" HPOS="255"/>
                  <String HEIGHT="49" WIDTH="87" VPOS="644" HPOS="203" CONTENT="&amp;"/>
                  <SP HEIGHT="49" WIDTH="17" VPOS="644" HPOS="290"/>
                  <String HEIGHT="49"
                          WIDTH="174"
                          VPOS="644"
                          HPOS="238"
                          CONTENT="Paulus"/>
                  <SP HEIGHT="49" WIDTH="17" VPOS="644" HPOS="412"/>
                  <String HEIGHT="49"
                          WIDTH="226"
                          VPOS="644"
                          HPOS="360"
                          CONTENT="ταζζιντας"/>
                  <SP HEIGHT="49" WIDTH="17" VPOS="644" HPOS="586"/>
                  <String HEIGHT="49" WIDTH="87" VPOS="644" HPOS="533" CONTENT="&amp;"/>
                  <SP HEIGHT="49" WIDTH="17" VPOS="644" HPOS="620"/>
                  <String HEIGHT="49"
                          WIDTH="296"
                          VPOS="644"
                          HPOS="568"
                          CONTENT="κατρniσμiνως."/>
                  <SP HEIGHT="49" WIDTH="17" VPOS="644" HPOS="864"/>
                  <String HEIGHT="49"
                          WIDTH="122"
                          VPOS="644"
                          HPOS="794"
                          CONTENT="Roma."/>
               </TextLine>
               <TextLine ID="r1l14"
                         BASELINE="736"
                         HEIGHT="56"
                         WIDTH="841"
                         VPOS="680"
                         HPOS="69">
                  <String HEIGHT="56" WIDTH="103" VPOS="680" HPOS="52" CONTENT="&amp;."/>
                  <SP HEIGHT="56" WIDTH="17" VPOS="680" HPOS="155"/>
                  <String HEIGHT="56"
                          WIDTH="154"
                          VPOS="680"
                          HPOS="103"
                          CONTENT="Versi"/>
                  <SP HEIGHT="56" WIDTH="17" VPOS="680" HPOS="258"/>
                  <String HEIGHT="56" WIDTH="120" VPOS="680" HPOS="206" CONTENT="22:"/>
                  <SP HEIGHT="56" WIDTH="17" VPOS="680" HPOS="326"/>
                  <String HEIGHT="56" WIDTH="86" VPOS="680" HPOS="275" CONTENT="&amp;"/>
                  <SP HEIGHT="56" WIDTH="17" VPOS="680" HPOS="361"/>
                  <String HEIGHT="56"
                          WIDTH="172"
                          VPOS="680"
                          HPOS="309"
                          CONTENT="Patres"/>
                  <SP HEIGHT="56" WIDTH="17" VPOS="680" HPOS="481"/>
                  <String HEIGHT="56"
                          WIDTH="172"
                          VPOS="680"
                          HPOS="429"
                          CONTENT="etiam,"/>
                  <SP HEIGHT="56" WIDTH="17" VPOS="680" HPOS="601"/>
                  <String HEIGHT="56" WIDTH="103" VPOS="680" HPOS="550" CONTENT="vt"/>
                  <SP HEIGHT="56" WIDTH="17" VPOS="680" HPOS="653"/>
                  <String HEIGHT="56"
                          WIDTH="154"
                          VPOS="680"
                          HPOS="601"
                          CONTENT="autor"/>
                  <SP HEIGHT="56" WIDTH="17" VPOS="680" HPOS="756"/>
                  <String HEIGHT="56"
                          WIDTH="154"
                          VPOS="680"
                          HPOS="704"
                          CONTENT="libri"/>
                  <SP HEIGHT="56" WIDTH="17" VPOS="680" HPOS="859"/>
                  <String HEIGHT="56" WIDTH="103" VPOS="680" HPOS="807" CONTENT="de"/>
                  <SP HEIGHT="56" WIDTH="17" VPOS="680" HPOS="910"/>
                  <String HEIGHT="56" WIDTH="69" VPOS="680" HPOS="841" CONTENT="vo"/>
               </TextLine>
               <TextLine ID="r1l15"
                         BASELINE="784"
                         HEIGHT="56"
                         WIDTH="835"
                         VPOS="728"
                         HPOS="73">
                  <String HEIGHT="56"
                          WIDTH="187"
                          VPOS="728"
                          HPOS="56"
                          CONTENT="catione"/>
                  <SP HEIGHT="56" WIDTH="17" VPOS="728" HPOS="243"/>
                  <String HEIGHT="56"
                          WIDTH="187"
                          VPOS="728"
                          HPOS="192"
                          CONTENT="gentium"/>
                  <SP HEIGHT="56" WIDTH="17" VPOS="728" HPOS="380"/>
                  <String HEIGHT="56"
                          WIDTH="324"
                          VPOS="728"
                          HPOS="329"
                          CONTENT="praedestinatos."/>
                  <SP HEIGHT="56" WIDTH="17" VPOS="728" HPOS="652"/>
                  <String HEIGHT="56"
                          WIDTH="187"
                          VPOS="728"
                          HPOS="601"
                          CONTENT="adeoque"/>
                  <SP HEIGHT="56" WIDTH="17" VPOS="728" HPOS="789"/>
                  <String HEIGHT="56"
                          WIDTH="153"
                          VPOS="728"
                          HPOS="738"
                          CONTENT="saepe"/>
                  <SP HEIGHT="56" WIDTH="17" VPOS="728" HPOS="891"/>
                  <String HEIGHT="56"
                          WIDTH="85"
                          VPOS="728"
                          HPOS="823"
                          CONTENT="Au"
                          SUBS_TYPE="HypPart1"
                          SUBS_CONTENT="August."/>
                  <HYP CONTENT="-"/>
               </TextLine>
               <TextLine ID="r1l16"
                         BASELINE="837"
                         HEIGHT="59"
                         WIDTH="837"
                         VPOS="778"
                         HPOS="67">
                  <String HEIGHT="59"
                          WIDTH="151"
                          VPOS="778"
                          HPOS="50"
                          CONTENT="gust."
                          SUBS_TYPE="HypPart2"
                          SUBS_CONTENT="August."/>
                  <SP HEIGHT="59" WIDTH="17" VPOS="778" HPOS="201"/>
                  <String HEIGHT="59"
                          WIDTH="151"
                          VPOS="778"
                          HPOS="151"
                          CONTENT="ipse,"/>
                  <SP HEIGHT="59" WIDTH="17" VPOS="778" HPOS="301"/>
                  <String HEIGHT="59" WIDTH="117" VPOS="778" HPOS="251" CONTENT="qui"/>
                  <SP HEIGHT="59" WIDTH="17" VPOS="778" HPOS="368"/>
                  <String HEIGHT="59"
                          WIDTH="151"
                          VPOS="778"
                          HPOS="318"
                          CONTENT="tamen"/>
                  <SP HEIGHT="59" WIDTH="17" VPOS="778" HPOS="469"/>
                  <String HEIGHT="59"
                          WIDTH="167"
                          VPOS="778"
                          HPOS="419"
                          CONTENT="postea"/>
                  <SP HEIGHT="59" WIDTH="17" VPOS="778" HPOS="586"/>
                  <String HEIGHT="59"
                          WIDTH="352"
                          VPOS="778"
                          HPOS="536"
                          CONTENT="praedestinationis"/>
                  <SP HEIGHT="59" WIDTH="17" VPOS="778" HPOS="887"/>
                  <String HEIGHT="59"
                          WIDTH="84"
                          VPOS="778"
                          HPOS="820"
                          CONTENT="vo"
                          SUBS_TYPE="HypPart1"
                          SUBS_CONTENT="vocem"/>
                  <HYP CONTENT="-"/>
               </TextLine>
               <TextLine ID="r1l17"
                         BASELINE="882"
                         HEIGHT="59"
                         WIDTH="833"
                         VPOS="823"
                         HPOS="74">
                  <String HEIGHT="59"
                          WIDTH="119"
                          VPOS="823"
                          HPOS="57"
                          CONTENT="cem"
                          SUBS_TYPE="HypPart2"
                          SUBS_CONTENT="vocem"/>
                  <SP HEIGHT="59" WIDTH="17" VPOS="823" HPOS="176"/>
                  <String HEIGHT="59" WIDTH="102" VPOS="823" HPOS="125" CONTENT="ad"/>
                  <SP HEIGHT="59" WIDTH="17" VPOS="823" HPOS="227"/>
                  <String HEIGHT="59"
                          WIDTH="153"
                          VPOS="823"
                          HPOS="176"
                          CONTENT="solos"/>
                  <SP HEIGHT="59" WIDTH="17" VPOS="823" HPOS="329"/>
                  <String HEIGHT="59"
                          WIDTH="187"
                          VPOS="823"
                          HPOS="278"
                          CONTENT="electos"/>
                  <SP HEIGHT="59" WIDTH="17" VPOS="823" HPOS="465"/>
                  <String HEIGHT="59"
                          WIDTH="255"
                          VPOS="823"
                          HPOS="414"
                          CONTENT="restrinxit."/>
                  <SP HEIGHT="59" WIDTH="17" VPOS="823" HPOS="669"/>
                  <String HEIGHT="59"
                          WIDTH="136"
                          VPOS="823"
                          HPOS="618"
                          CONTENT="Vnde"/>
                  <SP HEIGHT="59" WIDTH="17" VPOS="823" HPOS="754"/>
                  <String HEIGHT="59"
                          WIDTH="170"
                          VPOS="823"
                          HPOS="703"
                          CONTENT="factum"/>
                  <SP HEIGHT="59" WIDTH="17" VPOS="823" HPOS="873"/>
                  <String HEIGHT="59"
                          WIDTH="102"
                          VPOS="823"
                          HPOS="805"
                          CONTENT="est,"/>
               </TextLine>
               <TextLine ID="r1l18"
                         BASELINE="928"
                         HEIGHT="57"
                         WIDTH="838"
                         VPOS="871"
                         HPOS="75">
                  <String HEIGHT="57" WIDTH="105" VPOS="871" HPOS="58" CONTENT="vt"/>
                  <SP HEIGHT="57" WIDTH="17" VPOS="871" HPOS="162"/>
                  <String HEIGHT="57"
                          WIDTH="175"
                          VPOS="871"
                          HPOS="110"
                          CONTENT="postea"/>
                  <SP HEIGHT="57" WIDTH="17" VPOS="871" HPOS="285"/>
                  <String HEIGHT="57"
                          WIDTH="227"
                          VPOS="871"
                          HPOS="232"
                          CONTENT="reprobati"/>
                  <SP HEIGHT="57" WIDTH="17" VPOS="871" HPOS="459"/>
                  <String HEIGHT="57"
                          WIDTH="297"
                          VPOS="871"
                          HPOS="407"
                          CONTENT="appellarentur"/>
                  <SP HEIGHT="57" WIDTH="17" VPOS="871" HPOS="704"/>
                  <String HEIGHT="57"
                          WIDTH="244"
                          VPOS="871"
                          HPOS="651"
                          CONTENT="Praesciti,"/>
                  <SP HEIGHT="57" WIDTH="17" VPOS="871" HPOS="896"/>
                  <String HEIGHT="57" WIDTH="87" VPOS="871" HPOS="826" CONTENT="non"/>
               </TextLine>
               <TextLine ID="r1l19"
                         BASELINE="976"
                         HEIGHT="55"
                         WIDTH="823"
                         VPOS="921"
                         HPOS="84">
                  <String HEIGHT="55"
                          WIDTH="315"
                          VPOS="921"
                          HPOS="66"
                          CONTENT="praedestinati."/>
                  <SP HEIGHT="55" WIDTH="18" VPOS="921" HPOS="382"/>
                  <String HEIGHT="55" WIDTH="123" VPOS="921" HPOS="329" CONTENT="Sic"/>
                  <SP HEIGHT="55" WIDTH="18" VPOS="921" HPOS="452"/>
                  <String HEIGHT="55" WIDTH="105" VPOS="921" HPOS="399" CONTENT="in"/>
                  <SP HEIGHT="55" WIDTH="18" VPOS="921" HPOS="504"/>
                  <String HEIGHT="55"
                          WIDTH="193"
                          VPOS="921"
                          HPOS="452"
                          CONTENT="Concil."/>
                  <SP HEIGHT="55" WIDTH="18" VPOS="921" HPOS="644"/>
                  <String HEIGHT="55"
                          WIDTH="175"
                          VPOS="921"
                          HPOS="592"
                          CONTENT="Basil."/>
                  <SP HEIGHT="55" WIDTH="18" VPOS="921" HPOS="767"/>
                  <String HEIGHT="55" WIDTH="88" VPOS="921" HPOS="714" CONTENT="&amp;"/>
                  <SP HEIGHT="55" WIDTH="18" VPOS="921" HPOS="802"/>
                  <String HEIGHT="55"
                          WIDTH="175"
                          VPOS="921"
                          HPOS="732"
                          CONTENT="Constan"
                          SUBS_TYPE="HypPart1"
                          SUBS_CONTENT="Constantiensi."/>
                  <HYP CONTENT="-"/>
               </TextLine>
               <TextLine ID="r1l20"
                         BASELINE="1030"
                         HEIGHT="54"
                         WIDTH="835"
                         VPOS="976"
                         HPOS="79">
                  <String HEIGHT="54"
                          WIDTH="191"
                          VPOS="976"
                          HPOS="62"
                          CONTENT="tiensi."
                          SUBS_TYPE="HypPart2"
                          SUBS_CONTENT="Constantiensi."/>
                  <SP HEIGHT="54" WIDTH="17" VPOS="976" HPOS="253"/>
                  <String HEIGHT="54"
                          WIDTH="139"
                          VPOS="976"
                          HPOS="201"
                          CONTENT="Sed,"/>
                  <SP HEIGHT="54" WIDTH="17" VPOS="976" HPOS="340"/>
                  <String HEIGHT="54"
                          WIDTH="139"
                          VPOS="976"
                          HPOS="288"
                          CONTENT="quod"/>
                  <SP HEIGHT="54" WIDTH="17" VPOS="976" HPOS="427"/>
                  <String HEIGHT="54"
                          WIDTH="139"
                          VPOS="976"
                          HPOS="375"
                          CONTENT="isti"/>
                  <SP HEIGHT="54" WIDTH="17" VPOS="976" HPOS="514"/>
                  <String HEIGHT="54"
                          WIDTH="209"
                          VPOS="976"
                          HPOS="462"
                          CONTENT="metuunt,"/>
                  <SP HEIGHT="54" WIDTH="17" VPOS="976" HPOS="670"/>
                  <String HEIGHT="54" WIDTH="122" VPOS="976" HPOS="618" CONTENT="ne,"/>
                  <SP HEIGHT="54" WIDTH="17" VPOS="976" HPOS="740"/>
                  <String HEIGHT="54" WIDTH="104" VPOS="976" HPOS="688" CONTENT="si"/>
                  <SP HEIGHT="54" WIDTH="17" VPOS="976" HPOS="792"/>
                  <String HEIGHT="54"
                          WIDTH="191"
                          VPOS="976"
                          HPOS="723"
                          CONTENT="Reprobati"/>
               </TextLine>
               <TextLine ID="r1l21"
                         BASELINE="1069"
                         HEIGHT="52"
                         WIDTH="814"
                         VPOS="1017"
                         HPOS="89">
                  <String HEIGHT="52"
                          WIDTH="222"
                          VPOS="1017"
                          HPOS="71"
                          CONTENT="dicantur"/>
                  <SP HEIGHT="52" WIDTH="19" VPOS="1017" HPOS="293"/>
                  <String HEIGHT="52"
                          WIDTH="185"
                          VPOS="1017"
                          HPOS="237"
                          CONTENT="quoque"/>
                  <SP HEIGHT="52" WIDTH="19" VPOS="1017" HPOS="422"/>
                  <String HEIGHT="52"
                          WIDTH="333"
                          VPOS="1017"
                          HPOS="367"
                          CONTENT="Praedestinati,"/>
                  <SP HEIGHT="52" WIDTH="19" VPOS="1017" HPOS="700"/>
                  <String HEIGHT="52"
                          WIDTH="148"
                          VPOS="1017"
                          HPOS="644"
                          CONTENT="Deus"/>
                  <SP HEIGHT="52" WIDTH="19" VPOS="1017" HPOS="792"/>
                  <String HEIGHT="52"
                          WIDTH="185"
                          VPOS="1017"
                          HPOS="718"
                          CONTENT="autoreo"
                          SUBS_TYPE="HypPart1"
                          SUBS_CONTENT="autoreorum"/>
                  <HYP CONTENT="-"/>
               </TextLine>
               <TextLine ID="r1l22"
                         BASELINE="1129"
                         HEIGHT="61"
                         WIDTH="828"
                         VPOS="1068"
                         HPOS="82">
                  <String HEIGHT="61"
                          WIDTH="118"
                          VPOS="1068"
                          HPOS="65"
                          CONTENT="rum"
                          SUBS_TYPE="HypPart2"
                          SUBS_CONTENT="autoreorum"/>
                  <SP HEIGHT="61" WIDTH="17" VPOS="1068" HPOS="183"/>
                  <String HEIGHT="61"
                          WIDTH="169"
                          VPOS="1068"
                          HPOS="133"
                          CONTENT="culpae"/>
                  <SP HEIGHT="61" WIDTH="17" VPOS="1068" HPOS="302"/>
                  <String HEIGHT="61"
                          WIDTH="135"
                          VPOS="1068"
                          HPOS="251"
                          CONTENT="esse"/>
                  <SP HEIGHT="61" WIDTH="17" VPOS="1068" HPOS="386"/>
                  <String HEIGHT="61"
                          WIDTH="237"
                          VPOS="1068"
                          HPOS="335"
                          CONTENT="censeatur:"/>
                  <SP HEIGHT="61" WIDTH="17" VPOS="1068" HPOS="572"/>
                  <String HEIGHT="61"
                          WIDTH="118"
                          VPOS="1068"
                          HPOS="521"
                          CONTENT="vel"/>
                  <SP HEIGHT="61" WIDTH="17" VPOS="1068" HPOS="640"/>
                  <String HEIGHT="61"
                          WIDTH="135"
                          VPOS="1068"
                          HPOS="589"
                          CONTENT="ipsi"/>
                  <SP HEIGHT="61" WIDTH="17" VPOS="1068" HPOS="724"/>
                  <String HEIGHT="61"
                          WIDTH="186"
                          VPOS="1068"
                          HPOS="673"
                          CONTENT="iniuste"/>
                  <SP HEIGHT="61" WIDTH="17" VPOS="1068" HPOS="859"/>
                  <String HEIGHT="61" WIDTH="84" VPOS="1068" HPOS="809" CONTENT="a"/>
                  <SP HEIGHT="61" WIDTH="17" VPOS="1068" HPOS="893"/>
                  <String HEIGHT="61" WIDTH="84" VPOS="1068" HPOS="826" CONTENT="Deo"/>
               </TextLine>
               <TextLine ID="r1l23"
                         BASELINE="1169"
                         HEIGHT="55"
                         WIDTH="828"
                         VPOS="1114"
                         HPOS="79">
                  <String HEIGHT="55"
                          WIDTH="190"
                          VPOS="1114"
                          HPOS="62"
                          CONTENT="damnari"/>
                  <SP HEIGHT="55" WIDTH="17" VPOS="1114" HPOS="252"/>
                  <String HEIGHT="55"
                          WIDTH="242"
                          VPOS="1114"
                          HPOS="200"
                          CONTENT="videantur,"/>
                  <SP HEIGHT="55" WIDTH="17" VPOS="1114" HPOS="441"/>
                  <String HEIGHT="55"
                          WIDTH="173"
                          VPOS="1114"
                          HPOS="390"
                          CONTENT="facile"/>
                  <SP HEIGHT="55" WIDTH="17" VPOS="1114" HPOS="562"/>
                  <String HEIGHT="55"
                          WIDTH="259"
                          VPOS="1114"
                          HPOS="510"
                          CONTENT="dissoluitur"/>
                  <SP HEIGHT="55" WIDTH="17" VPOS="1114" HPOS="769"/>
                  <String HEIGHT="55"
                          WIDTH="121"
                          VPOS="1114"
                          HPOS="717"
                          CONTENT="tum"/>
                  <SP HEIGHT="55" WIDTH="17" VPOS="1114" HPOS="838"/>
                  <String HEIGHT="55" WIDTH="104" VPOS="1114" HPOS="786" CONTENT="ab"/>
                  <SP HEIGHT="55" WIDTH="17" VPOS="1114" HPOS="890"/>
                  <String HEIGHT="55"
                          WIDTH="86"
                          VPOS="1114"
                          HPOS="821"
                          CONTENT="Au"
                          SUBS_TYPE="HypPart1"
                          SUBS_CONTENT="Augustino:"/>
                  <HYP CONTENT="-"/>
               </TextLine>
               <TextLine ID="r1l24"
                         BASELINE="1217"
                         HEIGHT="54"
                         WIDTH="826"
                         VPOS="1163"
                         HPOS="76">
                  <String HEIGHT="54"
                          WIDTH="236"
                          VPOS="1163"
                          HPOS="56"
                          CONTENT="gustino:"
                          SUBS_TYPE="HypPart2"
                          SUBS_CONTENT="Augustino:"/>
                  <SP HEIGHT="54" WIDTH="20" VPOS="1163" HPOS="292"/>
                  <String HEIGHT="54"
                          WIDTH="138"
                          VPOS="1163"
                          HPOS="233"
                          CONTENT="tum"/>
                  <SP HEIGHT="54" WIDTH="20" VPOS="1163" HPOS="371"/>
                  <String HEIGHT="54" WIDTH="118" VPOS="1163" HPOS="312" CONTENT="ab"/>
                  <SP HEIGHT="54" WIDTH="20" VPOS="1163" HPOS="430"/>
                  <String HEIGHT="54"
                          WIDTH="157"
                          VPOS="1163"
                          HPOS="371"
                          CONTENT="ipso"/>
                  <SP HEIGHT="54" WIDTH="20" VPOS="1163" HPOS="528"/>
                  <String HEIGHT="54"
                          WIDTH="177"
                          VPOS="1163"
                          HPOS="469"
                          CONTENT="etiam"/>
                  <SP HEIGHT="54" WIDTH="20" VPOS="1163" HPOS="646"/>
                  <String HEIGHT="54"
                          WIDTH="236"
                          VPOS="1163"
                          HPOS="587"
                          CONTENT="Durando."/>
                  <SP HEIGHT="54" WIDTH="20" VPOS="1163" HPOS="823"/>
                  <String HEIGHT="54" WIDTH="118" VPOS="1163" HPOS="764" CONTENT="Ab"/>
                  <SP HEIGHT="54" WIDTH="20" VPOS="1163" HPOS="882"/>
                  <String HEIGHT="54"
                          WIDTH="98"
                          VPOS="1163"
                          HPOS="804"
                          CONTENT="Au"
                          SUBS_TYPE="HypPart1"
                          SUBS_CONTENT="Augustino,"/>
                  <HYP CONTENT="-"/>
               </TextLine>
               <TextLine ID="r1l25"
                         BASELINE="1270"
                         HEIGHT="56"
                         WIDTH="831"
                         VPOS="1214"
                         HPOS="74">
                  <String HEIGHT="56"
                          WIDTH="188"
                          VPOS="1214"
                          HPOS="58"
                          CONTENT="gustino,"
                          SUBS_TYPE="HypPart2"
                          SUBS_CONTENT="Augustino,"/>
                  <SP HEIGHT="56" WIDTH="16" VPOS="1214" HPOS="246"/>
                  <String HEIGHT="56"
                          WIDTH="157"
                          VPOS="1214"
                          HPOS="199"
                          CONTENT="igitur"/>
                  <SP HEIGHT="56" WIDTH="16" VPOS="1214" HPOS="356"/>
                  <String HEIGHT="56"
                          WIDTH="204"
                          VPOS="1214"
                          HPOS="309"
                          CONTENT="soluitur,"/>
                  <SP HEIGHT="56" WIDTH="16" VPOS="1214" HPOS="513"/>
                  <String HEIGHT="56"
                          WIDTH="141"
                          VPOS="1214"
                          HPOS="466"
                          CONTENT="quia,"/>
                  <SP HEIGHT="56" WIDTH="16" VPOS="1214" HPOS="607"/>
                  <String HEIGHT="56" WIDTH="94" VPOS="1214" HPOS="560" CONTENT="vt"/>
                  <SP HEIGHT="56" WIDTH="16" VPOS="1214" HPOS="654"/>
                  <String HEIGHT="56"
                          WIDTH="110"
                          VPOS="1214"
                          HPOS="607"
                          CONTENT="ait"/>
                  <SP HEIGHT="56" WIDTH="16" VPOS="1214" HPOS="717"/>
                  <String HEIGHT="56"
                          WIDTH="141"
                          VPOS="1214"
                          HPOS="670"
                          CONTENT="ille,"/>
                  <SP HEIGHT="56" WIDTH="16" VPOS="1214" HPOS="811"/>
                  <String HEIGHT="56" WIDTH="94" VPOS="1214" HPOS="764" CONTENT="in"/>
                  <SP HEIGHT="56" WIDTH="16" VPOS="1214" HPOS="858"/>
                  <String HEIGHT="56"
                          WIDTH="110"
                          VPOS="1214"
                          HPOS="795"
                          CONTENT="Arti"
                          SUBS_TYPE="HypPart1"
                          SUBS_CONTENT="Articul,"/>
                  <HYP CONTENT="-"/>
               </TextLine>
               <TextLine ID="r1l26"
                         BASELINE="1323"
                         HEIGHT="64"
                         WIDTH="839"
                         VPOS="1259"
                         HPOS="69">
                  <String HEIGHT="64"
                          WIDTH="122"
                          VPOS="1259"
                          HPOS="54"
                          CONTENT="cul,"
                          SUBS_TYPE="HypPart2"
                          SUBS_CONTENT="Articul,"/>
                  <SP HEIGHT="64" WIDTH="15" VPOS="1259" HPOS="176"/>
                  <String HEIGHT="64"
                          WIDTH="122"
                          VPOS="1259"
                          HPOS="130"
                          CONTENT="sibi"/>
                  <SP HEIGHT="64" WIDTH="15" VPOS="1259" HPOS="252"/>
                  <String HEIGHT="64"
                          WIDTH="137"
                          VPOS="1259"
                          HPOS="206"
                          CONTENT="falso"/>
                  <SP HEIGHT="64" WIDTH="15" VPOS="1259" HPOS="344"/>
                  <String HEIGHT="64"
                          WIDTH="183"
                          VPOS="1259"
                          HPOS="298"
                          CONTENT="imposit."/>
                  <SP HEIGHT="64" WIDTH="15" VPOS="1259" HPOS="481"/>
                  <String HEIGHT="64"
                          WIDTH="122"
                          VPOS="1259"
                          HPOS="435"
                          CONTENT="alia"/>
                  <SP HEIGHT="64" WIDTH="15" VPOS="1259" HPOS="557"/>
                  <String HEIGHT="64"
                          WIDTH="107"
                          VPOS="1259"
                          HPOS="511"
                          CONTENT="est"/>
                  <SP HEIGHT="64" WIDTH="15" VPOS="1259" HPOS="618"/>
                  <String HEIGHT="64"
                          WIDTH="153"
                          VPOS="1259"
                          HPOS="572"
                          CONTENT="caussa"/>
                  <SP HEIGHT="64" WIDTH="15" VPOS="1259" HPOS="725"/>
                  <String HEIGHT="64"
                          WIDTH="198"
                          VPOS="1259"
                          HPOS="679"
                          CONTENT="nascendi,"/>
                  <SP HEIGHT="64" WIDTH="15" VPOS="1259" HPOS="877"/>
                  <String HEIGHT="64"
                          WIDTH="92"
                          VPOS="1259"
                          HPOS="816"
                          CONTENT="alia"/>
               </TextLine>
               <TextLine ID="r1l27"
                         BASELINE="1371"
                         HEIGHT="71"
                         WIDTH="836"
                         VPOS="1300"
                         HPOS="70">
                  <String HEIGHT="71"
                          WIDTH="222"
                          VPOS="1300"
                          HPOS="53"
                          CONTENT="pereundi."/>
                  <SP HEIGHT="71" WIDTH="17" VPOS="1300" HPOS="275"/>
                  <String HEIGHT="71" WIDTH="102" VPOS="1300" HPOS="224" CONTENT="Et"/>
                  <SP HEIGHT="71" WIDTH="17" VPOS="1300" HPOS="326"/>
                  <String HEIGHT="71"
                          WIDTH="136"
                          VPOS="1300"
                          HPOS="275"
                          CONTENT="lib."/>
                  <SP HEIGHT="71" WIDTH="17" VPOS="1300" HPOS="411"/>
                  <String HEIGHT="71" WIDTH="102" VPOS="1300" HPOS="360" CONTENT="I."/>
                  <SP HEIGHT="71" WIDTH="17" VPOS="1300" HPOS="462"/>
                  <String HEIGHT="71" WIDTH="102" VPOS="1300" HPOS="411" CONTENT="ad"/>
                  <SP HEIGHT="71" WIDTH="17" VPOS="1300" HPOS="514"/>
                  <String HEIGHT="71"
                          WIDTH="239"
                          VPOS="1300"
                          HPOS="462"
                          CONTENT="Simplicia."/>
                  <SP HEIGHT="71" WIDTH="17" VPOS="1300" HPOS="701"/>
                  <String HEIGHT="71" WIDTH="102" VPOS="1300" HPOS="650" CONTENT="Et"/>
                  <SP HEIGHT="71" WIDTH="17" VPOS="1300" HPOS="752"/>
                  <String HEIGHT="71"
                          WIDTH="136"
                          VPOS="1300"
                          HPOS="701"
                          CONTENT="quod"/>
                  <SP HEIGHT="71" WIDTH="17" VPOS="1300" HPOS="838"/>
                  <String HEIGHT="71" WIDTH="102" VPOS="1300" HPOS="787" CONTENT="ex"/>
                  <SP HEIGHT="71" WIDTH="17" VPOS="1300" HPOS="889"/>
                  <String HEIGHT="71"
                          WIDTH="85"
                          VPOS="1300"
                          HPOS="821"
                          CONTENT="nu"
                          SUBS_TYPE="HypPart1"
                          SUBS_CONTENT="numero"/>
                  <HYP CONTENT="-"/>
               </TextLine>
               <TextLine ID="r1l28"
                         BASELINE="1404"
                         HEIGHT="52"
                         WIDTH="831"
                         VPOS="1352"
                         HPOS="74">
                  <String HEIGHT="52"
                          WIDTH="123"
                          VPOS="1352"
                          HPOS="59"
                          CONTENT="mero"
                          SUBS_TYPE="HypPart2"
                          SUBS_CONTENT="numero"/>
                  <SP HEIGHT="52" WIDTH="15" VPOS="1352" HPOS="182"/>
                  <String HEIGHT="52"
                          WIDTH="200"
                          VPOS="1352"
                          HPOS="136"
                          CONTENT="impiorum,"/>
                  <SP HEIGHT="52" WIDTH="15" VPOS="1352" HPOS="336"/>
                  <String HEIGHT="52"
                          WIDTH="123"
                          VPOS="1352"
                          HPOS="289"
                          CONTENT="quos"/>
                  <SP HEIGHT="52" WIDTH="15" VPOS="1352" HPOS="413"/>
                  <String HEIGHT="52"
                          WIDTH="108"
                          VPOS="1352"
                          HPOS="366"
                          CONTENT="non"/>
                  <SP HEIGHT="52" WIDTH="15" VPOS="1352" HPOS="474"/>
                  <String HEIGHT="52"
                          WIDTH="231"
                          VPOS="1352"
                          HPOS="428"
                          CONTENT="iustificat,"/>
                  <SP HEIGHT="52" WIDTH="15" VPOS="1352" HPOS="659"/>
                  <String HEIGHT="52"
                          WIDTH="139"
                          VPOS="1352"
                          HPOS="613"
                          CONTENT="facit"/>
                  <SP HEIGHT="52" WIDTH="15" VPOS="1352" HPOS="751"/>
                  <String HEIGHT="52"
                          WIDTH="123"
                          VPOS="1352"
                          HPOS="705"
                          CONTENT="vasa"/>
                  <SP HEIGHT="52" WIDTH="15" VPOS="1352" HPOS="828"/>
                  <String HEIGHT="52" WIDTH="92" VPOS="1352" HPOS="782" CONTENT="in"/>
                  <SP HEIGHT="52" WIDTH="15" VPOS="1352" HPOS="874"/>
                  <String HEIGHT="52"
                          WIDTH="92"
                          VPOS="1352"
                          HPOS="813"
                          CONTENT="con"
                          SUBS_TYPE="HypPart1"
                          SUBS_CONTENT="contumeliam,"/>
                  <HYP CONTENT="-"/>
               </TextLine>
               <TextLine ID="r1l29"
                         BASELINE="1459"
                         HEIGHT="51"
                         WIDTH="822"
                         VPOS="1408"
                         HPOS="78">
                  <String HEIGHT="51"
                          WIDTH="202"
                          VPOS="1408"
                          HPOS="62"
                          CONTENT="tumeliam,"
                          SUBS_TYPE="HypPart2"
                          SUBS_CONTENT="contumeliam,"/>
                  <SP HEIGHT="51" WIDTH="16" VPOS="1408" HPOS="264"/>
                  <String HEIGHT="51"
                          WIDTH="109"
                          VPOS="1408"
                          HPOS="218"
                          CONTENT="non"/>
                  <SP HEIGHT="51" WIDTH="16" VPOS="1408" HPOS="326"/>
                  <String HEIGHT="51"
                          WIDTH="109"
                          VPOS="1408"
                          HPOS="280"
                          CONTENT="hoc"/>
                  <SP HEIGHT="51" WIDTH="16" VPOS="1408" HPOS="388"/>
                  <String HEIGHT="51" WIDTH="93" VPOS="1408" HPOS="342" CONTENT="in"/>
                  <SP HEIGHT="51" WIDTH="16" VPOS="1408" HPOS="435"/>
                  <String HEIGHT="51"
                          WIDTH="109"
                          VPOS="1408"
                          HPOS="388"
                          CONTENT="eis"/>
                  <SP HEIGHT="51" WIDTH="16" VPOS="1408" HPOS="497"/>
                  <String HEIGHT="51"
                          WIDTH="140"
                          VPOS="1408"
                          HPOS="450"
                          CONTENT="odit,"/>
                  <SP HEIGHT="51" WIDTH="16" VPOS="1408" HPOS="590"/>
                  <String HEIGHT="51"
                          WIDTH="124"
                          VPOS="1408"
                          HPOS="543"
                          CONTENT="quod"/>
                  <SP HEIGHT="51" WIDTH="16" VPOS="1408" HPOS="667"/>
                  <String HEIGHT="51"
                          WIDTH="155"
                          VPOS="1408"
                          HPOS="621"
                          CONTENT="facit:"/>
                  <SP HEIGHT="51" WIDTH="16" VPOS="1408" HPOS="776"/>
                  <String HEIGHT="51"
                          WIDTH="155"
                          VPOS="1408"
                          HPOS="729"
                          CONTENT="quippe"/>
                  <SP HEIGHT="51" WIDTH="16" VPOS="1408" HPOS="884"/>
                  <String HEIGHT="51"
                          WIDTH="78"
                          VPOS="1408"
                          HPOS="822"
                          CONTENT="in"
                          SUBS_TYPE="HypPart1"
                          SUBS_CONTENT="inquantum"/>
                  <HYP CONTENT="-"/>
               </TextLine>
               <TextLine ID="r1l30"
                         BASELINE="1510"
                         HEIGHT="60"
                         WIDTH="822"
                         VPOS="1450"
                         HPOS="77">
                  <String HEIGHT="60"
                          WIDTH="177"
                          VPOS="1450"
                          HPOS="61"
                          CONTENT="quantum"
                          SUBS_TYPE="HypPart2"
                          SUBS_CONTENT="inquantum"/>
                  <SP HEIGHT="60" WIDTH="16" VPOS="1450" HPOS="238"/>
                  <String HEIGHT="60"
                          WIDTH="145"
                          VPOS="1450"
                          HPOS="190"
                          CONTENT="impij"/>
                  <SP HEIGHT="60" WIDTH="16" VPOS="1450" HPOS="335"/>
                  <String HEIGHT="60"
                          WIDTH="145"
                          VPOS="1450"
                          HPOS="287"
                          CONTENT="sunt,"/>
                  <SP HEIGHT="60" WIDTH="16" VPOS="1450" HPOS="432"/>
                  <String HEIGHT="60"
                          WIDTH="242"
                          VPOS="1450"
                          HPOS="383"
                          CONTENT="execrabiles"/>
                  <SP HEIGHT="60" WIDTH="16" VPOS="1450" HPOS="625"/>
                  <String HEIGHT="60"
                          WIDTH="145"
                          VPOS="1450"
                          HPOS="577"
                          CONTENT="sunt:"/>
                  <SP HEIGHT="60" WIDTH="16" VPOS="1450" HPOS="722"/>
                  <String HEIGHT="60"
                          WIDTH="210"
                          VPOS="1450"
                          HPOS="673"
                          CONTENT="inquantum"/>
                  <SP HEIGHT="60" WIDTH="16" VPOS="1450" HPOS="883"/>
                  <String HEIGHT="60"
                          WIDTH="81"
                          VPOS="1450"
                          HPOS="818"
                          CONTENT="au"
                          SUBS_TYPE="HypPart1"
                          SUBS_CONTENT="autem"/>
                  <HYP CONTENT="-"/>
               </TextLine>
               <TextLine ID="r1l31"
                         BASELINE="1562"
                         HEIGHT="56"
                         WIDTH="827"
                         VPOS="1506"
                         HPOS="72">
                  <String HEIGHT="56"
                          WIDTH="118"
                          VPOS="1506"
                          HPOS="55"
                          CONTENT="tem"
                          SUBS_TYPE="HypPart2"
                          SUBS_CONTENT="autem"/>
                  <SP HEIGHT="56" WIDTH="17" VPOS="1506" HPOS="173"/>
                  <String HEIGHT="56"
                          WIDTH="135"
                          VPOS="1506"
                          HPOS="123"
                          CONTENT="vasa"/>
                  <SP HEIGHT="56" WIDTH="17" VPOS="1506" HPOS="258"/>
                  <String HEIGHT="56"
                          WIDTH="169"
                          VPOS="1506"
                          HPOS="207"
                          CONTENT="fiunt,"/>
                  <SP HEIGHT="56" WIDTH="17" VPOS="1506" HPOS="376"/>
                  <String HEIGHT="56" WIDTH="101" VPOS="1506" HPOS="325" CONTENT="ad"/>
                  <SP HEIGHT="56" WIDTH="17" VPOS="1506" HPOS="426"/>
                  <String HEIGHT="56"
                          WIDTH="186"
                          VPOS="1506"
                          HPOS="376"
                          CONTENT="aliquem"/>
                  <SP HEIGHT="56" WIDTH="17" VPOS="1506" HPOS="561"/>
                  <String HEIGHT="56"
                          WIDTH="135"
                          VPOS="1506"
                          HPOS="511"
                          CONTENT="vsum"/>
                  <SP HEIGHT="56" WIDTH="17" VPOS="1506" HPOS="646"/>
                  <String HEIGHT="56"
                          WIDTH="169"
                          VPOS="1506"
                          HPOS="595"
                          CONTENT="fiunt."/>
                  <SP HEIGHT="56" WIDTH="17" VPOS="1506" HPOS="764"/>
                  <String HEIGHT="56"
                          WIDTH="118"
                          VPOS="1506"
                          HPOS="713"
                          CONTENT="Non"/>
                  <SP HEIGHT="56" WIDTH="17" VPOS="1506" HPOS="831"/>
                  <String HEIGHT="56"
                          WIDTH="135"
                          VPOS="1506"
                          HPOS="764"
                          CONTENT="itaque"/>
               </TextLine>
               <TextLine ID="r1l32"
                         BASELINE="1619"
                         HEIGHT="71"
                         WIDTH="822"
                         VPOS="1548"
                         HPOS="80">
                  <String HEIGHT="71"
                          WIDTH="132"
                          VPOS="1548"
                          HPOS="64"
                          CONTENT="odit"/>
                  <SP HEIGHT="71" WIDTH="16" VPOS="1548" HPOS="195"/>
                  <String HEIGHT="71"
                          WIDTH="148"
                          VPOS="1548"
                          HPOS="146"
                          CONTENT="Deus,"/>
                  <SP HEIGHT="71" WIDTH="16" VPOS="1548" HPOS="294"/>
                  <String HEIGHT="71"
                          WIDTH="115"
                          VPOS="1548"
                          HPOS="244"
                          CONTENT="nec"/>
                  <SP HEIGHT="71" WIDTH="16" VPOS="1548" HPOS="359"/>
                  <String HEIGHT="71"
                          WIDTH="214"
                          VPOS="1548"
                          HPOS="310"
                          CONTENT="inquantum"/>
                  <SP HEIGHT="71" WIDTH="16" VPOS="1548" HPOS="524"/>
                  <String HEIGHT="71"
                          WIDTH="181"
                          VPOS="1548"
                          HPOS="475"
                          CONTENT="homines"/>
                  <SP HEIGHT="71" WIDTH="16" VPOS="1548" HPOS="655"/>
                  <String HEIGHT="71"
                          WIDTH="148"
                          VPOS="1548"
                          HPOS="606"
                          CONTENT="sunt,"/>
                  <SP HEIGHT="71" WIDTH="16" VPOS="1548" HPOS="754"/>
                  <String HEIGHT="71"
                          WIDTH="115"
                          VPOS="1548"
                          HPOS="705"
                          CONTENT="nec"/>
                  <SP HEIGHT="71" WIDTH="16" VPOS="1548" HPOS="820"/>
                  <String HEIGHT="71"
                          WIDTH="148"
                          VPOS="1548"
                          HPOS="754"
                          CONTENT="inquan"
                          SUBS_TYPE="HypPart1"
                          SUBS_CONTENT="inquantum"/>
                  <HYP CONTENT="-"/>
               </TextLine>
               <TextLine ID="r1l33"
                         BASELINE="1652"
                         HEIGHT="54"
                         WIDTH="819"
                         VPOS="1598"
                         HPOS="82">
                  <String HEIGHT="54"
                          WIDTH="108"
                          VPOS="1598"
                          HPOS="67"
                          CONTENT="tum"
                          SUBS_TYPE="HypPart2"
                          SUBS_CONTENT="inquantum"/>
                  <SP HEIGHT="54" WIDTH="15" VPOS="1598" HPOS="175"/>
                  <String HEIGHT="54"
                          WIDTH="124"
                          VPOS="1598"
                          HPOS="128"
                          CONTENT="uasa"/>
                  <SP HEIGHT="54" WIDTH="15" VPOS="1598" HPOS="252"/>
                  <String HEIGHT="54"
                          WIDTH="139"
                          VPOS="1598"
                          HPOS="206"
                          CONTENT="sunt,"/>
                  <SP HEIGHT="54" WIDTH="15" VPOS="1598" HPOS="345"/>
                  <String HEIGHT="54" WIDTH="93" VPOS="1598" HPOS="298" CONTENT="id"/>
                  <SP HEIGHT="54" WIDTH="15" VPOS="1598" HPOS="391"/>
                  <String HEIGHT="54"
                          WIDTH="124"
                          VPOS="1598"
                          HPOS="345"
                          CONTENT="est,"/>
                  <SP HEIGHT="54" WIDTH="15" VPOS="1598" HPOS="468"/>
                  <String HEIGHT="54"
                          WIDTH="108"
                          VPOS="1598"
                          HPOS="422"
                          CONTENT="nec"/>
                  <SP HEIGHT="54" WIDTH="15" VPOS="1598" HPOS="530"/>
                  <String HEIGHT="54"
                          WIDTH="124"
                          VPOS="1598"
                          HPOS="484"
                          CONTENT="quod"/>
                  <SP HEIGHT="54" WIDTH="15" VPOS="1598" HPOS="607"/>
                  <String HEIGHT="54" WIDTH="93" VPOS="1598" HPOS="561" CONTENT="in"/>
                  <SP HEIGHT="54" WIDTH="15" VPOS="1598" HPOS="654"/>
                  <String HEIGHT="54"
                          WIDTH="108"
                          VPOS="1598"
                          HPOS="607"
                          CONTENT="eis"/>
                  <SP HEIGHT="54" WIDTH="15" VPOS="1598" HPOS="716"/>
                  <String HEIGHT="54"
                          WIDTH="139"
                          VPOS="1598"
                          HPOS="669"
                          CONTENT="fecit"/>
                  <SP HEIGHT="54" WIDTH="15" VPOS="1598" HPOS="808"/>
                  <String HEIGHT="54"
                          WIDTH="155"
                          VPOS="1598"
                          HPOS="746"
                          CONTENT="creando:"/>
               </TextLine>
               <TextLine ID="r1l34"
                         BASELINE="1713"
                         HEIGHT="69"
                         WIDTH="826"
                         VPOS="1644"
                         HPOS="82">
                  <String HEIGHT="69" WIDTH="118" VPOS="1644" HPOS="65" CONTENT="nec"/>
                  <SP HEIGHT="69" WIDTH="17" VPOS="1644" HPOS="183"/>
                  <String HEIGHT="69"
                          WIDTH="135"
                          VPOS="1644"
                          HPOS="133"
                          CONTENT="quod"/>
                  <SP HEIGHT="69" WIDTH="17" VPOS="1644" HPOS="267"/>
                  <String HEIGHT="69" WIDTH="101" VPOS="1644" HPOS="217" CONTENT="in"/>
                  <SP HEIGHT="69" WIDTH="17" VPOS="1644" HPOS="318"/>
                  <String HEIGHT="69"
                          WIDTH="118"
                          VPOS="1644"
                          HPOS="267"
                          CONTENT="eis"/>
                  <SP HEIGHT="69" WIDTH="17" VPOS="1644" HPOS="385"/>
                  <String HEIGHT="69"
                          WIDTH="152"
                          VPOS="1644"
                          HPOS="335"
                          CONTENT="fecit"/>
                  <SP HEIGHT="69" WIDTH="17" VPOS="1644" HPOS="487"/>
                  <String HEIGHT="69"
                          WIDTH="236"
                          VPOS="1644"
                          HPOS="436"
                          CONTENT="ordinando."/>
                  <SP HEIGHT="69" WIDTH="17" VPOS="1644" HPOS="672"/>
                  <String HEIGHT="69"
                          WIDTH="135"
                          VPOS="1644"
                          HPOS="621"
                          CONTENT="Haec"/>
                  <SP HEIGHT="69" WIDTH="17" VPOS="1644" HPOS="756"/>
                  <String HEIGHT="69"
                          WIDTH="219"
                          VPOS="1644"
                          HPOS="689"
                          CONTENT="Augustinus."/>
               </TextLine>
               <TextLine ID="r1l35"
                         BASELINE="1776"
                         HEIGHT="81"
                         WIDTH="826"
                         VPOS="1695"
                         HPOS="76">
                  <String HEIGHT="81"
                          WIDTH="157"
                          VPOS="1695"
                          HPOS="56"
                          CONTENT="Ergo"/>
                  <SP HEIGHT="81" WIDTH="20" VPOS="1695" HPOS="214"/>
                  <String HEIGHT="81"
                          WIDTH="138"
                          VPOS="1695"
                          HPOS="155"
                          CONTENT="non"/>
                  <SP HEIGHT="81" WIDTH="20" VPOS="1695" HPOS="292"/>
                  <String HEIGHT="81"
                          WIDTH="216"
                          VPOS="1695"
                          HPOS="233"
                          CONTENT="idcirco"/>
                  <SP HEIGHT="81" WIDTH="20" VPOS="1695" HPOS="450"/>
                  <String HEIGHT="81"
                          WIDTH="256"
                          VPOS="1695"
                          HPOS="391"
                          CONTENT="damnantur"/>
                  <SP HEIGHT="81" WIDTH="20" VPOS="1695" HPOS="646"/>
                  <String HEIGHT="81"
                          WIDTH="236"
                          VPOS="1695"
                          HPOS="587"
                          CONTENT="reprobi,"/>
                  <SP HEIGHT="81" WIDTH="20" VPOS="1695" HPOS="823"/>
                  <String HEIGHT="81"
                          WIDTH="157"
                          VPOS="1695"
                          HPOS="745"
                          CONTENT="quonia"/>
               </TextLine>
            </TextBlock>
         </PrintSpace>
      </Page>
   </Layout>
</alto>
