1222 2025
287 104 98 66 ad
336 104 98 66 ea
385 104 278 66 praedestinati
614 104 147 66 sunt,
712 104 115 66 oer
778 104 131 66 quae
859 104 98 66 in
909 104 115 66 iis
974 104 147 66 ipsis
1056 104 49 66 D

283 157 238 63 decretum
462 157 258 63 implendum
660 157 159 63 est.
760 157 139 63 Sed
839 157 258 63 damnantur
1018 157 99 63 pro

290 211 138 59 pter
376 211 121 59 sua
445 211 190 59 ipsorum
583 211 207 59 peccata,
739 211 86 59 &
773 211 173 59 opera,
894 211 138 59 quae
981 211 155 59 ipsi,
1084 211 86 59 &

295 254 176 62 quidem
418 254 176 62 libera
541 254 246 62 voluntate,
735 254 264 62 conmittunt:
946 254 123 62 non
998 254 141 62 coacta

291 313 208 47 faciunt,
447 313 174 47 contra
568 313 139 47 sibi
655 313 243 47 patefactam
846 313 122 47 Dei
898 313 226 47 voluntatem:

289 358 130 54 Cum
364 358 149 54 enim
457 358 223 54 damnatio
624 358 130 54 sit
698 358 186 54 poena,
828 358 149 54 nemo
921 358 111 54 ex
976 358 111 54 co
1014 358 111 54 poe-

290 412 124 48 nam
361 412 212 48 patitur,
520 412 142 48 quod
609 412 142 48 Deus
697 412 106 48 de
750 412 142 48 illo
839 412 159 48 fieri
927 412 195 48 decreuit.

296 458 163 46 Paena
404 458 163 46 enim,
513 458 217 46 sceleris
676 458 163 46 poena
784 458 145 46 est,
875 458 145 46 quod
965 458 199 46 nunquam

295 496 104 62 in
347 496 122 62 Dei
416 496 191 62 decreto
555 496 104 62 de
608 496 174 62 nobis,
729 496 122 62 sed
799 496 104 62 in
851 496 174 62 nostro
955 496 174 62 duntarat

292 556 154 56 opere
395 556 205 56 spectari
548 556 188 56 potest.
685 556 120 56 Nec
754 556 120 56 est
822 556 137 56 Deus
908 556 154 56 prius
993 556 120 56 vlor-

298 596 130 56 quam
379 596 179 56 aliquis
509 596 114 56 sit
574 596 211 56 peccator.
737 596 130 56 Aug.
818 596 146 56 libro
916 596 98 56 2.
965 596 98 56 de
997 596 114 56 Gcne-

284 647 125 62 si.
355 647 143 62 Ergo
445 647 143 62 quod
534 647 125 62 hoc
605 647 143 62 loco
694 647 214 62 Durandus
855 647 214 62 scribit,
1015 647 143 62 etam

296 695 207 60 peccata
447 695 263 60 reproborum
653 695 207 60 ipsorum
804 695 150 60 Deus
898 695 169 60 iuste
991 695 132 60 ordi-

300 741 132 52 nat,
382 741 115 52 non
448 741 132 52 quam
530 741 197 52 peccata,
678 741 115 52 sed
744 741 132 52 quam
826 741 132 52 sunt
908 741 132 52 opus
974 741 148 52 iustiua

297 783 136 63 Dei,
382 783 85 63 &
416 783 102 63 in
467 783 153 63 poena
569 783 187 63 ipsorum
705 783 119 63 Dei
773 783 204 63 iustitia
926 783 187 63 elucet,
1045 783 85 63 ve-

291 833 199 65 rissimum
441 833 133 65 est.
524 833 116 65 Nam
591 833 233 65 reprobati,
773 833 133 65 ait,
856 833 133 65 sunt
940 833 133 65 suae
1023 833 83 65 &
1039 833 100 65 pae-

296 896 137 54 nae,
382 896 86 54 &
416 896 309 54 condemnationis
674 896 155 54 vera,
777 896 206 54 proxima,
931 896 86 54 &
948 896 189 54 ipsissuna

294 927 208 62 caussa.
445 927 113 62 Ex
502 927 132 62 quo
577 927 151 62 fit,
671 927 113 62 vt
728 927 189 62 Thomas
860 927 113 62 in
917 927 170 62 prima
1011 927 132 62 parte

296 982 171 67 Quaest.
421 982 109 67 22.
483 982 93 67 ad
529 982 186 67 Articul.
669 982 93 67 2.
716 982 109 67 cum
778 982 140 67 recte
871 982 109 67 sic
918 982 217 67 scripsisset,

292 1032 294 64 Praedestinatio
536 1032 114 64 est
602 1032 163 64 caussa
716 1032 82 64 &
748 1032 131 64 eius
830 1032 131 64 quod
912 1032 245 64 expectatur,
1091 1032 49 64 a

297 1087 271 54 praedestinatis
523 1087 90 54 in
568 1087 151 54 futura
674 1087 136 54 vita,
764 1087 181 54 scilicet
900 1087 181 54 gloriae:
1035 1087 75 54 &
1051 1087 90 54 etus

304 1131 116 61 quod
376 1131 203 61 percipitur
536 1131 87 61 in
579 1131 203 61 praesenti,
739 1131 174 61 scilicet
869 1131 174 61 gratiae:
985 1131 145 61 reproba-

295 1179 100 42 tio
352 1179 114 42 vero
423 1179 100 42 non
481 1179 100 42 est
538 1179 143 42 caussa
638 1179 114 42 eius
710 1179 114 42 quod
781 1179 100 42 est
838 1179 86 42 in
881 1179 200 42 praesenti,
1025 1179 114 42 scili-

293 1225 123 57 cet
364 1225 194 57 culpae:
505 1225 158 57 tamen
610 1225 176 57 postea
734 1225 194 57 pessime
874 1225 176 57 addat,
998 1225 88 57 &
1015 1225 106 57 seri

302 1263 129 64 bat,
383 1263 113 64 Est
447 1263 146 64 tamen
545 1263 162 64 caussa
658 1263 259 64 (reprobatio)
868 1263 146 64 eius,
965 1263 129 64 quod
1030 1263 97 64 red-

297 1320 133 62 ditur
386 1320 88 62 in
430 1320 162 62 futuro,
548 1320 177 62 scilicet
681 1320 147 62 poenae
784 1320 192 62 aeternae.
931 1320 103 62 Sic
990 1320 147 62 igitur
1079 1320 44 62 &

301 1358 109 60 se
355 1358 91 60 &
392 1358 146 60 suos
483 1358 201 60 decepit
629 1358 255 60 Lombardus,
829 1358 91 60 &
866 1358 201 60 hiantes
993 1358 128 60 reli-

299 1414 157 71 quit,
403 1414 122 71 dum
473 1414 104 71 ex
525 1414 157 71 parte
629 1414 192 71 tantum,
769 1414 104 71 ac
821 1414 209 71 obscuro,
978 1414 122 71 tam
1030 1414 87 71 ar-

298 1466 146 62 duam
389 1466 273 62 quaestionem
607 1466 164 62 istam
698 1466 182 62 tractat.

364 1473 189 93 Quarto,
501 1473 103 93 ex
552 1473 171 93 falsis
672 1473 86 93 &
707 1473 223 93 ementitis
861 1473 257 93 autoritatibus

289 1555 300 63 probationem,
533 1555 112 63 in
589 1555 131 63 hac
664 1555 300 63 Distinctione
907 1555 225 63 quaerit,
1057 1555 75 63 vt

290 1608 197 72 apparet
434 1608 108 72 ex
487 1608 161 72 primo
595 1608 161 72 dicto
703 1608 197 72 August,
846 1608 90 72 &
882 1608 108 72 ex
936 1608 161 72 dicto
1025 1608 108 72 Ful-

293 1655 176 77 gentii
417 1655 141 77 cap.
487 1655 71 77 4.
