1256 2056
70 126 183 73 Aliquid
203 126 133 73 ergo
287 126 166 73 sciuit
403 126 133 73 quod
486 126 133 73 modo
570 126 116 73 non
636 126 150 73 scit:
736 126 83 73 &
769 126 133 73 alia
836 126 83 73 hu-

71 185 183 59 iusmodi
205 185 200 59 infinita
355 185 133 59 dici
438 185 200 59 possunt.
605 185 117 59 Sed
672 185 100 59 ad
722 185 117 59 hoc
772 185 150 59 dicimus

99 232 117 62 uod
166 232 117 62 ide
233 232 100 62 de
283 232 234 62 natiuitate
467 232 150 62 huius
567 232 184 62 hominis
701 232 84 62 &
734 232 150 62 mundi
818 232 100 62 crea

93 285 139 61 ione,
185 285 123 61 nunc
262 285 139 61 etiam
354 285 139 61 scit:
447 285 123 61 quod
524 285 169 61 sciebat
647 285 185 61 antequam
770 285 154 61 fierent,

85 335 149 55 licet
185 335 132 55 tunc
267 335 83 55 &
300 335 132 55 nunc
383 335 132 55 hanc
465 335 215 55 scientiam
630 335 132 55 eius
713 335 198 55 diuersis
845 335 66 55 ex

109 379 132 56 vimi
192 379 165 56 verbis
308 379 198 56 oportet.
456 379 116 56 Nam
523 379 132 56 quod
605 379 132 56 tunc
688 379 182 56 futurum
803 379 116 56 erat,

99 437 125 52 unc
171 437 268 52 praeteritum
385 437 143 52 est.
474 437 196 52 Ideoque
617 437 161 52 verba
706 437 214 52 commutanda

111 482 113 59 int
176 482 97 59 ad
224 482 146 59 ipsum
321 482 259 59 designandum.
532 482 146 59 Sicut
629 482 194 59 diuersis
759 482 162 59 tempori-

101 524 103 66 us
152 524 239 66 loquentes,
340 524 171 66 eandem
460 524 137 66 diem
546 524 137 66 modo
631 524 120 66 per
700 524 120 66 hoc
751 524 171 66 aduerbiu

100 575 113 50 ras
165 575 243 50 designamus,
359 575 113 50 dum
424 575 146 50 adhuc
521 575 162 50 futura
634 575 130 50 est:
715 575 130 50 modo
796 575 113 50 per
845 575 81 50 ho-

106 638 97 51 ie
154 638 113 51 dum
219 638 194 51 praesens
364 638 129 51 est:
445 638 129 51 modo
526 638 113 51 per
591 638 145 51 heri,
688 638 113 51 dum
736 638 194 51 praeterita

95 673 139 60 ist.
181 673 173 60 Itaque
303 673 208 60 antequam
459 673 225 60 crearetur
632 673 191 60 mundus,
754 673 173 60 sciebat.

99 725 141 60 Seus
187 725 141 60 hunc
275 725 229 60 creandum:
452 725 211 60 postquam
610 725 194 60 creatus
751 725 141 60 est,
821 725 106 60 scit

96 775 94 53 um
143 775 187 53 creatum,
284 775 109 53 nec
346 775 109 53 est
409 775 109 53 hoc
471 775 141 53 scire
565 775 187 53 diuersa,
705 775 109 53 sed
768 775 156 53 omnino
862 775 62 53 i-

95 828 116 51 lem
162 828 100 51 de
212 828 216 51 creatione
377 828 166 51 mundi.
494 828 149 51 Sicut
593 828 183 51 antiqui
726 828 166 51 Patres
825 828 100 51 cre-

83 871 220 56 diderunt
247 871 220 56 Christum
412 871 256 56 nasciturum
614 871 92 56 &
650 871 256 56 moriturum:
833 871 92 56 nos

81 915 165 55 autem
190 915 219 55 credimus
355 915 128 55 eum
428 915 165 55 natum
538 915 91 55 &
575 915 219 55 mortuum:
739 915 128 55 nec
794 915 128 55 tamen

72 974 195 52 diuersa
214 974 213 52 credimus
374 974 124 52 nos
445 974 89 52 &
480 974 160 52 illi,
587 974 124 52 sed
658 974 177 52 eadem.
764 974 160 52 Tempora

75 1024 150 49 enim,
175 1024 100 49 vt
226 1024 117 49 ait
292 1024 234 49 Augustinus
476 1024 184 49 variata
610 1024 150 49 sunt,
710 1024 83 49 &
743 1024 134 49 ideo
810 1024 100 49 ver-

70 1074 98 52 ba
119 1074 131 52 sunt
201 1074 181 52 mutata,
332 1074 115 52 non
398 1074 164 52 fidos.
513 1074 263 52 Indubitanter
726 1074 131 52 ergo
792 1074 131 52 tenea-

72 1108 117 85 mus
139 1108 134 85 Deum
223 1108 167 85 semper
340 1108 151 85 omnia
440 1108 167 85 scire,
558 1108 134 85 quae
641 1108 218 85 aliquando
792 1108 117 85 scit.

115 1209 261 111 AD
203 1209 653 111 DISTINCTIONEM

359 1308 231 69 X
405 1308 185 69 LI

261 1403 223 77 AD
372 1403 298 77 CAP.
521 1403 149 77 I.

134 1475 95 68 I
172 1475 304 68 Obdurationis
419 1475 228 68 meritum.
589 1475 114 68 In
646 1475 209 68 margine
779 1475 152 68 libro-

70 1542 131 64 rum
145 1542 243 64 annotatum
332 1542 131 64 est
406 1542 149 64 ista
500 1542 112 64 ex
556 1542 168 64 libro
668 1542 168 64 primo
761 1542 168 64 August.

75 1588 112 63 ad
131 1588 300 63 Simplicianum
375 1588 150 63 esse
469 1588 244 63 decerpta,
656 1588 150 63 quod
750 1588 112 63 ad
806 1588 169 63 ipsam

72 1637 254 61 doctrinae
268 1637 176 61 huius
385 1637 156 61 loci
482 1637 195 61 summam
619 1637 215 61 potius,
775 1637 156 61 quam
853 1637 78 61 ad

79 1677 154 66 verba
182 1677 86 66 &
216 1677 172 66 seriem
336 1677 292 66 disputationis
577 1677 240 66 referendum
765 1677 137 66 est.
834 1677 103 66 Haec

76 1732 136 81 aute
161 1732 119 81 est
229 1732 204 81 perpetua
382 1732 136 81 Aug,
467 1732 238 81 sententia,
653 1732 153 81 neque
738 1732 204 81 electionis
