1256 2056
103 141 130 67 ius,
184 141 212 67 scientia,
347 141 98 67 Id
396 141 114 67 est
461 141 114 67 Dei
526 141 277 67 praescientia.
738 141 179 67 Respondet

92 198 116 61 pse
159 198 99 61 ex
208 198 215 61 Augustino
373 198 116 61 Dei
440 198 198 61 scientia
588 198 116 61 nec
655 198 165 61 augeri
770 198 182 61 potest,

104 250 95 52 c
142 250 190 52 minui.
275 250 114 52 Et
332 250 114 52 id
389 250 190 52 quidem
522 250 247 52 postremum
693 250 228 52 verissimum

109 298 115 63 t,
166 298 115 63 ac
224 298 173 63 solum
339 298 269 63 sequendum.
551 298 135 63 Nam
628 298 135 63 res
705 298 173 63 ipsae
801 298 115 63 quae

106 344 106 68 el
159 344 230 68 sciuntur,
337 344 124 68 vel
407 344 283 68 praesciuntur
638 344 89 68 a
673 344 124 68 Deo
744 344 195 68 augeri,
868 344 53 68 &

111 388 156 63 inui,
214 388 156 63 oriri
318 388 104 63 ac
370 388 207 63 interire
526 388 207 63 possunt:
681 388 138 63 ipsa
767 388 138 63 vero
837 388 86 63 Dei

108 435 103 58 el
159 435 224 58 scientia,
331 435 120 58 vel
400 435 275 58 praescientia
624 435 120 58 non
692 435 189 58 potest,
813 435 103 58 quo-

107 486 122 56 iam
176 486 139 56 quae
263 486 156 56 scit,
367 486 122 56 vel
437 486 226 56 praescit,
610 486 139 56 Deus
697 486 104 56 ab
749 486 191 56 aeterno
871 486 52 56 &

100 538 130 52 cit,
181 538 81 52 &
213 538 211 52 praescit:
376 538 81 52 &
408 538 146 52 licet
505 538 97 52 ea
554 538 130 52 ipsa
635 538 114 52 vel
700 538 162 52 nondum
814 538 97 52 in
846 538 65 52 re

96 584 105 59 um
149 584 175 59 natura
272 584 228 59 existant,
447 584 123 59 vel
518 584 123 59 iam
588 584 140 59 esse
675 584 246 59 desierint,
851 584 70 59 in

97 632 130 63 pei
172 632 167 63 tamen
283 632 186 63 ipsius
413 632 167 63 mente
524 632 186 63 semper
654 632 148 63 sunt
728 632 186 63 praesen-

102 684 115 57 la,
167 684 148 57 Vocat
266 684 132 57 enim
348 684 99 57 ea
398 684 132 57 quae
480 684 115 57 non
546 684 148 57 sunt,
644 684 115 57 ait
710 684 99 57 S.
743 684 181 57 Scriptura

101 734 121 50 lom
170 734 104 50 4.
222 734 156 50 Versi
326 734 121 50 Iy.
396 734 139 50 Ergo
482 734 156 50 aliam
586 734 278 50 differentiam
795 734 121 50 quae-

96 784 102 49 at
147 784 137 49 iste
232 784 154 49 inter
335 784 119 49 Dei
403 784 290 49 praescientiam
642 784 85 49 &
676 784 239 49 scientiam.

126 826 218 53 Tertium
285 826 218 53 obseruo
443 826 119 53 ac
502 826 158 53 noto
601 826 178 53 genus
720 826 178 53 ipsum
819 826 99 53 do-

94 879 170 58 endi,
208 879 133 58 quo
283 879 189 58 vtitur
416 879 114 58 in
473 879 133 58 hoc
548 879 133 58 tam
624 879 170 58 arduo
738 879 95 58 &
757 879 151 58 contro

83 931 189 52 uerso
209 931 273 52 argumento
419 931 294 52 Lombardus.
649 931 189 52 Multi
754 931 168 52 igitur

80 977 238 54 oppugnant
263 977 110 54 id
318 977 146 54 quod
409 977 201 54 veritas
556 977 146 54 ipsa
647 977 183 54 docet,
757 977 165 54 videli-

75 1034 132 47 cet,
157 1034 148 47 Nulla
255 1034 132 47 esse
338 1034 197 47 nostrae,
486 1034 115 47 vel
551 1034 230 47 electionis
732 1034 115 47 vel
781 1034 132 47 repro-

80 1066 231 49 bationis
253 1066 211 49 caussam
406 1066 211 49 praeter
560 1066 173 49 vnius
675 1066 154 49 Dei,
752 1066 173 49 volunta

85 1122 139 45 tem.
171 1122 104 45 Na
223 1122 277 45 praecedentia
448 1122 208 45 animarum
604 1122 225 45 nostrarum
777 1122 104 45 in
812 1122 104 45 coe-

75 1161 110 66 lo
130 1161 274 66 existentium
349 1161 219 66 antequam
513 1161 110 66 in
568 1161 183 66 nostra
696 1161 201 66 corpora
824 1161 91 66 de-

69 1209 300 69 mitteretur,
309 1209 200 69 merita
449 1209 200 69 quidam
588 1209 320 69 commemorant,
828 1209 100 69 qui

77 1259 139 52 dicti
169 1259 139 52 sunt.
261 1259 246 52 Origenistae:
461 1259 123 52 alij
538 1259 231 52 praesentia,
723 1259 108 52 qui
785 1259 123 52 fuit
846 1259 77 52 er-

80 1306 130 68 ror
155 1306 316 68 Pelagianorum.
415 1306 149 68 Alij
508 1306 204 68 denique
656 1306 186 68 futura
786 1306 93 68 &
805 1306 111 68 prae

76 1351 139 62 uisa
162 1351 87 62 a
197 1351 121 62 Deo
266 1351 156 62 opera
370 1351 173 62 nostra
492 1351 173 62 causam
613 1351 191 62 nostrae
752 1351 208 62 electio

82 1403 137 59 nis,
167 1403 120 59 aut
236 1403 290 59 reprobationis
475 1403 205 59 faciunt,
629 1403 120 59 qui
697 1403 120 59 est
765 1403 154 59 error
851 1403 85 59 Pa-

84 1460 232 53 pistarum,
263 1460 107 53 id
316 1460 143 53 est,
405 1460 196 53 ipsorum
548 1460 375 53 ecclesiasticorum,
852 1460 89 53 qui

83 1514 169 39 certe
196 1514 226 39 vtranque
365 1514 169 39 illum
478 1514 263 39 superiorem
685 1514 207 39 errorem
817 1514 113 39 con-

77 1550 252 54 iunguunt.
270 1550 155 54 Quae
367 1550 155 54 enim
464 1550 97 54 a
502 1550 135 54 Deo
580 1550 232 54 praeuisa
754 1550 155 54 sunt
831 1550 97 54 me-

78 1605 163 47 rita,
187 1605 200 47 perinde
332 1605 145 47 sunt
423 1605 145 47 apud
514 1605 127 47 eum
586 1605 163 47 atque
695 1605 109 47 si
749 1605 127 47 iam
804 1605 127 47 facta

82 1642 185 49 essent,
216 1642 117 49 vel
284 1642 101 49 si
334 1642 117 49 iam
401 1642 252 49 existerent.
602 1642 101 49 In
653 1642 117 49 hac
720 1642 168 49 igitur
837 1642 84 49 a
854 1642 84 49 tot

76 1689 311 60 haereticorum
329 1689 234 60 cateruis
504 1689 253 60 oppugnata
698 1689 214 60 quidem,
835 1689 97 60 sed
