1240 2025
294 102 163 61 Quod
396 102 122 61 ad
457 102 367 61 reprobationem,
763 102 184 61 etiam
885 102 184 61 peius
987 102 163 61 omnino

298 149 246 50 sentiunt,
488 149 95 50 &
526 149 190 50 tandem
658 149 95 50 a
696 149 133 50 suo
772 149 284 50 praeceptore
980 149 171 50 prorsus

296 201 255 53 discedunt:
496 201 219 53 statuunt
661 201 146 53 enim
752 201 310 53 Peprobationis
989 201 164 53 hominum

296 250 171 65 caussam
420 250 124 65 esse
497 250 124 65 ipsa
575 250 140 65 eorum
668 250 124 65 mala
745 250 140 65 opera
838 250 186 65 praeuisa
978 250 78 65 a
1009 250 124 65 Deo.
1071 250 78 65 Qui

303 295 155 57 error
406 295 86 57 a
441 295 155 57 media
544 295 172 57 aetate
665 295 276 57 Scholasticae
889 295 155 57 habet
975 295 172 57 origine,

307 342 150 60 Tunc
401 342 150 60 enim
495 342 188 60 primum
627 342 282 60 dicicoepit,
852 342 244 60 Dariposse
1021 342 113 60 ali-

304 388 143 60 quam
394 388 179 60 causam
519 388 322 60 reprobationis,
788 388 251 60 accipiendo
985 388 197 60 caussam

306 438 204 53 secundo
454 438 167 53 modo,
565 438 111 53 id
620 438 148 53 est,
713 438 130 53 oro
787 438 185 53 quadam
898 438 241 53 prioritates

305 487 111 62 sic
369 487 159 62 Occam:
480 487 111 62 sed
544 487 159 62 postea
655 487 207 62 postrema,
815 487 159 62 aetate
926 487 159 62 sectae
1022 487 127 62 istius

296 538 298 64 scholasticae
538 538 279 64 confirmatus
761 538 93 64 &
799 538 186 64 auctus
929 538 130 64 sic
1003 538 149 64 est,
1078 538 74 64 vt

301 589 193 45 aperte
436 589 193 45 dicant
571 589 174 45 isti,
687 589 155 45 Mala
784 589 271 45 reproborum
996 589 174 45 opera
1093 589 58 45 a

295 629 134 59 Deo
371 629 229 59 praeuisa
543 629 153 59 esse
639 629 268 59 verissimam
849 629 210 59 caussam
983 629 172 59 hominum

293 681 320 55 reprobationis,
560 681 142 55 quae
649 681 89 55 a
685 681 125 55 Deo
756 681 142 55 fit:
845 681 107 55 ne
898 681 160 55 Deum,
1005 681 178 55 aiunt,

298 732 213 53 peccati
453 732 213 53 autorem
608 732 194 53 facere
744 732 272 53 videantur.
957 732 175 53 Quasi
1054 732 97 53 qui

293 776 158 63 hanc
392 776 178 63 eorum
511 776 277 63 sententiam
729 776 237 63 refutant
907 776 198 63 vbique
1025 776 119 63 Pau-

294 825 135 52 lus
371 825 97 52 &
410 825 290 52 Augustinus,
641 825 154 52 Deum
738 825 212 52 peccati
892 825 212 52 autorem
1027 825 116 52 con-

291 872 243 56 stituant,
478 872 131 56 aut
553 872 131 56 cum
628 872 262 56 Manichaeis
834 872 299 56 consentiant.
1058 872 94 56 Ita

297 925 206 70 nimirum
447 925 150 70 isti
541 925 225 70 postremi
709 925 281 70 scholastici
934 925 112 70 ab
990 925 150 70 ipsa
1065 925 94 70 Dei

306 973 210 68 veritate
463 973 140 68 sunt
550 973 192 68 alieni,
690 973 87 68 &
725 973 105 68 in
778 973 140 68 hunc
865 973 140 68 suum
935 973 210 68 praecepto-

297 1021 161 55 rem
389 1021 322 55 Lombardum,
642 1021 161 55 dum
734 1021 161 55 eum
825 1021 161 55 non
894 1021 253 55 sequuntur

303 1064 297 81 contumeliosi,
547 1064 105 81 ac
600 1064 192 81 ingrati
722 1064 210 81 discipuli-

402 1268 557 59 DISTINCTIO
800 1268 239 59 XLII

322 1317 133 86 De
388 1317 354 86 omnipotentia
676 1317 177 86 Dei,
786 1317 155 86 vbi
875 1317 199 86 prius
985 1317 133 86 con-

456 1392 305 71 sideratur,
696 1392 196 71 quare
805 1392 196 71 dicatur

535 1449 331 78 omnipotens.

539 1516 267 82 CAP.
672 1516 134 82 I.

411 1578 152 82 NVNC
506 1578 114 82 de
563 1578 305 82 omnipotentia
811 1578 133 82 Dei
887 1578 210 82 agendum
1040 1578 152 82 est,

420 1637 124 73 vbi
491 1637 159 73 prima
597 1637 283 73 consideratio
827 1637 230 73 occurrit,
987 1637 159 73 quomodo

419 1692 154 77 uere
515 1692 154 77 Deus
611 1692 212 77 dicatur
766 1692 289 77 omnipotens:
978 1692 173 77 an
