1247 2040
84 110 214 97 portuit,
245 110 107 97 vt
298 110 143 97 bona
387 110 143 97 fide
476 110 178 97 testis
601 110 250 97 Augustinus
779 110 143 97 produ

57 175 189 53 ceretur.

129 220 95 68 2
167 220 152 68 Haec
262 220 190 68 vtique
395 220 95 68 &
433 220 266 68 huiusmodi.
641 220 152 68 Haec
736 220 190 68 quoque
869 220 95 68 &

85 271 178 56 quoad
204 271 198 56 verba,
343 271 99 56 &
382 271 178 56 quoad
501 271 218 56 sensum,
660 271 99 56 &
699 271 178 56 quoad
798 271 119 56 ele-

74 315 212 70 gantiam
228 315 174 70 ipsam
344 315 251 70 dictionis
537 315 232 70 immutata
711 315 174 70 sunt.
826 315 135 70 Nam

84 384 149 48 bona
178 384 280 48 Augustinina
401 384 168 48 facit
513 384 149 48 iste
606 384 242 48 teterrima
774 384 149 48 genere

83 427 218 56 dicendi.
247 427 164 56 Verba
356 427 146 56 ipsa
447 427 237 56 Augustini
629 427 255 56 recitemus,
811 427 109 56 quae

82 469 147 49 sunt
174 469 258 49 huiusmodi.
376 469 166 49 (redo
487 469 110 49 in
542 469 147 49 Deum
634 469 184 49 Patrem
744 469 166 49 omnipo-

83 519 175 53 tentem.
210 519 127 53 Deus
290 519 223 53 omnipotens
465 519 127 53 est,
545 519 96 53 &,
593 519 111 53 cum
656 519 111 53 sit
704 519 207 53 omnipotens,

80 566 117 60 mori
154 566 103 60 non
212 566 161 60 potest,
330 566 132 60 falli
418 566 103 60 non
477 566 161 60 potest,
594 566 161 60 mentiri
712 566 103 60 non
770 566 161 60 potest,
873 566 44 60 &

84 612 125 66 quod
163 612 110 66 ait
225 612 219 66 Apostolus,
398 612 172 66 seipsum
523 612 157 66 negare
633 612 110 66 non
696 612 172 66 potest.
821 612 125 66 Quam

80 664 144 55 multa
176 664 112 55 non
240 664 176 55 potest,
368 664 80 55 &
400 664 224 55 omnipotens
575 664 128 55 est.
655 664 96 55 Et
703 664 128 55 ideo
767 664 144 55 omnipo-

79 719 119 61 tens
153 719 119 61 est,
228 719 119 61 quia
302 719 119 61 ista
376 719 104 61 non
436 719 163 61 potest:
554 719 104 61 nam
614 719 89 61 si
658 719 119 61 mori
733 719 163 61 posset,
837 719 74 61 non

86 759 122 64 esset
168 759 203 64 omnipotens:
330 759 81 64 si
371 759 162 64 mentirt,
492 759 162 64 sifalli,
614 759 81 64 si
655 759 162 64 fallere,
777 759 81 64 si
804 759 108 64 inique

88 811 142 52 agere,
187 811 99 52 non
244 811 128 52 esset
329 811 213 52 omnipotens:
500 811 114 52 quia
571 811 85 52 si
614 811 99 52 hoc
670 811 85 52 in
713 811 85 52 eo
756 811 142 52 esset,
841 811 71 52 non

90 856 165 73 fuisset
210 856 165 73 dignus,
330 856 105 73 qui
390 856 135 73 esset
480 856 225 73 omnipotens.
661 856 165 73 Prorsus
766 856 135 73 omnipo-

82 915 132 49 tens
165 915 149 49 Pater
264 915 165 49 noster
380 915 182 49 peccare
512 915 116 49 non
578 915 182 49 potest.
711 915 149 49 Facit
793 915 116 49 quic-

85 957 141 69 quid
174 957 141 69 vult
262 957 141 69 ipsa
350 957 123 69 est
420 957 300 69 omnipotentia.
667 957 141 69 Haec
738 957 176 69 Augusti-

81 1010 146 56 nus,
172 1010 91 56 a
209 1010 183 56 quibus
336 1010 201 56 quantum
483 1010 146 56 iste
574 1010 274 56 recesserit,
775 1010 146 56 vident

78 1065 236 52 omnes.
243 1065 189 52 Quod
361 1065 212 52 autem
503 1065 259 52 addidit
668 1065 259 52 Lombardus

86 1102 122 60 Non
155 1102 175 60 potest
278 1102 157 60 miser
383 1102 157 60 esse,
488 1102 175 60 voluit
610 1102 227 60 explicare
785 1102 175 60 dictum

74 1150 176 60 Pauli,
197 1150 193 60 Seipsum
338 1150 176 60 negare
461 1150 123 60 non
531 1150 193 60 potest,
671 1150 123 60 sed
741 1150 88 60 a
777 1150 140 60 vero
847 1150 70 60 e-

78 1202 128 58 ius
151 1202 165 58 sensu
261 1202 147 58 toto
353 1202 165 58 coelo
463 1202 220 58 aberrat.
628 1202 257 58 Significat
812 1202 110 58 enim

84 1248 187 68 Paulus
215 1248 168 68 illud
327 1248 187 68 ipsum,
458 1248 150 68 quod
552 1248 187 68 postea
683 1248 224 68 subiicit
832 1248 94 68 Au-

80 1293 229 67 gustinus.
257 1293 123 67 Non
327 1293 176 67 potest
451 1293 212 67 mentiri,
610 1293 123 67 non
680 1293 176 67 potest
786 1293 141 67 inique

80 1344 207 70 agere.
225 1344 186 70 Porro
349 1344 166 70 quod
453 1344 145 70 hoc
536 1344 166 70 loco
639 1344 228 70 citatur
784 1344 145 70 exAu-

79 1398 210 58 gustino
232 1398 191 58 iisdem
365 1398 153 58 pene
461 1398 191 58 verbis
594 1398 172 58 extat
709 1398 153 58 apud
785 1398 134 58 Ioan-

75 1451 149 59 nem
160 1451 341 59 Chrysostomum
437 1451 234 59 Homilia
607 1451 213 59 priore
757 1451 128 59 in
799 1451 128 59 sum-

71 1488 184 63 bolum
193 1488 326 63 Apostolorum,
458 1488 102 63 &
499 1488 163 63 idem
601 1488 184 63 longe
723 1488 184 63 prius
825 1488 102 63 di-

81 1538 163 78 xerat
190 1538 236 78 Basilius,
371 1538 218 78 repetiit
535 1538 182 78 postea
644 1538 236 78 Damascenus.

274 1614 248 83 AD
398 1614 331 83 CAP.
563 1614 166 83 VI

119 1711 112 98 I
163 1711 135 98 DE
231 1711 224 98 litera
388 1711 112 98 &
433 1711 269 98 Spiritu.
635 1711 157 98 Est
725 1711 157 98 hic
792 1711 157 98 locus
