1224 2076
299 142 113 64 At
356 142 245 64 praeclare
544 142 189 64 Thomas
676 142 113 64 in
733 142 170 64 prima
846 142 170 64 parte
941 142 208 64 Quaestio.

305 193 125 52 2g.
377 193 107 52 de
430 193 232 52 Voluntate
609 193 178 52 prius,
734 193 143 52 quam
823 193 107 52 de
876 193 214 52 Potentia
1019 193 125 52 diui-

311 250 111 44 na
367 250 259 44 tractandum
571 250 148 44 esse
663 250 185 44 docet.
793 250 204 44 Naturam
941 250 148 44 enim
1015 250 130 44 prius

312 291 119 54 est
380 291 102 54 vt
431 291 169 54 velis,
549 291 136 54 quam
634 291 102 54 vt
685 291 220 54 efficias.
854 291 203 54 Potentia
990 291 152 54 veroest

306 349 256 55 principium
507 349 220 55 exequens
672 349 183 55 illud,
800 349 147 55 quod
892 349 220 55 voluntas
1038 349 92 55 im-

307 391 166 66 perat,
424 391 83 66 &
457 391 199 66 scientia
606 391 199 66 dirigit.
756 391 116 66 Est
822 391 133 66 ergo
905 391 216 66 scientia,
1055 391 83 66 rel

310 436 275 55 intellectus
530 436 129 55 Dei
603 436 239 55 dirigens:
787 436 220 55 voluntas
934 436 202 55 imperans:

308 486 220 70 potentia
473 486 183 70 diuina
601 486 128 70 est
674 486 238 70 exequens.
858 486 110 70 Ex
913 486 128 70 quo
968 486 165 70 colligi

304 543 130 47 tur
379 543 259 47 posteriori
582 543 148 47 loco
675 543 111 47 de
731 543 130 47 ea,
805 543 148 47 quam
897 543 111 47 de
934 543 204 47 voluntate

304 583 128 57 Dei
377 583 201 57 agendum
523 583 201 57 fuisse,
669 583 128 57 qui
742 583 164 57 tamen
851 583 146 57 ordo
942 583 128 57 hic
1015 583 91 57 a
1034 583 109 57 Lon-

310 628 176 64 bardo
428 628 215 64 euersus
584 628 156 64 est.
681 628 117 64 Et
740 628 156 64 ista
838 628 195 64 quidem
955 628 195 64 confusum

306 677 156 57 esse
404 677 98 57 a
443 677 234 57 Lombardo
619 677 137 57 tam
697 677 293 57 necessarium
931 677 156 57 hunc
1009 677 137 57 locum

307 723 255 66 perspicue
484 723 274 66 demonstrant.

369 758 196 88 Obscure
512 758 178 88 quoque
636 758 232 88 expositum
815 758 107 88 ac
868 758 214 88 traditum
1010 758 143 88 fuisse

302 823 160 65 haec
402 823 140 65 iam
482 823 260 65 argumenta
663 823 240 65 probabunt.

350 869 200 73 Primum,
495 869 145 73 quod
586 869 182 73 nullum
714 869 91 73 e
750 869 164 73 sacra
859 869 236 73 Scriptura
1023 869 127 73 locum

303 916 220 76 profert
463 916 260 76 Theologus
663 916 180 76 iste,
783 916 160 76 vnde
883 916 160 76 Deum
963 916 180 76 omnipo-

313 973 153 65 tente
415 973 221 65 appellari
585 973 187 65 probet.
721 973 153 65 Atqui
824 973 153 65 fidei
926 973 187 65 nostrae
1045 973 102 65 fun-

306 1017 229 68 damentum
478 1017 133 68 est
554 1017 172 68 sacra
668 1017 267 68 Scriptura:
878 1017 114 68 in
935 1017 133 68 qua
992 1017 153 68 extant

311 1063 289 59 quamplurimi
542 1063 116 59 de
600 1063 309 59 omnipotentia
851 1063 154 59 Dei,
947 1063 135 59 tum
1024 1063 116 59 in
1063 1063 77 59 Ve

309 1113 161 66 teri,
416 1113 125 66 tum
488 1113 107 66 in
541 1113 143 66 Nouo
631 1113 250 66 Testamento
827 1113 161 66 loci,
934 1113 179 66 veluti
1042 1113 89 66 Oe-

315 1159 123 72 nes.
392 1159 108 72 I7.
453 1159 154 72 Versid
561 1159 93 72 I.
608 1159 108 72 42.
669 1159 139 72 Vers.
762 1159 108 72 I4.
824 1159 123 72 Luc.
901 1159 93 72 I.
932 1159 201 72 Versiculos7

311 1207 96 54 ότ
359 1207 112 54 ωοκ
423 1207 225 54 αδμματισει
600 1207 112 54 δξα
664 1207 96 54 τῶ
712 1207 160 54 Oεῶπῶν
824 1207 144 54 qhuα,
920 1207 96 54 id
969 1207 128 54 est,
1033 1207 96 54 Apud

311 1251 139 75 Deum
397 1251 121 75 non
467 1251 139 75 erit
554 1251 260 75 impossibile
762 1251 156 75 vllum
866 1251 191 75 verbum.
1005 1251 87 75 &
1022 1251 104 75 Apo-

311 1314 168 53 calyp.
429 1314 117 53 I8.
496 1314 184 53 Versic.
630 1314 101 53 9.
680 1314 252 53 Hαντοκεατῶῳ
881 1314 252 53 appellatur.
1066 1314 67 53 Hi

306 1347 172 77 igitur
426 1347 86 77 &
460 1347 120 77 his
529 1347 189 77 similes
666 1347 137 77 alij
752 1347 137 77 loci
838 1347 155 77 omnes
941 1347 137 77 sunt
1010 1347 120 77 prae-

310 1402 242 66 termissi.
497 1402 168 66 Neque
609 1402 149 66 vero
702 1402 205 66 istorum
851 1402 224 66 quisquam
1000 1402 131 66 exci-

315 1458 150 58 piat,
415 1458 150 58 inter
516 1458 200 58 homines,
666 1458 234 58 praesertim
849 1458 267 58 Christianos,
1050 1458 83 58 hoc

311 1501 131 57 esse
392 1501 212 57 δεολσλκὸν
556 1501 114 57 non
621 1501 163 57 tantum
735 1501 180 57 αἰτήμα,
866 1501 114 57 sed
931 1501 180 57 ἀξεωμα,
1045 1501 82 57 Den

309 1545 135 58 esse
393 1545 286 58 omnipotentem.
629 1545 135 58 Etsi
714 1545 135 58 enim
798 1545 118 58 hoc
865 1545 152 58 verum
966 1545 135 58 est,
1034 1545 84 58 ta-

314 1595 117 72 men
381 1595 134 72 quia
465 1595 234 72 scribuntur
648 1595 134 72 ista
732 1595 184 72 docendi
866 1595 184 72 gratia,
999 1595 100 72 vt
1033 1595 100 72 sint

311 1640 155 62 velut
414 1640 242 62 certissima
604 1640 86 62 &
639 1640 242 62 indubitata
828 1640 259 62 Christianae
1018 1640 121 62 fidei

314 1694 191 81 elementa
458 1694 80 81 &
489 1694 159 81 κυειας
601 1694 143 81 δοξω,
697 1694 96 81 ex
744 1694 128 81 ipsa
824 1694 128 81 illa
904 1694 207 81 scriptura
1047 1694 80 81 Sa
