1252 2056
44 126 141 57 enim
132 126 141 57 uult
220 126 141 57 Deus
308 126 158 57 omnes
413 126 193 57 homines
554 126 281 57 iustificare,
782 126 88 57 &
800 126 123 57 tamen

57 198 134 49 quis
141 198 184 49 dubitat
275 198 117 49 eum
342 198 167 49 posse:
459 198 167 49 Potest
576 198 134 49 ergo
659 198 134 49 Deus
743 198 150 49 aliud
826 198 84 49 fa-

58 240 130 49 cere
139 240 130 49 quam
221 240 163 49 facit:
335 240 81 49 &
367 240 147 49 tamen
465 240 98 49 si
514 240 147 49 aliud
612 240 196 49 faceret,
758 240 147 49 alius
840 240 65 49 i-

60 283 110 58 pse
123 283 110 58 non
186 283 157 58 esset.
295 283 94 58 Et
342 283 157 58 potest
452 283 141 58 aliud
546 283 141 58 velle
640 283 125 58 quam
718 283 141 58 vult:
812 283 78 58 &
828 283 78 58 ta-

59 328 114 57 men
124 328 131 57 eius
206 328 196 57 voluntas
353 328 114 57 nec
418 328 147 57 alia,
517 328 114 57 nec
582 328 147 57 noua,
680 328 114 57 nec
729 328 180 57 mutabilis

62 378 160 55 aliquo
174 378 128 55 modo
254 378 160 55 potest
366 378 144 55 esse.
462 378 128 55 Quod
543 378 128 55 etsi
623 378 160 55 possit
735 378 144 55 velle
815 378 96 55 quod

48 435 186 44 vunquam
183 435 186 44 voluit,
318 435 118 44 non
386 435 152 44 tamen
487 435 203 44 nouiter,
639 435 118 44 nec
706 435 135 44 noua
774 435 118 44 volun

59 472 147 55 tate,
157 472 114 55 sed
222 472 228 55 sempiterna
401 472 163 55 tantum
515 472 212 55 voluntate
679 472 147 55 velle
760 472 147 55 potest.

59 526 153 48 Potest
166 526 122 48 enim
242 526 137 48 uelle
333 526 122 48 quod
410 526 107 48 ab.
471 526 168 48 aeterno
593 526 153 48 potest
700 526 198 48 voluisse:
837 526 61 48 ha

59 573 123 68 bet
130 573 141 68 enim
218 573 229 68 potentiam
394 573 194 68 volendi
536 573 88 68 &
571 573 141 68 nunc
659 573 88 68 &
694 573 106 68 ab
730 573 176 68 aeterno.

52 620 131 83 quod
133 620 147 83 tamen
232 620 114 83 nec
297 620 131 83 modo
379 620 147 83 vuli,
477 620 114 83 nec
542 620 98 83 ab
591 620 180 83 aeterno
706 620 147 83 voluit.

104 742 262 109 AD
192 742 655 109 DISTINCTIONEM

224 835 356 80 XLIII

217 933 230 89 AD
332 933 307 89 CAP.
485 933 192 89 III

103 1055 94 52 I
141 1055 150 52 Quod
235 1055 206 52 poterat
385 1055 206 52 quidem.
535 1055 150 52 Ista
629 1055 169 52 verba
741 1055 131 52 non
797 1055 113 52 sunt

51 1092 266 67 Augustini,
260 1092 133 67 sed
336 1092 190 67 ipsius
469 1092 247 67 Lombardi,
659 1092 133 67 nec
735 1092 133 67 tam
792 1092 114 67 qui-

51 1142 131 65 dem
126 1142 206 65 addita,
276 1142 112 65 vt
332 1142 262 65 superiorem
538 1142 262 65 sententiam
726 1142 187 65 explica-

48 1206 174 56 rent,
163 1206 154 56 quam
260 1206 116 56 vt
318 1206 212 56 prorsus
472 1206 289 56 euerterent.
704 1206 154 56 Quod
800 1206 154 56 enim

49 1234 149 69 dixit
149 1234 248 69 Augustinus,
347 1234 116 69 Non
413 1234 198 69 poterat,
561 1234 132 69 iste
644 1234 165 69 contra
759 1234 132 69 ait,
825 1234 83 69 Po-

46 1295 176 70 terat,
170 1295 123 70 sed
240 1295 212 70 nolebit.
399 1295 159 70 Illud
505 1295 159 70 etiam
610 1295 229 70 annotasse
769 1295 141 70 fuerit

46 1347 360 56 operaepretium,
346 1347 180 56 totum
466 1347 180 56 illum
586 1347 260 56 Augustini
766 1347 140 56 locum

45 1385 144 69 non
128 1385 185 69 magis
251 1385 227 69 probare
416 1385 165 69 Deum
519 1385 185 69 plura
643 1385 206 69 posse,
787 1385 165 69 quam

46 1434 168 60 velit
158 1434 131 60 aut
233 1434 242 60 efficiat:
419 1434 149 60 quam
512 1434 186 60 lobum,
643 1434 93 60 &
680 1434 205 60 Galatas
811 1434 93 60 ho-

47 1487 167 53 mines
159 1487 204 53 fuisse.
307 1487 130 53 Sic
381 1487 148 53 enim
474 1487 186 53 ibidem
604 1487 260 53 Augustinus
790 1487 111 53 scri

49 1529 127 68 bit,
128 1529 190 68 Potestas
271 1529 158 68 vtique
382 1529 174 68 aderat,
509 1529 111 68 sed
572 1529 190 68 iustitia
715 1529 111 68 non
762 1529 143 68 desere-

48 1585 167 57 bat.
152 1585 209 57 Secund
298 1585 104 57 m
340 1585 146 57 hoc
423 1585 167 57 enim
528 1585 209 57 dicit,
674 1585 125 57 AT
736 1585 125 57 VE
778 1585 125 57 VTI-

51 1628 121 63 NAM
120 1628 172 63 possem
240 1628 103 63 me
292 1628 224 63 occidere:
464 1628 121 63 aut
533 1628 172 63 rogare
654 1628 172 63 alium,
774 1628 103 63 vt
809 1628 86 63 fu-

48 1674 143 66 ceret
144 1674 143 66 mihi.
239 1674 112 66 Hoc
303 1674 175 66 negauit
431 1674 96 66 se
479 1674 159 66 posse,
590 1674 128 66 quod
670 1674 112 66 per
734 1674 207 66 iustitiam

50 1727 146 82 feri
141 1727 128 82 non
214 1727 219 82 poterat.
378 1727 110 82 Eo
433 1727 219 82 loquendi
598 1727 146 82 modo
689 1727 91 82 &
707 1727 201 82 Apostolus
