1292 2037
128 105 133 84 rem
204 105 114 84 in
261 105 171 84 mente
375 105 209 84 hominis
527 105 171 84 putat
641 105 152 84 esse
736 105 304 84 substantias,

138 172 137 53 non
217 172 176 53 autem
334 172 215 53 δυνάμας
491 172 117 53 ac
550 172 274 53 qualitates
765 172 255 53 naturales
941 172 59 53 &

141 223 316 46 congenitas
390 223 226 46 menti.
548 223 181 46 Vnde
660 223 135 46 ex
728 223 203 46 eodem
841 223 158 46 Augu-

148 269 157 70 stino
252 269 157 70 libro
357 269 122 70 i2.
427 269 244 70 Trinitatis
618 269 209 70 capitee.
775 269 192 70 apparet
897 269 105 70 tan-

143 316 138 65 dem
222 316 236 65 deuentum
399 316 158 65 esse
498 316 118 65 ad
557 316 335 65 ineptissimas,
832 316 98 65 &
852 316 138 65 omni-

139 369 105 53 no
191 369 158 53 tanta
296 369 140 53 rei,
384 369 228 53 maiestate
559 369 210 53 indignas
716 369 315 53 similitudines,

156 419 199 45 Veluti
295 419 159 45 quum
395 419 278 45 Trinitatis
613 419 278 45 Personarum
832 419 199 45 imagi¬

144 455 136 67 nem
221 455 253 67 ponerent,
416 455 97 67 &
455 455 272 67 quaererent
668 455 117 67 in
727 455 253 67 coniugio,
902 455 97 67 vbi

146 514 133 48 est
222 514 152 48 mas,
317 514 209 48 foemina
468 514 95 48 &
506 514 209 48 proles:
658 514 95 48 &
696 514 171 48 libro
809 514 114 48 9.
847 514 152 48 capite

139 555 150 64 q.in
233 555 187 64 tribus
364 555 206 64 annulis
513 555 112 64 ex
569 555 168 64 eodem
681 555 150 64 auro
775 555 262 64 confectis,

143 611 93 50 &
181 611 167 50 inter
292 611 149 50 sese
385 611 242 50 connexis.
571 611 149 50 Quae
664 611 316 50 similitudines
906 611 93 50 ita

147 657 188 58 postea
279 657 338 58 displicuerunt,
560 657 169 58 vtcum
673 657 150 58 hanc
767 657 113 58 de
804 657 188 58 Trinita-

142 700 118 57 te
201 700 255 57 doctrinam
397 700 216 57 aliquot
554 700 157 57 post
652 700 275 57 Augustinum
849 700 137 57 secu-

145 747 126 59 lis
217 747 215 59 Anselmus
378 747 251 59 tractaret,
576 747 179 59 eamque
701 747 108 59 ex
755 747 179 59 solis,
862 747 126 59 natu-

144 808 202 51 ralibus
290 808 257 51 rationibus
492 808 165 51 veram
602 808 147 51 esse
694 808 275 51 colligeret,
895 808 92 51 hu-

134 845 218 58 iusmodi
293 845 179 58 tamen
412 845 338 58 Augustinianis
690 845 238 58 exemplis
849 845 139 58 pror-

137 897 120 52 sus
206 897 258 52 abstineret,
412 897 155 52 licet
515 897 138 52 idem
601 897 172 52 plenas
722 897 86 52 &
756 897 155 52 to:as
860 897 103 52 ex
894 897 86 52 eo-

140 946 141 53 dem
220 946 221 53 paginas
381 946 181 53 alibi
502 946 282 53 describere
723 946 141 53 non
784 946 201 53 veretur.

147 994 149 63 Quod
241 994 186 63 igitur
371 994 112 63 in
427 994 242 63 Augustino
613 994 168 63 venia
725 994 205 63 potius,
874 994 149 63 quam

144 1032 291 70 imitatione
373 1032 208 70 dignum
518 1032 187 70 fuit,
642 1032 270 70 Lombardus
829 1032 166 70 sedulo

157 1091 103 49 ac
208 1091 206 49 studiose
363 1091 172 49 taquam
483 1091 172 49 κυειαν
603 1091 137 49 suae
689 1091 240 49 Theologiae
878 1091 155 49 δοξον

143 1136 172 62 etiam
258 1136 134 62 rem
334 1136 172 62 ipsam
449 1136 249 62 obscurans
641 1136 249 62 proposuit
833 1136 134 62 hac
890 1136 96 62 Se

131 1179 172 64 ctione.

202 1225 185 63 Tertio
332 1225 278 63 reprehendo,
555 1225 148 63 quod
648 1225 241 63 memoriam,
815 1225 185 63 intelli-

145 1276 231 69 gentiam,
318 1276 96 69 &
356 1276 288 69 voluntatem,
587 1276 231 69 earumque
760 1276 269 69 facultatum

141 1340 238 44 actiones
320 1340 258 44 Lombardus
518 1340 218 44 scribit
657 1340 337 44 substantialiuer

139 1377 193 57 inesse
274 1377 213 57 animae,
429 1377 213 57 tanquam
583 1377 135 57 eas
660 1377 116 57 ad
718 1377 174 57 trium
815 1377 174 57 Persona

143 1422 143 52 rum
224 1422 265 52 diuinarum
428 1422 347 52 similitudinem
714 1422 163 52 tres
815 1422 224 52 quasdam

141 1483 168 45 anmae
253 1483 168 45 &olas
365 1483 261 45 distinctas
570 1483 280 45 constituat:
794 1483 149 45 quae
868 1483 131 45 tamen

137 1516 144 56 sunt
227 1516 180 56 tantum
353 1516 215 56 δυνάμυις
514 1516 198 56 animae,
658 1516 162 56 neque
766 1516 162 56 etiam
855 1516 144 56 illius

138 1573 139 56 uipn
225 1573 105 56 si
277 1573 192 56 proprie
416 1573 226 56 loquimur,
590 1573 209 56 quicquid
747 1573 105 56 de
799 1573 105 56 ea
852 1573 105 56 re
887 1573 105 56 qui-

141 1618 116 51 dam
208 1618 216 51 litigiose
374 1618 216 51 scribant.
540 1618 133 51 Sunt
623 1618 149 51 illae
722 1618 166 51 quidem
839 1618 116 51 gum
888 1618 100 51 κaαd

141 1660 252 57 δυνάμεις,
335 1660 136 57 non
412 1660 350 57 accidentariae.
704 1660 194 57 Itaque
840 1660 136 57 aut
898 1660 97 57 ex-

142 1713 237 70 plicatam
320 1713 237 70 oportuit
497 1713 138 70 tam
576 1713 237 70 obscuram
734 1713 256 70 sententiam:
