1218 2027
289 101 113 68 ad
346 101 207 68 Galatas
496 101 188 68 dicit,
628 101 282 68 Testimonium
854 101 169 68 vobis
948 101 188 68 perhibeo

302 152 121 70 quia
378 152 91 70 si
423 152 137 70 fieri
514 152 167 70 posset,
636 152 152 70 oculos
742 152 258 70 effodissetis,
955 152 121 70 &lc.
1031 152 121 70 Ergo
1091 152 46 70 a

293 205 143 55 lius
383 205 215 55 quispiam
544 205 161 55 locus
651 205 250 55 singularis
848 205 250 55 quaerendus
1027 205 107 55 erar

301 252 127 59 vbi
374 252 109 59 de
428 252 291 59 omnipotentia
664 252 145 59 Dei,
755 252 91 59 &
792 252 109 59 de
846 252 254 59 discrimine
1028 252 109 59 eius

297 296 250 52 voluntatis
493 296 89 52 a
529 296 232 52 potestate
707 296 178 52 ageret
832 296 267 52 Augustinus,
1028 296 107 52 qua-

292 351 110 50 lis
355 351 126 50 ille
434 351 126 50 est,
513 351 110 50 qui
576 351 142 50 extat
670 351 126 50 lib.
749 351 95 50 de
796 351 173 50 Spiritu
922 351 79 50 &
954 351 158 50 Litera
1048 351 79 50 ca-

290 396 157 71 pite
369 396 157 71 primo,

498 487 220 79 AD
608 487 294 79 CAP.
755 487 147 79 V.

346 543 110 90 I.
401 543 129 90 Hoc
474 543 202 90 soluim.
622 543 202 90 Prorsus
769 543 202 90 aberrat
916 543 92 90 &
953 543 92 90 a
989 543 184 90 verbis
1100 543 55 90 &

296 615 101 74 a
336 615 182 74 mente
458 615 263 74 Augustini
660 615 283 74 Lombardus.
883 615 101 74 A
923 615 182 74 mente
1025 615 121 74 qui-

293 666 159 64 dem,
393 666 219 64 quoniam
552 666 139 64 non
631 666 199 64 censet
771 666 159 64 hanc
870 666 179 64 solum
990 666 159 64 esse
1069 666 80 64 o-

308 711 296 73 mnipotaentiam
551 711 139 73 Dei,
638 711 104 73 vt
690 711 174 73 possit
812 711 139 73 quod
899 711 174 73 velit:
1021 711 87 73 a
1039 711 104 73 ver-

298 767 131 60 bis
373 767 187 60 autem,
504 767 206 60 quoniam
654 767 169 60 plane
766 767 112 60 ab
823 767 318 60 Augustinianis
1066 767 75 60 i-

298 812 131 71 sta
373 812 263 71 Lombardica
580 812 244 71 recedunt.
768 812 131 71 Sic
843 812 188 71 igitur
955 812 188 71 Augusti-

300 858 144 73 nus
383 858 185 73 libro
506 858 185 73 primo
629 858 123 73 de
691 858 226 73 Symbolo
855 858 123 73 ad
896 858 247 73 Catechume-

301 902 126 66 nos
373 902 181 66 capite
500 902 181 66 primo,
626 902 199 66 Prorsus
771 902 253 66 omnipotens
969 902 163 66 Pater
1060 902 90 66 no-

309 956 122 72 ster
385 956 168 72 peccare
507 956 107 72 non
568 956 168 72 potest.
690 956 137 72 Facit
781 956 183 72 quicquid
918 956 137 72 vult,
1010 956 122 72 ipsa
1071 956 76 72 est

306 1003 295 64 omnipotentia:
549 1003 156 64 facit
653 1003 208 64 quicquid
809 1003 139 64 bene
896 1003 156 64 vult,
982 1003 174 64 quicquid

302 1055 147 67 iuste
400 1055 147 67 vult.
498 1055 131 67 Nemo
580 1055 196 67 resistit
727 1055 262 67 omnipotenti,
939 1055 98 67 vt
988 1055 131 67 non,
1054 1055 98 67 quod

310 1102 165 65 vult,
420 1102 202 65 faciat.
567 1102 147 65 Haec
659 1102 147 65 quid
750 1102 129 65 tum
824 1102 275 65 Lombardicis
1026 1102 110 65 con-

303 1148 152 74 mune
398 1148 208 74 habent.
549 1148 227 74 Fortasse
720 1148 208 74 memoria
872 1148 190 74 lapsus
1004 1148 152 74 est,
1080 1148 57 74 &

307 1200 105 69 ad
360 1200 140 69 cap.
448 1200 105 69 9.
500 1200 263 69 Enchiridij,
710 1200 263 69 respiciebat
921 1200 175 69 potius
1026 1200 105 69 Lom-

306 1243 223 84 bardus,
468 1243 142 84 qui
549 1243 182 84 tamen
671 1243 182 84 locus
792 1243 182 84 vocem
914 1243 203 84 Solum,
1036 1243 101 84 non

281 1298 165 71 habet.

432 1356 143 76 Quae
521 1356 125 76 non
593 1356 161 76 vult.
700 1356 161 76 Locus
807 1356 232 76 obscurus,
985 1356 143 76 quem
1057 1356 89 76 sic

306 1404 132 73 vel
382 1404 321 73 restituendum,
646 1404 132 73 vel
722 1404 283 73 explanandum
948 1404 170 73 puto.
1043 1404 94 73 Fa-

308 1460 169 60 teamur
426 1460 169 60 itaque
544 1460 135 60 Deum
628 1460 152 60 plura
730 1460 152 60 posse
831 1460 185 60 facere,
965 1460 135 60 quam
1033 1460 101 60 quae

301 1503 149 70 vult:
401 1503 83 70 &
434 1503 149 70 posse
533 1503 215 70 dimittere
699 1503 133 70 quae
782 1503 166 70 facit.
898 1503 149 70 Verba
997 1503 166 70 autem,

298 1556 148 66 posse
396 1556 165 66 facere
512 1556 132 66 quae
594 1556 115 66 non
660 1556 148 66 vult,
759 1556 181 66 suntque
891 1556 99 66 in
940 1556 181 66 omnibus
1056 1556 82 66 ex-

308 1595 270 75 emplaribus,
524 1595 234 75 requirunt
704 1595 180 75 saltem
831 1595 270 75 correlatiua
1029 1595 108 75 par-

306 1647 218 56 ticulam,
469 1647 145 56 quam
560 1647 91 56 :
596 1647 127 56 vel
669 1647 182 56 falsam
796 1647 182 56 habent
905 1647 236 56 sententiam,

296 1694 131 68 Nec
371 1694 149 68 enim
464 1694 168 68 facit
577 1694 224 68 quicquam
745 1694 168 68 Deus,
857 1694 149 68 quod
950 1694 168 68 nolit
1044 1694 93 68 fa
