1219 2025
288 103 146 73 est,
379 103 146 73 quod
470 103 127 73 vel
543 103 218 73 obscure,
706 103 127 73 vel
779 103 164 73 falso
888 103 237 73 loquitur,
1052 103 91 73 dum

290 167 138 62 ait,
376 167 138 62 Deum
462 167 155 62 plura
565 167 172 62 posse,
686 167 138 62 quam
772 167 172 62 velit.
892 167 189 62 Obscura
1030 167 138 62 enim

296 224 121 57 est
365 224 138 57 haec
451 224 208 57 phrasis,
607 224 138 57 quod
694 224 121 57 Dei
763 224 242 57 voluntatem
953 224 156 57 (quae
1040 224 86 57 du-

291 260 161 84 plex,
398 260 197 84 docendi
541 260 197 84 gratia,
684 260 250 84 statuitur,
881 260 125 84 vna
952 260 161 84 nempe
1042 260 89 84 si-

298 303 130 81 gni:
379 303 163 81 altera
493 303 179 81 ἀρρητος
624 303 261 81 ἀκαταλητλιις
836 303 82 81 &
868 303 261 81 beneplaciti)
1064 303 65 81 no

294 360 240 60 distinguit
483 360 240 60 Lombardus.
672 360 155 60 Falsa
775 360 137 60 vero
860 360 137 60 erit
946 360 137 60 haec
1015 360 103 60 sen-

293 400 173 68 tentia,
419 400 94 68 si
466 400 173 68 sentit,
592 400 126 68 Deum
671 400 142 68 plura
765 400 157 68 posse,
875 400 126 68 quam
954 400 126 68 illa
1017 400 110 68 acpro

291 457 227 58 voluntate
465 457 175 58 velit,
588 457 87 58 &
623 457 262 58 decreuerit.
833 457 105 58 In
885 457 105 58 eo
938 457 140 58 enim
1008 457 122 58 vtra-

297 498 155 80 que,
394 498 311 80 omnipotentia
646 498 233 80 nimirum,
821 498 97 80 &
860 498 155 80 illa
938 498 194 80 voluntas

290 552 139 59 est
369 552 257 59 aequalis.
567 552 139 59 Sed
646 552 158 59 quum
745 552 237 59 dicimus,
923 552 158 59 Deum
1003 552 139 59 plura

290 598 169 81 posse,
408 598 135 81 quam
492 598 169 81 velit,
610 598 101 81 de
661 598 219 81 patefacta
830 598 135 81 eius
897 598 236 81 voluntatelo-

290 648 189 59 quimur
422 648 113 59 ac
479 648 321 59 intelligimus:
743 648 132 59 non
819 648 113 59 de
876 648 189 59 altera
1008 648 94 59 &
1027 648 113 59 tora

295 694 142 65 illa
384 694 231 65 voluntate
562 694 142 65 Dei,
651 694 142 65 quae
740 694 160 65 nobis
847 694 196 65 omnique
972 694 160 65 creatu-

297 751 130 53 rae
372 751 185 53 ignota
501 751 148 53 est,
594 751 222 53 quanquam
761 751 167 53 tamen
872 751 167 53 eadem
983 751 130 53 est
1038 751 93 53 iu-

353 796 243 74 stissima.
540 796 112 74 Et
596 796 149 74 haec
689 796 112 74 in
745 796 131 74 4g.
801 796 280 74 Distinctionem

484 837 301 77 obseruatione
728 837 169 77 digna
822 837 113 77 visa

616 891 139 54 sunt.

376 1108 523 67 DISTINCTIO
749 1108 299 67 XLIIII

351 1174 131 87 An
417 1174 174 87 Deus
525 1174 218 87 possit
678 1174 218 87 facere
830 1174 240 87 aliquid
983 1174 87 87 me

522 1237 172 84 lius
629 1237 172 84 quam
715 1237 172 84 facit.

540 1326 250 91 CAP.
665 1326 125 91 I.

418 1415 156 74 RVNC
515 1415 175 74 illud
631 1415 194 74 restat
768 1415 331 74 discutiendum,
1020 1415 117 74 vtum

398 1465 91 88 da
443 1465 151 88 melius
549 1465 166 88 aliquid
670 1465 151 88 possit
776 1465 151 88 facere
882 1465 121 88 quam
958 1465 151 88 facit.
1048 1465 76 88 So-

437 1514 116 52 lent
510 1514 116 52 enim
583 1514 116 52 illi
656 1514 218 52 scrutatores
830 1514 160 52 dicere,
946 1514 116 52 quod
1019 1514 87 52 ea
1048 1514 73 52 qua

318 1559 137 67 facit
409 1559 137 67 Deus,
501 1559 107 67 non
562 1559 168 67 potest,
684 1559 168 67 meliora
806 1559 168 67 facere:
928 1559 122 67 quia
989 1559 137 67 seepos-

314 1603 109 71 set
377 1603 155 71 facere
485 1603 78 71 &
516 1603 109 71 non
578 1603 186 71 faceret,
718 1603 171 71 inuidus
842 1603 155 71 esset,
951 1603 78 71 &
982 1603 109 71 non
1028 1603 109 71 summe

320 1666 155 62 bonus.
428 1666 93 62 Et
474 1666 108 62 hoc
551 1666 93 62 ex
598 1666 155 62 simili
706 1666 186 62 astruere
845 1666 201 62 conantur:
1000 1666 108 62 ait
1046 1666 93 62 enim

314 1712 235 74 Augustinus
499 1712 101 74 in
550 1712 151 74 libro
650 1712 219 74 lxexxiij.
819 1712 185 74 Quaest.
953 1712 135 74 Deus
1037 1712 135 74 quem
