1236 2033
276 90 126 90 aut
348 90 269 90 Sabellianis
563 90 161 90 venia
671 90 161 90 danda
778 90 251 90 videbitur,
976 90 126 90 qui
1029 90 108 90 Tri-

272 158 192 66 nitatem
411 158 122 66 non
481 158 122 66 τpα
550 158 157 66 ἐνυτο
655 158 139 66 σατα
742 158 139 66 esse
829 158 192 66 volunt,
969 158 122 66 sed
1021 158 122 66 τpeis

271 211 198 70 δυνάμες
415 211 198 70 eiusdem
559 211 126 70 rei
630 211 90 70 &
648 211 216 70 essentiae.

394 366 516 61 DISTINCTIO.
772 366 206 61 IIII

268 423 141 84 De
338 423 329 84 Personarum
597 423 306 84 diuinarum
808 423 329 84 distinctione

331 495 296 59 dicturus,
559 495 182 59 quae
673 495 137 59 ex
742 495 182 59 modo
833 495 296 59 emanationis

324 553 213 66 maxime
473 553 319 66 explicatur,
728 553 213 66 primum
877 553 128 66 ab
941 553 149 66 ea,
1005 553 128 66 quae

340 598 128 67 est
413 598 146 67 Flij
504 598 110 67 ex
559 598 183 67 Patre,
688 598 220 67 orditur,
852 598 128 67 vbi
926 598 146 67 tres
999 598 128 67 istas

333 658 302 85 quaestiones
574 658 181 85 varie
695 658 201 85 vexat.
835 658 121 85 i.
896 658 181 85 vtrum
1016 658 161 85 Deus

323 716 186 64 Deum
439 716 302 64 genuerit.
671 716 139 64 2.
741 716 162 64 vel
833 716 232 64 potius
973 716 162 64 vtrum

323 773 168 68 Pater
435 773 205 68 diuinam
584 773 261 68 essentiam,
789 773 112 68 2.
845 773 131 68 vel
920 773 205 68 denique
1050 773 75 68 v-

318 828 148 74 trum
410 828 166 74 Pater
520 828 203 74 Filium.
668 828 184 74 Prima,
797 828 148 74 hac)
889 828 277 74 Distinctio¬

316 896 134 83 ne:
392 896 286 83 posteriores
621 896 172 83 duae,
736 896 229 83 sequenti
889 896 229 83 traduntur.

550 953 261 79 CAP.
681 953 130 79 I.

298 1013 142 80 HEIC
387 1013 178 80 oritur
512 1013 214 80 quaestio
672 1013 160 80 satis
779 1013 267 80 necessaria.
975 1013 160 80 Constat

352 1072 174 82 ABenim,
479 1072 79 82 &
511 1072 317 82 irrefragabiliter
780 1072 143 82 verum
875 1072 127 82 est,
955 1072 127 82 quod
1034 1072 127 82 Deus

406 1123 157 60 Pater
510 1123 174 60 genuit
632 1123 192 60 Filium.
771 1123 139 60 Ideo
858 1123 226 60 quaeritur
1015 1123 122 60 vtrum

274 1171 243 50 concedendum
468 1171 130 50 sit,
549 1171 130 50 quod
630 1171 130 50 Deus
711 1171 162 50 genuit
824 1171 130 50 Deu.
905 1171 97 50 Si
954 1171 130 50 enim
1035 1171 130 50 Deus

277 1221 156 64 genuit
387 1221 140 64 Deum,
480 1221 187 64 videtur,
620 1221 125 64 quod
698 1221 109 64 aut
761 1221 94 64 se
808 1221 140 64 Deum,
901 1221 109 64 aut
963 1221 140 64 alium
1041 1221 94 64 Deum

275 1272 202 61 genuerit.
430 1272 93 61 Si
476 1272 124 61 vero
554 1272 140 61 alium
647 1272 124 61 Deum
724 1272 155 61 genuit
833 1272 93 61 no
879 1272 109 61 est
941 1272 155 61 tantum
1034 1272 93 61 unus

276 1313 146 73 Deus.
373 1313 97 73 Si
422 1313 146 73 autem
519 1313 178 73 seipsum
648 1313 113 73 Deu
713 1313 162 73 genuit
826 1313 211 73 aliquares
988 1313 178 73 seipsam

274 1367 191 61 genuit.
412 1367 104 61 Ad
464 1367 139 61 quod
551 1367 277 61 respondentes
776 1367 208 61 dicimus,
932 1367 139 61 sane
1019 1367 87 61 &
1036 1367 87 61 sa-

277 1405 188 64 tholice
414 1405 188 64 concedi
551 1405 137 64 quod
636 1405 137 64 vnus
722 1405 137 64 vnum
808 1405 188 64 genuit,
945 1405 137 64 quod
1030 1405 137 64 Deus

272 1462 105 61 De
325 1462 193 61 ugenuit
465 1462 140 61 quia
553 1462 140 61 Deus
640 1462 158 61 Pater
746 1462 123 61 Deu
816 1462 175 61 Filium
938 1462 193 61 genuit.
1061 1462 70 61 In

267 1511 180 65 sambolo
398 1511 164 65 quoque
512 1511 197 65 scriptum
660 1511 131 65 est.
742 1511 131 65 Lume
824 1511 98 65 de
873 1511 180 65 lumine,
1004 1511 131 65 Deum
1069 1511 66 65 ve

274 1558 117 57 rum
341 1558 101 57 de
392 1558 117 57 Deo
459 1558 151 57 vero.
559 1558 134 57 Quod
643 1558 134 57 vero
727 1558 201 57 additur,
878 1558 134 57 ergo
962 1558 168 57 genuit
1063 1558 67 57 se

273 1605 164 67 Deum,
382 1605 128 67 vel
455 1605 164 67 alium
564 1605 164 67 Deum:
674 1605 200 67 neutrum
819 1605 273 67 concedendum
1020 1605 109 67 esse

265 1665 196 58 dicimus.
411 1665 130 58 Quod
493 1665 147 58 alium
591 1665 130 58 Deum
672 1665 114 58 non
738 1665 179 58 genuit,
868 1665 228 58 manifestum
1031 1665 98 58 est:

268 1714 150 65 quia
362 1714 150 65 vnus
455 1714 187 65 tantum
586 1714 150 65 Deus
680 1714 150 65 est.
773 1714 150 65 Quod
867 1714 168 65 autem
961 1714 168 65 seipsum
