1240 2056
53 133 181 72 Caussas
184 133 131 72 enim
266 133 230 72 uoluntatis
446 133 115 72 Dei
512 133 148 72 scire
611 133 213 72 quaerunt,
775 133 115 72 cum
824 133 82 72 vo-

52 204 165 47 luntas
167 204 115 47 Dei
233 204 181 47 omnium,
364 204 132 47 quae
447 204 148 47 sunt,
546 204 132 47 ipsa
628 204 115 47 sit
694 204 181 47 caussa.
809 204 99 47 Haec

49 237 243 65 Augustini
236 237 187 65 oratio
367 237 94 65 &
405 237 168 65 plana
517 237 94 65 &
554 237 243 65 persoicua
742 237 150 65 est,
816 237 94 65 pro

54 284 130 73 qua
129 284 93 73 &
166 284 223 73 barbare,
333 284 93 73 &
370 284 204 73 obscure
519 284 260 73 substituit
723 284 167 73 iste,
816 284 93 73 pro

52 339 248 53 praetoria
242 339 190 53 nempe,
376 339 95 53 &
414 339 267 53 Magistrali
623 339 248 53 potestate
795 339 114 53 sua,

51 386 150 65 haec,
152 386 200 65 Caussas,
302 386 84 65 &
335 386 217 65 voluntate
502 386 117 65 Dei
569 386 150 65 scire
669 386 217 65 quaerunt,
820 386 100 65 quod

62 433 176 62 volutas
190 433 112 62 Dei
254 433 176 62 omnium,
383 433 128 62 quae
463 433 144 62 sunt,
559 433 128 62 ipsa
639 433 112 62 sit
704 433 176 62 caussa.
816 433 96 62 Quid

60 484 238 61 ineptius:
243 484 220 61 quaerunt
408 484 147 61 quod
500 484 238 61 voluntas,
683 484 128 61 &c.
756 484 147 61 Ergo
829 484 92 61 aut

56 527 193 67 sublata
196 527 140 67 illa
283 527 123 67 non
353 527 228 67 oportuit,
528 527 123 67 aut
598 527 140 67 haec
686 527 175 67 melius
791 527 123 67 inter

61 589 107 52 se
115 589 197 52 connexa
258 589 89 52 &
294 589 268 52 cohaerentia
508 589 143 52 esse
598 589 250 52 debuerunt.
777 589 125 52 Post-

59 639 107 57 ea
113 639 124 57 hic
184 639 142 57 idem
272 639 178 57 mutat,
397 639 195 57 Voluit,
539 639 107 57 in
592 639 160 57 vult,
699 639 160 57 eadem
788 639 124 57 fide,

60 683 128 72 qua
133 683 239 72 superiora
298 683 202 72 corrupit.

220 774 244 65 AD
342 774 325 65 CAP.
505 774 122 65 V

92 874 100 50 I
132 874 200 50 Caussa
272 874 140 50 est
352 874 220 50 omnium.
512 874 180 50 Foede
632 874 260 50 laceratus
812 874 100 50 hoc

63 916 142 73 loco
152 916 266 73 Augustinus,
364 916 106 73 vt
417 916 106 73 ex
470 916 195 73 nostris
612 916 106 73 in
665 916 124 73 hoc
736 916 159 73 caput
824 916 89 73 no-

62 974 121 66 tis
131 974 87 66 &
166 974 208 66 scholiis
304 974 208 66 apparebit.

104 1009 198 60 Primum
243 1009 159 60 enim
342 1009 218 60 nusquam
501 1009 139 60 hic
580 1009 159 60 bona
679 1009 159 60 fide
758 1009 159 60 refert

64 1057 144 74 ipsa
154 1057 234 74 Augustini
334 1057 180 74 verba.
460 1057 180 74 Deinde
586 1057 234 74 coniuncta
748 1057 162 74 disium-

66 1106 128 75 git,
146 1106 80 75 &
178 1106 224 75 discerpit,
354 1106 160 75 veluti
466 1106 144 75 Verba
561 1106 144 75 haec,
657 1106 160 75 Itaque
769 1106 112 75 non
817 1106 96 75 nisi

67 1165 131 59 Dei
142 1165 243 59 voluntas,
329 1165 131 59 &c.
404 1165 300 59 connectuntur
648 1165 150 59 apud
723 1165 187 59 Augusti-

65 1205 125 62 num
137 1205 125 62 cum
208 1205 125 62 hac
279 1205 232 62 sententia
458 1205 179 62 caussa
583 1205 143 62 est,
672 1205 125 62 &c,
743 1205 89 62 &
779 1205 143 62 sunt
851 1205 71 62 ex

68 1251 185 69 capite
197 1251 203 69 quarto,
345 1251 92 69 a
381 1251 129 69 quo
455 1251 166 69 tamen
566 1251 129 69 per
640 1251 166 69 istum
732 1251 185 69 auellun-

88 1303 139 59 ur.
168 1303 258 59 Praeterea
366 1303 219 59 quaedam
525 1303 258 59 detrahit,
724 1303 99 59 &
744 1303 179 59 immutat

66 1351 180 68 magno
186 1351 200 68 sensus
325 1351 200 68 ipsius
465 1351 219 68 autoris
625 1351 299 68 detrimento.
844 1351 80 68 Ac

76 1392 183 78 primum
204 1392 128 78 hoc
277 1392 146 78 loco
368 1392 219 78 expugit,
533 1392 293 78 Corporalium,
771 1392 91 78 &
789 1392 128 78 post-

80 1451 96 57 ea
128 1451 239 57 visibiliter
319 1451 80 57 &
351 1451 271 57 sensibiliter,
574 1451 96 57 ne
621 1451 143 57 fraus
717 1451 111 57 sua
765 1451 143 57 percipe

68 1490 167 63 retur
180 1490 112 63 ac
236 1490 279 63 sentiretur.
459 1490 223 63 Disputat
626 1490 149 63 enim
701 1490 223 63 Augustinus

72 1545 115 69 de
129 1545 154 69 motu
225 1545 250 69 corporum,
418 1545 173 69 cuius
533 1545 211 69 caussam
686 1545 192 69 primam
802 1545 115 69 sta-

77 1584 148 75 tuit
170 1584 148 75 esse
263 1584 148 75 Deum
355 1584 185 75 ipsum,
485 1584 185 75 contra
615 1584 297 75 Philosophos.
837 1584 93 75 Sic

78 1631 143 63 enim
168 1631 161 63 ille,
275 1631 125 63 Sed
346 1631 268 63 quemadmodum
561 1631 197 63 corpora
704 1631 233 63 crassiora
865 1631 54 63 &

83 1684 215 65 inferiora
249 1684 116 65 per
315 1684 232 65 subtiliora
497 1684 83 65 &
530 1684 232 65 potentiora
712 1684 149 65 quoda
795 1684 132 65 ordine

86 1738 190 73 regutur:
228 1738 111 73 ita
292 1738 142 73 omnia
387 1738 174 73 corpora
513 1738 111 73 per
576 1738 111 73 Sp.
640 1738 158 73 vitae,
750 1738 79 73 &
782 1738 111 73 Sp.
829 1738 111 73 vitae
