1244 2072
352 118 119 74 De
412 118 258 74 voluntate
610 118 159 74 enim
709 118 139 74 Dei
788 118 317 74 disputaturum
1026 118 139 74 istum

307 180 233 64 oportuit
481 180 116 64 ab
539 180 175 64 horum
656 180 310 64 vocabulorum,
908 180 233 64 Voluntas
1063 180 97 64 De,

303 233 89 58 &
339 233 286 58 distinctione
571 233 89 58 &
607 233 286 58 explicatione
839 233 196 58 ordiri,
981 233 125 58 non
1035 233 125 58 athe-

297 283 156 56 sium
394 283 273 56 sanctione.
608 283 156 56 Ergo
705 283 175 56 caput
822 283 195 56 sextum
958 283 175 56 huius
1056 283 97 56 Di-

303 325 270 63 stinctionis
519 325 180 63 debuit
645 325 144 63 esse
735 325 180 63 ordine
860 325 180 63 primu,
986 325 108 63 vt
1022 325 126 63 omnis

304 374 250 70 ambiguitas
500 374 196 70 futurae
643 374 285 70 tractationis
857 374 232 70 tolleretur.

346 429 228 58 Secundum
517 429 190 58 vitium
650 429 152 58 est,
745 429 152 58 quod
841 429 209 58 quinque
993 429 152 58 illa
1069 429 76 58 ro

298 467 195 69 luntatis
444 467 147 69 signi
542 467 244 69 significata
738 467 195 69 diuulsit
884 467 81 69 a
917 467 147 69 sese,
1014 467 130 69 quae
1080 467 81 69 co-

299 523 145 63 dem
382 523 207 63 capite
527 523 186 63 simul
651 523 227 63 proponi
816 523 207 63 primum
940 523 227 63 oportuit,

304 568 173 64 deinde
425 568 224 64 distincte
580 568 138 64 tradi-

360 623 223 47 Tertium,
528 623 149 47 quod
621 623 205 47 quinque
770 623 149 47 illa
863 623 279 47 significata
1068 623 93 47 Po-

304 668 220 53 luntatis
469 668 165 53 signi
579 668 165 53 (quam
689 668 257 53 appellant)
890 668 238 53 nequaquam
1055 668 110 53 sin-

301 716 202 64 gulatim
447 716 183 64 probat
576 716 128 64 vel
649 716 110 64 ex
704 716 128 64 Dei
778 716 183 64 verbo,
906 716 128 64 vel
980 716 110 64 ex
1016 716 147 64 Patri-

306 762 135 69 bus
383 762 271 69 Lombardus:
596 762 116 69 in
654 762 193 69 primis
789 762 174 69 autem
905 762 116 69 id
944 762 213 69 probandum

302 813 166 62 erat,
412 813 148 62 quod
505 813 240 62 Consilium
689 813 129 62 Dei
763 813 166 62 aliud
874 813 92 62 &
911 813 222 62 diuersum
1059 813 92 62 fa-

300 861 119 60 cit
368 861 102 60 ab
419 861 187 60 eiusdem
556 861 290 60 Praeceptione.
794 861 170 60 Itaque
913 861 170 60 istius
1016 861 136 60 disci-

300 908 174 62 pulus
416 908 232 62 primaris
590 908 193 62 Thomas
725 908 213 62 Aquinas
879 908 116 62 in
937 908 174 62 prima
1034 908 116 62 par-

311 963 94 52 te
358 963 172 52 Quaest.
484 963 110 52 I9.
546 963 157 52 Artic.
656 963 110 52 I2.
718 963 172 52 aestuat
844 963 94 52 in
891 963 110 52 hac
953 963 172 52 quinque
1063 963 78 52 si-

295 1007 301 57 gnificatorum
540 1007 245 57 diuisione
728 1007 301 57 confirmanda.
973 1007 151 57 Isti
1048 1007 94 57 for

305 1059 162 49 tasse
413 1059 144 49 suae
503 1059 162 49 huius
610 1059 251 49 sententiae
808 1059 269 49 fundamentum
1005 1059 144 49 sumunt

307 1105 109 55 ex
361 1105 127 55 his
434 1105 236 55 Hieronvmi
615 1105 181 55 verbis
742 1105 109 55 de
796 1105 272 55 Virginitate
996 1105 145 55 serua-

308 1153 111 63 da
364 1153 111 63 ad
420 1153 296 63 Demetriadem,
660 1153 130 63 aut
735 1153 167 63 aliis
846 1153 185 63 Patrum
957 1153 185 63 scriptis

303 1194 213 69 similibus,
470 1194 91 69 Si
515 1194 121 69 vis,
591 1194 152 69 inquit
698 1194 197 69 Christus,
849 1194 197 69 perfectus
1001 1194 121 69 esse
1062 1194 76 69 no-

302 1253 145 59 cogo,
398 1253 113 59 non
463 1253 177 59 impero:
592 1253 113 59 sed
656 1253 177 59 propono
785 1253 177 59 palmam,
914 1253 177 59 ostendo
1026 1253 113 59 prae-

304 1308 122 50 mia:
380 1308 122 50 tuum
456 1308 106 50 est
517 1308 182 50 eligere,
653 1308 91 50 si
699 1308 182 50 volueris
836 1308 91 50 in
882 1308 137 50 agone
973 1308 76 50 &
988 1308 152 50 certami-

299 1347 98 59 ne
348 1347 212 59 coronari:
511 1347 147 59 quasi
609 1347 131 59 vero
690 1347 114 59 non
756 1347 163 59 iubeat
870 1347 82 59 &
903 1347 180 59 diserte
1017 1347 114 59 prae-

302 1393 187 56 cipiat
433 1393 224 56 Dominus,
601 1393 149 56 quod
695 1393 243 56 Consilium
881 1393 149 56 isti
975 1393 206 56 vocant,

305 1448 114 56 vt
362 1448 114 56 ad
419 1448 190 56 palmam
552 1448 190 56 illam,
685 1448 95 56 &
723 1448 209 56 brauium
874 1448 209 56 singuli
1007 1448 133 56 Chri-

297 1491 183 53 stiani
425 1491 293 53 perueniamus.
663 1491 110 53 I.
718 1491 220 53 Corinth.
883 1491 110 53 9.
938 1491 183 53 Vers4.
1048 1491 92 53 Est

295 1536 188 55 itaque
427 1536 282 55 praeceptio,
652 1536 150 55 quod
746 1536 150 55 isti
840 1536 169 55 tamen
934 1536 207 55 Consilium

304 1585 171 57 nudum
418 1585 209 57 vocant.
570 1585 133 57 Sed
646 1585 95 57 &
684 1585 266 57 refutantur
894 1585 114 57 ex
951 1585 190 57 Epist.
1065 1585 76 57 ad

301 1635 143 55 Hebr.
396 1635 127 55 cap.
476 1635 95 55 6.
523 1635 143 55 Vers.
618 1635 111 55 17.
682 1635 111 55 vbi
745 1635 111 55 Gu
809 1635 143 55 Ood,
904 1635 95 55 id
952 1635 127 55 est,
1015 1635 127 55 Consi-

300 1673 141 64 lium
388 1673 123 64 Dei
459 1673 194 64 vocatur
600 1673 141 64 ipsa
688 1673 229 64 promissio
863 1673 158 64 vitae
951 1673 194 64 aeternae,

299 1738 118 68 ad
358 1738 157 68 quam
457 1738 138 68 nos
535 1738 157 68 Deus
634 1738 275 68 contendere
831 1738 157 68 iubet.
