1169 2052
317 88 150 83 Dei,
411 88 94 83 &
430 88 243 83 voluntatem:

377 145 158 72 Alter
483 145 158 72 huius
588 145 298 72 Distinctionis
833 145 210 72 Lombardi
974 145 105 72 erto

326 203 104 66 est
385 203 119 66 cap.
460 203 89 66 2.
504 203 104 66 vbi
563 203 104 66 has
623 203 178 66 phrases,
756 203 119 66 Deus
830 203 104 66 est
889 203 163 66 sciens,
993 203 89 66 Dras

320 249 102 67 est
379 249 145 67 volens
480 249 116 67 Deus
553 249 131 67 scit,
641 249 116 67 Deus
713 249 131 67 vult,
801 249 102 67 sic
844 249 233 67 interpretitur,

328 290 136 77 quasi
418 290 121 77 Deus
494 290 121 77 esse
569 290 241 77 praedicetur,
765 290 75 77 &
795 290 166 77 sciens:
915 290 121 77 Deus
976 290 90 77 esse

327 345 227 66 praedicetur,
511 345 71 66 &
539 345 142 66 velle:
639 345 113 66 Deus
710 345 113 66 scit
780 345 142 66 omnia,
880 345 85 66 id
922 345 113 66 est,
979 345 85 66 uii-

319 389 95 73 ste
374 389 109 73 cap.
442 389 95 73 Io.
496 389 109 73 Deus
564 389 109 73 est,
632 389 123 73 cuius
714 389 177 73 scientiae
850 389 218 73 subijciuntus
1014 389 54 73 o-

312 440 163 59 mnia.
420 440 290 59 Paralogismum
656 440 145 59 enim
746 440 253 59 manifestum
927 440 145 59 conti-

321 483 104 63 net
380 483 119 63 haec
455 483 222 63 explicatio,
632 483 104 63 qui
692 483 193 63 vocaturia
840 483 237 63 coniunctiont
1018 483 59 63 ad

317 539 255 57 disiunctionem,
530 539 114 57 siue
601 539 71 57 a
629 539 99 57 non
686 539 199 57 distributo
842 539 85 57 ad
870 539 199 57 distributum,

317 587 90 65 vt
362 587 165 65 vocant,
482 587 150 65 qualis
587 587 135 65 haec,
677 587 180 65 Socrates
811 587 105 65 est
871 587 180 65 mortuus.
991 587 75 65 Er-

309 633 102 65 go
360 633 205 65 Socrates
514 633 137 65 est,
599 633 85 65 &
633 633 205 65 mortuus.
787 633 154 65 Neque
889 633 137 65 enim
958 633 102 65 dubi

317 680 119 65 tari
392 680 164 65 potest,
511 680 119 65 quin
585 680 89 65 in
630 680 134 65 hisce
719 680 238 65 locutionibus
898 680 164 65 signific-

320 731 96 67 tio
375 731 137 67 verbi,
471 731 110 67 Est,
540 731 137 67 relata
636 731 110 67 sit,
705 731 69 67 &
732 731 179 67 seruilis,
870 731 82 67 vt
911 731 137 67 aiunt.
993 731 69 67 nod

319 777 154 53 autem
422 777 223 53 absolute,
593 777 86 53 &
627 777 120 53 per
696 777 103 53 se
730 777 257 53 consideranda.

368 827 160 65 Tertius
485 827 131 65 error
572 827 117 65 est,
645 827 117 65 cap.
718 827 87 65 y.
762 827 102 65 vbi
820 827 262 65 Praeceptionem,
1024 827 44 65 o

321 876 268 57 Probibitionem
542 876 126 57 vult
621 876 126 57 esse
700 876 126 57 duas
779 876 95 57 in
826 876 110 57 Deo
874 876 189 57 voluntates

316 922 158 64 Signi.
427 922 110 64 Imo
490 922 142 64 vnica
584 922 126 64 est,
663 922 126 64 quae
742 922 189 64 diuersis
884 922 173 64 loquedi
994 922 79 64 mo-

314 969 126 60 dis
386 969 216 60 duntaxat
548 969 270 60 explicatur.
763 969 126 60 Nam
835 969 108 60 ne
889 969 108 60 in
925 969 144 60 homine

313 1015 177 66 quidem,
442 1015 113 66 aut
506 1015 177 66 legibus
635 1015 209 66 politicis
796 1015 225 66 praeceptio
956 1015 113 66 vnius

314 1064 126 67 rei,
393 1064 79 67 &
425 1064 221 67 prohibitio
599 1064 206 67 contraria
757 1064 126 67 sunt
836 1064 111 67 duo
883 1064 190 67 praecepta,

316 1116 115 56 vel
381 1116 131 56 duae
463 1116 230 56 sanctiones
644 1116 115 56 vel
709 1116 246 56 voluntates:
906 1116 115 56 sed
955 1116 115 56 vnica

318 1159 216 63 duntaxat.
485 1159 116 63 Sed
551 1159 116 63 dum
617 1159 133 63 quid
701 1159 116 63 sub
767 1159 150 63 forma
850 1159 216 63 praeceptio-

319 1208 112 67 nis
383 1208 193 67 iubetur,
528 1208 129 67 tunc
608 1208 177 67 directe
737 1208 80 67 &
769 1208 145 67 plane
865 1208 112 67 res
929 1208 129 67 ipsa
994 1208 80 67 ex-

320 1251 209 72 ponitur:
476 1251 122 72 dum
546 1251 122 72 sub
616 1251 157 72 forma
720 1251 296 72 prohibitionis
964 1251 139 72 idem

326 1301 277 62 nterdicitur,
551 1301 190 62 hominum
689 1301 173 62 natura
810 1301 104 62 ad
862 1301 173 62 vitium
966 1301 104 62 pro-

321 1351 179 49 pensior
451 1351 179 49 arctius
581 1351 293 49 constringitur.
826 1351 212 49 Praeelare
972 1351 98 49 enim

312 1393 246 59 Hicronumus
506 1393 105 59 ad
558 1393 246 59 Letantiam,
752 1393 176 59 Vtenim
857 1393 211 59 malaprali-

320 1435 149 79 bentur,
429 1435 95 79 ita
483 1435 230 79 praecipiuntur
673 1435 108 79 bona
741 1435 95 79 ibi
795 1435 122 79 otium
876 1435 176 79 operatur,
998 1435 68 79 bic

313 1484 182 69 studium.
449 1484 106 69 Ibi
510 1484 197 69 coercetur
661 1484 167 69 animus,
782 1484 106 69 hic
843 1484 212 69 incitatus.
994 1484 76 69 Hic

325 1536 182 55 fecisse,
462 1536 137 55 illic
553 1536 106 55 non
613 1536 167 55 fecisse
735 1536 213 55 culpabile.
902 1536 122 55 Vnde
963 1536 106 55 Occin

327 1585 151 70 Quaest.
437 1585 83 70 s.
479 1585 83 70 in
520 1585 124 70 Dist.
602 1585 96 70 48.
657 1585 124 70 huius
740 1585 138 70 libri,
836 1585 110 70 ait,
905 1585 96 70 has
946 1585 124 70 Distin-

315 1637 183 58 ctiones
449 1637 233 58 voluntatis
632 1637 117 58 Dei
699 1637 133 58 esse
782 1637 283 58 distinctionem
999 1637 83 58 no-

313 1668 169 75 minum
426 1668 94 75 &
464 1668 263 75 dictionum,
670 1668 132 75 non
746 1668 169 75 autem
858 1668 169 75 rerum
952 1668 132 75 intes
