1232 2068
314 113 179 75 Domini
440 113 161 75 verba
547 113 287 75 superioribus
780 113 125 75 non
834 113 215 75 repugnant.

553 179 267 103 CAP.
686 179 167 103 III

395 268 210 85 Quomodo
548 268 324 85 intelligendum
815 268 134 85 sit
891 268 191 85 illud,
1006 268 95 85 Qui

501 326 155 57 vult
598 326 175 57 omnes
714 326 214 57 homines
850 326 117 57 sal-

618 372 120 68 uos
669 372 138 68 fieri-

360 440 162 87 NVNC
461 440 202 87 videre
603 440 223 87 restat,
765 440 223 87 quomodo
926 440 182 87 etiam
1028 440 121 87 pra-

326 501 141 61 missa
420 501 141 61 verba
514 501 188 61 Apostoli
655 501 219 61 praedictis
827 501 109 61 non
889 501 266 61 contradicant,
1092 501 63 61 qu

321 556 98 56 de
370 556 114 56 Deo
435 556 180 56 loquens
565 556 131 56 ait:
647 556 131 56 Qult
729 556 147 56 omnes
827 556 180 56 homines
957 556 163 56 salues
1055 556 98 56 fie-

327 604 109 56 i.
381 604 181 56 Quorum
508 604 236 56 occasione
690 604 218 56 verborum
853 604 163 56 multi
962 604 91 56 a
980 604 181 56 venitate

320 654 267 47 deuiauerunt,
537 654 200 47 dicentes
688 654 134 47 Deum
771 654 150 47 multa
871 654 150 47 velle
971 654 150 47 fieri
1055 654 100 47 quae

317 699 109 58 non
380 699 155 58 fiunt.
488 699 109 58 Sed
551 699 109 58 non
613 699 109 58 est
675 699 264 58 intelligendum
893 699 93 58 ea
939 699 171 58 ratione
1048 699 109 58 illud

323 744 129 64 esse
403 744 177 64 dictum,
532 744 145 64 quasi
628 744 129 64 Deus
709 744 145 64 velit
805 744 177 64 aliquos
934 744 177 64 saluari
1063 744 80 64 &
1079 744 80 64 non

321 803 231 59 saluentur.
503 803 132 59 Quis
586 803 132 59 enim
668 803 116 59 tam
734 803 149 59 impie
833 803 215 59 desipiat,
998 803 99 59 vt
1031 803 116 59 dicat

314 840 139 60 Deum
400 840 156 60 malas
504 840 191 60 hominum
643 840 260 60 voluntates,
851 840 139 60 quas
937 840 225 60 voluerit,
1093 840 52 60 &

319 898 159 54 quando
431 898 207 54 voluerit,
590 898 80 54 &
622 898 112 54 vbi
686 898 207 54 voluerit,
845 898 96 54 in
893 898 143 54 bonum
989 898 112 54 non
1036 898 112 54 posse

312 943 267 59 conuertere:
526 943 124 59 Non
597 943 124 59 est
668 943 178 59 vtique
792 943 160 59 verum
899 943 142 59 quod
988 943 107 59 in
1024 943 124 59 Psal-

312 983 187 72 dicitur,
452 983 218 72 quaecunque
624 983 156 72 voluit
733 983 156 72 fecit,
841 983 93 72 si
888 983 156 72 aliqua
997 983 156 72 voluit
1090 983 47 72 &

315 1042 103 48 non
374 1042 147 48 fecit:
477 1042 88 48 &,
522 1042 118 48 quod
595 1042 103 48 est
654 1042 206 48 indignius,
817 1042 118 48 ideo
890 1042 88 48 no
935 1042 147 48 fecit,
1023 1042 118 48 quonea

308 1085 99 68 ne
357 1085 165 68 fieret
472 1085 132 68 quod
555 1085 181 68 volebat
687 1085 247 68 omnipotens,
885 1085 198 68 voluntas
1017 1085 115 68 homi-

305 1133 116 52 nis
372 1133 232 52 impediuit.
554 1133 133 52 Ideo
637 1133 116 52 que
703 1133 116 52 cum
769 1133 199 52 audimus,
919 1133 83 52 &
952 1133 99 52 in
985 1133 149 52 Sacrtum

314 1186 169 61 literis
437 1186 184 61 legimus,
575 1186 123 61 quod
652 1186 138 61 velit
744 1186 138 61 omnes
836 1186 169 61 homines
959 1186 154 61 saluos
1051 1186 77 61 fa-

311 1225 110 72 ri,
374 1225 172 72 quanuis
499 1225 156 72 certum
609 1225 110 72 sit
671 1225 141 72 nobis
765 1225 110 72 non
828 1225 141 72 omnes
922 1225 172 72 homines
1031 1225 94 72 sal-

309 1283 115 65 uos
374 1283 165 65 fieri:
490 1283 115 65 non
556 1283 148 65 tamen
655 1283 132 65 ideo
737 1283 181 65 debemus
853 1283 280 65 omnipotentissmo

312 1326 109 67 Dei
375 1326 203 67 voluntati
531 1326 172 67 aliquid
656 1326 203 67 derogare,
812 1326 109 67 sed
875 1326 109 67 ita
922 1326 203 67 intelligere

308 1379 128 66 quod
388 1379 193 66 scriptum
533 1379 128 66 est,
613 1379 128 66 Vult
693 1379 145 66 omnes
790 1379 177 66 homines
918 1379 161 66 saluos
1015 1379 112 66 hert,

299 1427 186 49 tanquam
434 1427 236 49 diceretur,
620 1427 169 49 nullum
738 1427 186 49 hominem
873 1427 152 49 fieri
957 1427 169 49 salussp,

303 1478 126 54 nisi
382 1478 126 54 quem
461 1478 158 54 saluum
571 1478 142 54 fieri
666 1478 126 54 ipse
745 1478 205 54 voluerit:
902 1478 110 54 non
965 1478 126 54 quod
1028 1478 95 54 nul-

295 1514 108 59 lus
356 1514 108 59 sit
418 1514 170 59 hominum
542 1514 124 59 nisi
619 1514 124 59 quem
697 1514 155 59 saluum
805 1514 124 59 Peri
882 1514 155 59 velit,
991 1514 108 59 sed
1037 1514 93 59 quod

300 1580 150 44 nullus
405 1580 120 44 fiat
480 1580 150 44 saluus
584 1580 120 44 nisi
659 1580 120 44 quem
734 1580 135 44 velit
824 1580 180 44 saluari:
958 1580 75 44 &
988 1580 120 44 ideo
1048 1580 75 44 ro-

309 1616 141 67 randus
408 1616 113 67 est,
478 1616 85 67 vt
520 1616 141 67 velit:
619 1616 113 67 quod
690 1616 155 67 necesse
803 1616 99 67 est
859 1616 141 67 fieri,
958 1616 85 67 si
986 1616 141 67 voluent.

302 1661 116 73 Non
369 1661 116 73 est
435 1661 133 73 enim
518 1661 216 73 credendus
684 1661 233 73 omnipotens
867 1661 183 73 aliquid
983 1661 150 73 voluis-

297 1706 91 79 se
342 1706 137 79 fieri
433 1706 121 79 quod
509 1706 152 79 factum
615 1706 106 79 non
676 1706 121 79 sit.
752 1706 106 79 Sic
813 1706 137 79 etiam
904 1706 76 79 v
919 1706 212 79 intelligitur
