1240 2052
60 126 190 77 illud.:
198 126 224 77 Illuminat
370 126 155 77 omnem
474 126 190 77 hominem
612 126 224 77 venientem
784 126 103 77 in
819 126 103 77 hunc

64 189 189 71 mundum:
201 189 120 71 non
270 189 137 71 quia
355 189 171 71 nullus
475 189 189 71 hominum
612 189 120 71 est
681 189 120 71 qui
750 189 120 71 non
801 189 120 71 illu-

60 256 187 44 minetur,
201 256 109 44 sed
263 256 125 44 quia
341 256 125 44 nisi
419 256 94 44 ab
466 256 125 44 ipso
544 256 156 44 nullus
654 256 250 44 illuminatur.
841 256 78 44 Po-

67 303 132 56 test
150 303 83 56 &
183 303 132 56 alio
266 303 132 56 modo
348 303 149 56 illud
447 303 231 56 intelligi,
629 303 116 56 dum
695 303 149 56 tamen
777 303 149 56 credere

67 345 112 52 non
131 345 176 52 cogamur
259 345 256 52 omnipotentem
467 345 176 52 aliquid
595 345 144 52 fieri
691 345 208 52 voluisse,
835 345 80 52 fa-

64 390 178 57 ctumque
193 390 113 57 non
258 390 146 57 esse:
355 390 113 57 qui
420 390 129 57 sine
501 390 146 57 ullis
598 390 291 57 ambiguitatibus
824 390 97 57 siue

69 440 94 58 in
116 440 125 58 calo
195 440 78 58 &
226 440 94 58 in
273 440 157 58 terra,
383 440 141 58 sicut
477 440 172 58 veritas
602 440 172 58 cantat,
728 440 141 58 omnia
806 440 110 58 quae-

69 484 158 62 cunque
180 484 158 62 voluit
291 484 158 62 fecit:
402 484 190 62 profecto
544 484 158 62 facere
655 484 111 62 non
718 484 158 62 voluit
813 484 111 62 quae-

70 543 156 49 cunque
179 543 109 49 non
242 543 156 49 fecit.
351 543 93 49 Ex
397 543 109 49 his
460 543 171 49 aaperte
584 543 218 49 ostenditur
756 543 125 49 quod
834 543 125 49 Deus

68 580 90 73 ea
113 580 210 73 voluntate,
278 580 120 73 quae
353 580 120 73 ipse
428 580 120 73 est,
504 580 105 73 non
564 580 120 73 vult
639 580 165 73 aliquid
759 580 135 73 fieri
834 580 90 73 quod

64 627 109 83 non
127 627 140 83 fiat,
220 627 140 83 neque
313 627 109 83 non
376 627 140 83 fieri
469 627 124 83 quod
531 627 109 83 fiat.

297 712 283 99 CAP.
438 712 212 99 IIII

161 781 174 93 Vtrum
277 781 155 93 mala
373 781 135 93 Dei
451 781 251 93 voluntate
644 781 193 93 fiant,
760 781 77 93 an

354 847 115 55 eo
392 847 192 55 nolente.

115 888 149 74 IDEO
208 888 186 74 QVEcum
338 888 204 74 constet
487 888 167 74 omnia
598 888 149 74 bona
691 888 149 74 quae
765 888 149 74 fiunt,

78 961 110 57 eius
147 961 124 57 fieri
230 961 193 57 voluntate,
382 961 110 57 quae
451 961 83 57 si
492 961 124 57 fieri
575 961 152 57 nollet,
685 961 193 57 nullatenus
823 961 83 57 fie-

67 1009 151 59 rent,
168 1009 151 59 recte
268 1009 167 59 quaeri
385 1009 167 59 solet,
503 1009 151 59 Vtrum
603 1009 84 59 &
636 1009 151 59 malab
737 1009 151 59 omnia
821 1009 100 59 quae

79 1064 149 52 fiunt,
184 1064 90 52 id
228 1064 119 52 est,
303 1064 179 52 peccata,
437 1064 104 52 Dei
497 1064 134 52 fiant
587 1064 209 52 voluntate:
751 1064 90 52 an
781 1064 134 52 nolente

79 1104 91 55 eo
124 1104 151 55 fiant.
230 1104 136 55 Super
320 1104 106 55 hoc
381 1104 166 55 diuersi
502 1104 136 55 varia
592 1104 211 55 sentientes
758 1104 121 55 sibi
818 1104 91 55 con-

68 1144 245 79 tradicere
257 1144 302 79 inueniuntur.
502 1144 151 79 Alij
596 1144 151 79 enim
691 1144 189 79 dicunt
804 1144 113 79 quod

71 1198 129 65 Deus
152 1198 129 65 vult
232 1198 129 65 mala
313 1198 129 65 esse
394 1198 113 65 vel
459 1198 162 65 fieri,
572 1198 113 65 non
636 1198 145 65 tamen
733 1198 129 65 vult
798 1198 113 65 mala.

78 1243 129 61 Alij
159 1243 129 61 vero
239 1243 129 61 quod
320 1243 113 61 nec
384 1243 129 61 vult
465 1243 129 61 mala
546 1243 129 61 esse
627 1243 113 61 nec
691 1243 161 61 fieri.
804 1243 97 61 In
836 1243 81 61 hoc

73 1289 152 66 tamen
174 1289 236 66 conueniunt
359 1289 84 66 &
393 1289 101 66 hi
444 1289 84 66 &
477 1289 152 66 illi,
578 1289 135 66 quod
662 1289 185 66 vtrique
780 1289 135 66 faten-

83 1352 120 53 tur
151 1352 137 53 Deum
237 1352 137 53 mala
323 1352 120 53 non
391 1352 171 53 velle,
512 1352 189 53 vtrique
649 1352 137 53 vero
717 1352 206 53 rationibus

89 1387 89 74 &
125 1387 302 74 autoritatibus
373 1387 249 74 innituntur
569 1387 107 74 ad
622 1387 231 74 muniendam
800 1387 160 74 sitam

64 1440 249 70 assertionem.

366 1511 260 93 LCAP.
511 1511 116 93 V.

131 1601 184 80 Quare
253 1601 205 80 dicunt
396 1601 205 80 quidam
540 1601 164 80 Deum
642 1601 184 80 velle
744 1601 123 80 mala

350 1659 125 74 esse
429 1659 110 74 vel
476 1659 125 74 fieri-

140 1719 120 88 VI
200 1719 161 88 enim
301 1719 201 88 dicunt
441 1719 161 88 Deum
542 1719 161 88 mala
642 1719 181 88 velle
762 1719 161 88 esse
843 1719 80 88 ve
