1290 2040
108 109 162 75 tatem.
221 109 130 75 Item
302 109 97 75 in
351 109 130 75 lib.
432 109 113 75 qui
497 109 178 75 dicitur
626 109 243 75 Enchiridion
820 109 97 75 ad
853 109 97 75 Lau-

106 166 190 66 rentium,
249 166 127 66 cap.
328 166 95 66 9.
376 166 143 66 Satis
471 166 111 66 est
535 166 222 66 Christiano
709 166 143 66 rerum
788 166 175 66 creatarum

112 217 162 62 causam
225 217 226 62 visibilium
403 217 129 62 siue
484 217 243 62 inuisiblium
678 217 113 62 non
743 217 129 62 nisi
807 217 146 62 bonita-

113 267 117 65 tem
180 267 184 65 credere
314 267 234 65 creatoris,
497 267 117 65 qui
564 267 117 65 est
631 267 134 65 Deus
714 267 150 65 verus
814 267 83 65 &
831 267 117 65 unus.

111 315 206 61 nullamque
270 315 127 61 esse
349 315 190 61 naturam,
492 315 127 61 quae
571 315 111 61 non
635 315 111 61 aut
698 315 127 61 ipse
777 315 111 61 sit
841 315 111 61 aut
889 315 63 61 ab

105 375 146 48 ipso:
202 375 162 48 eumque
315 375 130 48 esse
396 375 227 48 Trinitate,
574 375 162 48 Patrem
688 375 211 48 scilicet,
850 375 81 48 &
866 375 81 48 Fi-

106 412 152 76 lium,
207 412 84 76 &
241 412 202 76 Spiritum
393 412 202 76 sanctum.
544 412 135 76 Item
629 412 135 76 Aug,
713 412 101 76 in
764 412 185 76 sermone
882 412 67 76 de

109 464 166 56 Fide,
219 464 222 56 Credimus
386 464 148 56 vnum
478 464 148 56 Deum
570 464 148 56 unam
663 464 148 56 esse
755 464 185 56 diuini
866 464 74 56 no

113 512 153 51 minis
215 512 255 51 Trinitatem.
419 512 136 51 Idem
504 512 102 51 in
554 512 102 51 o.
605 512 136 51 lib.
690 512 102 51 de
741 512 170 51 Trin.)
843 512 102 51 Dici

108 562 131 60 mus
183 562 149 60 Deum
276 562 168 60 solum
389 562 149 60 esse
482 562 168 60 ipsam
594 562 280 60 Trinitatem.
818 562 149 60 Ecce
893 562 56 60 &

114 610 114 54 his
179 610 82 54 &
212 610 147 54 aliis
309 610 196 54 pluribus
456 610 277 54 autoritatibus
685 610 212 54 euidenter
831 610 131 54 osten-

107 667 170 48 ditur,
226 667 204 48 dicendum
380 667 136 48 esse
465 667 85 48 &
499 667 239 48 credendum,
686 667 136 48 quod
772 667 136 48 unus
857 667 136 48 Deus

110 707 111 57 est
173 707 206 57 Trinitas,
332 707 79 57 &
363 707 111 57 vna
427 707 222 57 substantia
601 707 127 57 tres
680 707 206 57 Personae:
838 707 142 57 sicut
918 707 47 57 e

109 763 204 50 conuerso
262 763 220 50 Trinitas,
431 763 187 50 dicitur
567 763 136 50 esse
652 763 136 50 unus
737 763 153 50 Deus,
838 763 85 50 &
855 763 102 50 tres

112 800 191 69 Personae
255 800 191 69 dicuntur
399 800 127 69 esse
478 800 111 69 vna
526 800 207 69 substantia.

321 888 276 84 CAP.
460 888 207 84 IIII

180 946 162 70 Redit
288 946 108 70 ad
342 946 252 70 praemissam
539 946 288 70 quaestionem,
755 946 108 70 sci-

220 1010 169 79 licet
333 1010 112 79 an
389 1010 150 79 Deus
483 1010 169 79 Pater
595 1010 112 79 se
651 1010 169 79 Deum,
745 1010 75 79 an

294 1058 187 78 alium
419 1058 166 78 Deum
502 1058 228 78 genuerit.

158 1128 151 58 NONC
252 1128 113 58 ad
309 1128 264 58 praemissam
516 1128 283 58 quaestionem
723 1128 245 58 reuertamur.

106 1180 123 50 vbi
177 1180 264 50 quaerebatur
388 1180 106 50 an
441 1180 141 50 Deus
529 1180 158 50 Pater
634 1180 211 50 genuerit
793 1180 106 50 se
828 1180 123 50 Deum,

109 1228 113 60 an
166 1228 169 60 alium
279 1228 169 60 Deum.
391 1228 113 60 Ad
448 1228 151 60 quod
542 1228 226 60 dicimus,
711 1228 207 60 neutrum
843 1228 113 60 fore

97 1273 285 63 concedendum.
329 1273 160 63 Dicit
436 1273 160 63 tamen
543 1273 125 63 Aug
614 1273 107 63 in
668 1273 214 63 epistola
828 1273 107 63 ad
864 1273 71 63 Ma

107 1326 165 56 ximum,
222 1326 132 56 quod
305 1326 132 56 Deus
387 1326 149 56 Pater
486 1326 99 56 se
536 1326 182 56 alterum
668 1326 182 56 genuit,
800 1326 116 56 his
849 1326 99 56 ver-

110 1371 123 66 bis,
187 1371 139 66 Pater
279 1371 93 66 vt
326 1371 170 66 haberet
449 1371 154 66 Filium
557 1371 93 66 de
603 1371 170 66 seipso,
727 1371 108 66 non
789 1371 154 66 minuit
881 1371 62 66 se

99 1437 156 50 ipsum,
209 1437 109 50 sed
271 1437 109 50 ita
334 1437 156 50 genuit
443 1437 94 50 de
490 1437 94 50 se
537 1437 172 50 alterum
662 1437 109 50 se,
725 1437 94 50 vt
772 1437 141 50 totus
850 1437 94 50 mane

101 1473 113 55 ret
165 1473 97 55 in
214 1473 113 55 se,
278 1473 81 55 &
311 1473 145 55 esset
407 1473 97 55 in
456 1473 145 55 Filio
553 1473 177 55 tantus,
682 1473 177 55 quantus
811 1473 81 55 &
827 1473 129 55 solus.

100 1521 127 65 Quod
179 1521 111 65 ita
243 1521 206 65 intelligi
401 1521 174 65 potest,
528 1521 95 65 id
576 1521 127 65 est,
655 1521 95 65 de
702 1521 95 65 se
750 1521 174 65 alterum
877 1521 79 65 a
893 1521 63 65 se

95 1571 189 73 genuit:
232 1571 120 73 non
301 1571 171 73 vtique
421 1571 189 73 alterum
558 1571 154 73 Deum,
661 1571 120 73 sed
729 1571 189 73 alteram
849 1571 103 73 Per-

102 1624 158 64 sonam:
213 1624 111 64 vel
276 1624 158 64 genuit
387 1624 95 64 se
435 1624 190 64 alterum,
577 1624 95 64 id
625 1624 127 64 est,
704 1624 158 64 genuit
799 1624 158 64 alterum,

114 1669 111 57 qui
177 1669 111 57 hoc
241 1669 111 57 est
304 1669 126 57 quod
383 1669 126 57 ipse
462 1669 111 57 Nam
525 1669 126 57 etsi
604 1669 142 57 alius
698 1669 111 57 sit
762 1669 142 57 Pater
856 1669 126 57 quam

108 1716 183 78 Filius,
241 1716 116 78 non
308 1716 116 78 est
375 1716 150 78 tamen
474 1716 150 78 aliud
574 1716 133 78 quam
657 1716 183 78 Filius,
791 1716 116 78 sed
841 1716 116 78 unum.
