1234 2034
62 108 297 64 argumentari,
304 108 149 64 quod
397 108 149 64 iste
490 108 186 64 facit,
620 108 130 64 est
694 108 167 64 omnia
787 108 149 64 susque

59 155 186 73 deque
183 155 227 73 habere,
348 155 103 73 &
369 155 268 73 confundere.

215 215 262 86 AD
346 215 306 86 CAP
477 215 175 86 XI

187 288 124 83 Aut
258 288 107 83 in
312 288 195 83 nibilo.
454 288 160 83 Multa
560 288 142 83 sunt
649 288 124 83 hic
702 288 231 83 praetermis-

69 341 126 81 sa:
141 341 144 81 haec
231 341 180 81 autem,
357 341 126 81 Aut
429 341 108 81 in
483 341 180 81 nibilo
609 341 198 81 praeter
735 341 198 81 Augustini

61 395 297 75 conclusionem
303 395 167 75 etiam
414 395 204 75 addita.
563 395 130 75 Sic
637 395 149 75 enim
730 395 93 75 a
767 395 204 75 partium

65 446 311 74 enumeratione
317 446 117 74 de
376 446 214 74 origine
531 446 156 74 Mali
628 446 233 74 disputat
784 446 136 74 Augu-

62 489 202 75 stinus,
208 489 110 75 vt
263 489 183 75 probet
392 489 110 75 ab
447 489 183 75 homine
575 489 165 75 esse.
685 489 128 75 Aut
758 489 147 75 enim
831 489 92 75 est

65 547 107 65 ex
119 547 179 65 nihilo
244 547 161 65 Malum
351 547 125 65 ait
423 547 161 65 ille,
530 547 125 65 aut
601 547 107 65 ex
655 547 197 65 aliquo.
798 547 125 65 Non
852 547 71 65 ex

63 599 209 48 nihilo.
215 599 133 48 Hoc
291 599 228 48 confecit
462 599 95 48 &
500 599 228 48 probauit
670 599 133 48 iam
746 599 114 48 ex
784 599 133 48 Augu-

61 648 158 55 stino
167 648 246 55 Lombardus.
360 648 158 55 Nulla
465 648 141 55 enim
553 648 158 55 esset
659 648 176 55 illius
764 648 158 55 caussa.

68 694 284 63 Quamobrem
287 694 153 63 hoc
374 694 241 63 membrum
549 694 153 63 non
637 694 175 63 erat
724 694 197 63 amplius

56 739 295 72 repetendum.
292 739 118 72 Si
351 739 177 72 autem
469 739 118 72 ex
528 739 157 72 alio
626 739 138 72 est
705 739 197 72 Malum,
823 739 98 72 Aut

62 784 113 72 ex
119 784 131 72 Deo
194 784 150 72 est,
288 784 131 72 aut
363 784 113 72 ex
419 784 188 72 Homine
550 784 169 72 ipso,
663 784 131 72 aut
738 784 113 72 ex
795 784 113 72 eo
832 784 94 72 qui

64 841 177 57 neque
182 841 157 57 Deus
281 841 157 57 est,
379 841 177 57 neque
497 841 177 57 homo.
615 841 138 57 Non
693 841 118 57 ex
752 841 138 57 Deo
811 841 118 57 est.

65 887 208 54 Nullius
216 887 151 54 enim
310 887 151 54 mali
405 887 189 54 caussa
537 887 132 54 est
612 887 170 54 Deus.
725 887 132 54 Non
801 887 113 54 ex
839 887 75 54 a-

56 936 133 56 lio
132 936 190 56 homine
265 936 171 56 malum
379 936 171 56 inest
493 936 114 56 in
549 936 114 56 eo
606 936 133 56 qui
682 936 209 56 peccat.
834 936 133 56 Nam

58 984 106 69 is
111 984 123 69 vel
182 984 123 69 vi,
252 984 123 69 vel
323 984 212 69 suasione
481 984 229 69 peccantem
658 984 264 69 inpelleret.
852 984 71 69 Si

65 1030 136 56 Vi,
142 1030 136 56 non
220 1030 136 56 est
298 1030 253 56 peccatum,
492 1030 156 56 quod
589 1030 233 56 quispiam
745 1030 175 56 coactus

65 1078 184 74 fecit.
194 1078 129 74 Non
267 1078 239 74 suasione.
451 1078 129 74 Nam
525 1078 147 74 tunc
617 1078 129 74 qui
691 1078 203 74 peccat,
820 1078 92 74 vo-

59 1129 152 66 lens
154 1129 209 66 peccat,
306 1129 95 66 &
344 1129 228 66 propria,
516 1129 133 66 non
592 1129 190 66 aliena
706 1129 209 66 voluntate

59 1180 172 63 malum
174 1180 172 63 agit.
289 1180 134 63 Non
365 1180 153 63 item
461 1180 172 63 inest
576 1180 115 63 in
634 1180 172 63 nobis
729 1180 192 63 peccatum

63 1222 113 77 ab
120 1222 113 77 eo
176 1222 132 77 qui
252 1222 170 77 neque
365 1222 151 77 Deus
460 1222 151 77 est,
554 1222 170 77 neque
667 1222 170 77 homo,
762 1222 151 77 qualis

63 1271 131 68 est
138 1271 205 68 Angelus
287 1271 149 68 siue
380 1271 168 68 bonus
492 1271 149 68 siue
585 1271 186 68 malus.
716 1271 149 68 Ergo
809 1271 93 68 a
828 1271 93 68 no-

58 1317 131 71 bis
133 1317 169 71 ipsis
246 1317 131 71 est
321 1317 169 71 malum
434 1317 113 71 in
490 1317 188 71 nobis.
622 1317 131 71 Nam
697 1317 131 71 vel
772 1317 131 71 Vi,
828 1317 94 71 Vel

57 1375 232 60 suasione
230 1375 135 60 nos
308 1375 270 60 impelleret
520 1375 116 60 is
578 1375 232 60 Angelus.
751 1375 135 60 Hic
809 1375 116 60 enim

64 1420 152 52 idem
159 1420 210 52 dilemma
312 1420 210 52 repetit
464 1420 286 52 Augustinus,
692 1420 152 52 quod
788 1420 114 52 de
826 1420 95 52 ho-

56 1471 158 56 mine
155 1471 178 56 prius
273 1471 237 56 dixerat.
451 1471 158 56 Ergo
550 1471 118 56 ab
609 1471 197 56 homine
747 1471 158 56 ipso
826 1471 99 56 est

61 1517 192 58 malum.
195 1517 134 58 Hec
272 1517 288 58 pulcherrima
503 1517 96 58 &
541 1517 288 58 cohaerentia
752 1517 154 58 discer

61 1562 154 70 psit
157 1562 192 70 misere
291 1562 269 70 Lombardus,

209 1620 235 95 AD
326 1620 313 95 CAP.
483 1620 195 95 XII

81 1703 109 82 I
125 1703 174 82 Boni
233 1703 326 82 tantummodo.
494 1703 130 82 Et
559 1703 152 82 hic
646 1703 217 82 quoque
777 1703 152 82 magna
