1256 2052
107 118 97 75 Vt
155 118 129 75 enim
236 118 129 75 bona
316 118 113 75 sit
381 118 177 75 hominis
509 118 209 75 voluntas,
670 118 177 75 oportet
783 118 161 75 attende-

106 172 117 62 re,
173 172 133 62 quid
256 172 200 62 congruat
407 172 100 62 ei
457 172 167 62 velle,
573 172 83 62 &
607 172 117 62 quo
673 172 150 62 fine.
774 172 150 62 Tatum
857 172 100 62 enim

98 226 204 64 interest
251 226 153 64 inter
353 226 238 64 voluntatem
541 226 136 64 Dei,
626 226 85 64 &
660 226 238 64 voluntatem
830 226 119 64 homi-

100 271 132 65 nis,
182 271 99 65 vt
231 271 99 65 in
281 271 214 65 quibusdam
445 271 148 65 aliud
544 271 181 65 cogruat
676 271 115 65 Deo
742 271 165 65 velle,
841 271 115 65 aliud

99 325 206 51 homini.
249 325 149 51 Vnde
342 325 149 51 Aug.
436 325 112 51 in
492 325 168 51 Ench.
604 325 243 51 Aliquando
791 325 149 51 bona
865 325 75 51 vo

97 378 189 49 luntate
234 378 137 49 homo
320 378 137 49 vult
406 378 189 49 aliquid
543 378 137 49 quod
629 378 137 49 Deus
715 378 120 49 non
784 378 155 49 vult:
869 378 69 49 bo

104 419 105 54 na
156 419 157 54 multo
261 419 192 54 amplius
401 419 210 54 multoque
558 419 192 54 certius
698 419 245 54 voluntate.
873 419 70 54 Na

101 464 165 55 illius
217 464 132 55 mala
300 464 198 55 voluntas
449 464 132 55 esse
532 464 182 55 nunquam
664 464 182 55 potest:
796 464 182 55 tanquam

106 519 99 55 si
156 519 149 55 bonus
255 519 165 55 Filius
371 519 165 55 Patrem
487 519 149 55 velit
586 519 182 55 viuere,
718 519 132 55 quem
801 519 132 55 Deus
867 519 83 55 bo-

105 572 93 54 na
152 572 202 54 voluntate
307 572 124 54 vult
385 572 140 54 mori.
478 572 93 54 Et
525 572 155 54 rursus
634 572 140 54 fieri
727 572 171 54 potest,
851 572 93 54 vt
882 572 78 54 hoc

109 621 159 56 velit
216 621 142 56 homo
304 621 230 56 voluntate
481 621 159 56 mala,
587 621 142 56 quod
676 621 142 56 Deus
764 621 142 56 vult
835 621 124 56 bona:

99 671 144 48 velut
195 671 96 48 si
243 671 144 48 malus
339 671 160 48 Filius
451 671 144 48 velit
546 671 128 48 mori
626 671 176 48 Patrem,
754 671 144 48 velit
850 671 144 48 etiam

100 718 122 62 hoc
169 718 157 62 Deus.
274 718 157 62 Nempe
378 718 139 62 ille
465 718 139 62 vult
552 718 139 62 quod
639 718 122 62 non
708 718 139 62 vult
795 718 157 62 Deus:
882 718 70 62 i-

98 764 120 56 ste
167 764 138 56 vero
253 764 103 56 id
304 764 138 56 vult
390 764 138 56 quod
476 764 138 56 vult
562 764 86 56 &
597 764 138 56 Deus
683 764 86 56 :
717 764 86 56 &
752 764 155 56 tamen
838 764 120 56 bonae

109 816 112 57 Dei
173 816 208 57 voluntati
333 816 160 57 pietas
445 816 160 57 illius
558 816 160 57 potius
670 816 208 57 consonat,
814 816 144 57 quanuis

103 872 151 52 aliud
204 872 218 52 volentis,
371 872 134 52 quam
455 872 151 52 huius
556 872 134 52 idem
640 872 201 52 volentis
774 872 184 52 impietas.

102 913 170 70 Multum
221 913 136 70 enim
306 913 204 70 interest
458 913 136 70 quid
543 913 153 70 velle
645 913 187 70 homini,
780 913 136 70 quid
848 913 102 70 vel-

100 962 112 59 le
156 962 130 59 Deo
231 962 242 59 congruat:
417 962 93 59 &
454 962 112 59 ad
510 962 149 59 quem
603 962 167 59 finem
714 962 149 59 suam
789 962 167 59 quisque

104 1013 186 53 referat
240 1013 254 53 voluntatem,
443 1013 102 53 vt
494 1013 237 53 approbetur
680 1013 119 53 vel
731 1013 220 53 improbetur.

99 1061 164 54 Potest
213 1061 131 54 enim
295 1061 148 54 uelle
394 1061 148 54 bonum
492 1061 131 54 quod
574 1061 115 54 non
640 1061 197 54 congruat
787 1061 98 54 ei
820 1061 131 54 velle-

104 1099 84 76 &
138 1099 168 76 potest
256 1099 152 76 velle
357 1099 152 76 bonum
458 1099 135 76 quod
542 1099 219 76 congruit,
710 1099 118 76 sed
778 1099 118 76 non
828 1099 135 76 refert

96 1150 98 86 ad
145 1150 147 86 finem
243 1150 180 86 rectum,
373 1150 82 86 &
406 1150 131 86 ideo
488 1150 114 86 non
553 1150 114 86 est
618 1150 131 86 bona
683 1150 180 86 voluntas.

371 1230 286 86 CAP.
514 1230 143 86 II

109 1299 165 75 Quod
213 1299 165 75 bona
316 1299 145 75 Dei
398 1299 268 75 voluntas,
605 1299 165 75 mala
708 1299 227 75 hominum
853 1299 103 75 vo-

147 1363 193 69 suntate
288 1363 228 69 impletur:
463 1363 105 69 vt
516 1363 105 69 in
569 1363 211 69 passione
727 1363 193 69 Christi
850 1363 105 69 con-

148 1423 188 48 tigit,
280 1423 131 48 vbi
355 1423 206 48 quiddam
505 1423 188 48 factum
636 1423 131 48 est
711 1423 150 48 quod
805 1423 150 48 Deus
880 1423 75 48 bo

146 1473 130 44 na,
221 1473 93 44 &
258 1473 186 44 ludaei
388 1473 149 44 mala
482 1473 242 44 voluntate
668 1473 261 44 voluerunt:
854 1473 93 44 vo-

142 1517 235 72 luerunt
312 1517 192 72 tamen
441 1517 107 72 &
483 1517 235 72 aliquid
654 1517 171 72 quod
761 1517 171 72 Deus
846 1517 107 72 non

142 1564 159 67 voluit.

152 1621 185 83 ILLVD
275 1621 205 83 quoque
418 1621 144 83 non
500 1621 144 83 est
562 1621 390 83 praetermittendum,

101 1693 144 55 quod
191 1693 233 55 aliquando
370 1693 126 55 Dei
442 1693 215 55 voluntas
604 1693 144 55 bona
694 1693 126 55 per
765 1693 162 55 malam
855 1693 90 55 ho-

101 1735 141 70 minis
196 1735 220 70 voluntatem
368 1735 204 70 impletur:
525 1735 94 70 vt
572 1735 94 70 in
620 1735 251 70 crucifixione
808 1735 157 70 Christi
