1231 2036
89 99 209 66 ciderent
246 99 140 66 eum,
333 99 174 66 falsum
455 99 140 66 est.
542 99 122 66 Non
612 99 140 66 enim
699 99 192 66 uolebat
838 99 140 66 Deus

87 159 195 63 actionem
233 159 212 63 fudaeoru:
396 159 130 63 quae
477 159 130 63 mala
559 159 146 63 erat,
656 159 114 63 sed
721 159 179 63 volebat
835 159 98 63 pas-

90 212 167 57 sionem
207 212 150 57 bonam
307 212 83 57 :
341 212 83 57 &
374 212 133 57 haec
457 212 200 57 voluntas
607 212 117 57 per
674 212 150 57 malas
758 212 183 57 fudaeorum

92 251 247 64 voluntates
286 251 194 64 impleta
427 251 141 64 est.
516 251 141 64 Vnde
621 251 247 64 Augustinus
815 251 106 64 in
850 251 71 64 En

87 304 216 56 chiridio,
254 304 133 56 Deus
337 304 183 56 quasdam
470 304 233 56 voluntates
653 304 133 56 suas
736 304 166 56 vtique
836 304 83 56 bo.

80 364 130 50 nas
155 364 186 50 implet
285 364 130 50 per
359 364 205 50 malorum
508 364 205 50 hominum
657 364 260 50 voluntates
843 364 74 50 ma

84 402 129 62 las:
164 402 145 62 sicut
261 402 113 62 per
325 402 209 62 maleuolos
486 402 177 62 sudaeos
615 402 129 62 bona
695 402 209 62 voluntate
840 402 80 62 Pa-

90 462 127 47 tris
169 462 190 47 Christus
312 462 111 47 pro
376 462 143 47 nobis
471 462 175 47 occisus
598 462 127 47 est:
677 462 127 47 quod
756 462 159 47 tantum
852 462 79 47 bo-

88 507 116 57 num
155 507 149 57 fuit,
254 507 99 57 ut
303 507 215 57 Apostolus
469 507 182 57 Petrus,
601 507 165 57 quando
717 507 99 57 id
767 507 149 57 fieri
849 507 83 57 no-

85 548 152 57 lebat,
191 548 168 57 Satanas
313 548 91 57 ab
359 548 122 57 ipso
435 548 107 57 qui
496 548 168 57 occisus
618 548 122 57 est,
694 548 213 57 diceretur.
847 548 76 57 Ec-

78 596 101 64 ce
129 596 220 64 manifeste
298 596 152 64 habes
399 596 169 64 magnum
517 596 152 64 bonum
619 596 169 64 fuisse
737 596 135 64 quod
805 596 118 64 Chri-

77 640 134 73 stus
161 640 184 73 occisus
295 640 134 73 est:
379 640 84 73 &
412 640 117 73 hoc
479 640 151 73 honum
580 640 134 73 quia
664 640 168 73 Petrus
764 640 168 73 nolebat,

87 694 131 77 ideo
168 694 245 77 redarguutus
348 694 98 77 est.

301 786 272 78 CAP.
437 786 204 78 IIII

79 852 164 72 Vtrum
188 852 237 72 placuerit
371 852 164 72 viris
480 852 182 72 bonis,
608 852 146 72 quod
699 852 219 72 Christus
845 852 91 72 pa-

199 908 203 70 teretur
346 908 92 70 &
383 908 258 70 moreretur:
585 908 203 70 placuit
714 908 111 70 qui-

241 960 128 69 dem
314 960 219 69 intuitum
478 960 201 69 nostrae
606 960 146 69 redem-

325 1006 207 76 ptionis,
480 1006 120 76 sed
549 1006 120 76 non
600 1006 69 76 i-

375 1057 164 66 psius
466 1057 146 66 cruci

420 1115 153 60 atus.

130 1179 98 55 EX
179 1179 115 55 quo
244 1179 197 55 soluitur
392 1179 197 55 quaestio
539 1179 115 55 qua
605 1179 164 55 quaeri
719 1179 164 55 solet,
817 1179 115 55 vtrum

87 1223 143 58 viris
182 1223 175 58 sanctis
309 1223 175 58 placere
436 1223 190 58 debuerit
579 1223 127 58 quod
658 1223 190 58 Christus
785 1223 143 58 patere-

79 1269 132 57 tur,
162 1269 116 57 vel
228 1269 264 57 occideretur.
443 1269 165 57 Debuit
575 1269 132 57 enim
658 1269 116 57 eis
724 1269 182 57 placere
839 1269 83 57 in-

85 1329 134 52 tuitu
175 1329 164 52 nostrae
294 1329 254 52 redemptionis,
503 1329 104 52 sed
563 1329 104 52 non
622 1329 164 52 intuitu
742 1329 149 52 ipsius
831 1329 90 52 cru-

78 1365 203 60 ciatus.
225 1365 240 60 Voluerunt
410 1365 148 60 ergo
502 1365 111 60 ac
558 1365 259 60 vehementer
742 1365 185 60 cupierum

80 1414 202 64 Christum
232 1414 135 64 mori
316 1414 185 64 propter
451 1414 270 64 liberationem
670 1414 202 64 hominis,
822 1414 84 64 &
839 1414 84 64 im-

85 1457 211 71 pletionem
247 1457 178 71 diuinae
377 1457 243 71 voluntatis:
571 1457 114 71 sed
636 1457 114 71 non
701 1457 211 71 voluerunt
847 1457 81 71 de-

78 1524 221 50 lectatione
252 1524 158 50 ipsius
362 1524 268 50 afflictionis.
583 1524 95 50 De
630 1524 142 50 eodem
724 1524 79 50 e
756 1524 126 50 ergo
819 1524 126 50 laeta-

87 1558 163 66 bantur
201 1558 82 66 &
234 1558 261 66 tristabatur:
446 1558 114 66 sed
512 1558 98 66 ob
561 1558 147 66 aliud
659 1558 196 66 gaudebat
806 1558 82 66 &
822 1558 98 66 pro-

86 1606 180 71 propter
217 1606 148 71 aliud
315 1606 213 71 dolebant.
479 1606 197 71 Volebant
627 1606 131 71 ergo
709 1606 197 71 Christum
840 1606 82 71 mor

83 1654 120 78 pro
152 1654 189 78 hominis
289 1654 275 78 redemptione:
513 1654 86 78 &
547 1654 155 78 tamen
651 1654 103 78 de
702 1654 155 78 morte
788 1654 138 78 ipsius

78 1702 204 79 diuersis
231 1702 102 79 de
282 1702 170 79 causis
400 1702 153 79 corda
502 1702 153 79 eorum
604 1702 153 79 varie
689 1702 220 79 mouebantur.
