<?xml version="1.0" encoding="UTF-8"?>
<alto xmlns:xsi="http://www.w3.org/2001/XMLSchema-instance"
      xmlns="http://www.loc.gov/standards/alto/ns-v2#"
      xmlns:page="http://schema.primaresearch.org/PAGE/gts/pagecontent/2013-07-15"
      xsi:schemaLocation="http://www.loc.gov/standards/alto/ns-v2# http://www.loc.gov/standards/alto/alto.xsd">
   <Description>
      <MeasurementUnit>pixel</MeasurementUnit>
      <OCRProcessing ID="IdOcr">
         <ocrProcessingStep>
            <processingDateTime>2021-02-10T14:41:38.993-05:00</processingDateTime>
            <processingSoftware>
               <softwareCreator>READ COOP</softwareCreator>
               <softwareName>Transkribus</softwareName>
            </processingSoftware>
         </ocrProcessingStep>
      </OCRProcessing>
   </Description>
   <Tags/>
   <Layout>
      <Page ID="Page1" PHYSICAL_IMG_NR="1" HEIGHT="2034" WIDTH="1257">
         <TopMargin HEIGHT="0" WIDTH="1257" VPOS="0" HPOS="0"/>
         <LeftMargin HEIGHT="2034" WIDTH="0" VPOS="0" HPOS="0"/>
         <RightMargin HEIGHT="2034" WIDTH="0" VPOS="0" HPOS="1257"/>
         <BottomMargin HEIGHT="0" WIDTH="1257" VPOS="2034" HPOS="0"/>
         <PrintSpace HEIGHT="2034" WIDTH="1257" VPOS="0" HPOS="0">
            <TextBlock ID="r1" HEIGHT="1708" WIDTH="841" VPOS="48" HPOS="117">
               <Shape>
                  <Polygon POINTS="117,48 117,1756 958,1756 958,48"/>
               </Shape>
               <TextLine ID="r1l2"
                         BASELINE="173"
                         HEIGHT="87"
                         WIDTH="838"
                         VPOS="86"
                         HPOS="122">
                  <String HEIGHT="87"
                          WIDTH="201"
                          VPOS="86"
                          HPOS="105"
                          CONTENT="nolebant"/>
                  <SP HEIGHT="87" WIDTH="17" VPOS="86" HPOS="306"/>
                  <String HEIGHT="87" WIDTH="134" VPOS="86" HPOS="256" CONTENT="quod"/>
                  <SP HEIGHT="87" WIDTH="17" VPOS="86" HPOS="390"/>
                  <String HEIGHT="87"
                          WIDTH="201"
                          VPOS="86"
                          HPOS="340"
                          CONTENT="volebat,"/>
                  <SP HEIGHT="87" WIDTH="17" VPOS="86" HPOS="541"/>
                  <String HEIGHT="87" WIDTH="134" VPOS="86" HPOS="491" CONTENT="quam"/>
                  <SP HEIGHT="87" WIDTH="17" VPOS="86" HPOS="625"/>
                  <String HEIGHT="87" WIDTH="134" VPOS="86" HPOS="575" CONTENT="illi"/>
                  <SP HEIGHT="87" WIDTH="17" VPOS="86" HPOS="709"/>
                  <String HEIGHT="87" WIDTH="117" VPOS="86" HPOS="658" CONTENT="per"/>
                  <SP HEIGHT="87" WIDTH="17" VPOS="86" HPOS="776"/>
                  <String HEIGHT="87" WIDTH="134" VPOS="86" HPOS="725" CONTENT="quos"/>
                  <SP HEIGHT="87" WIDTH="17" VPOS="86" HPOS="859"/>
                  <String HEIGHT="87"
                          WIDTH="168"
                          VPOS="86"
                          HPOS="792"
                          CONTENT="volentes"/>
               </TextLine>
               <TextLine ID="r1l3"
                         BASELINE="218"
                         HEIGHT="62"
                         WIDTH="832"
                         VPOS="156"
                         HPOS="129">
                  <String HEIGHT="62"
                          WIDTH="181"
                          VPOS="156"
                          HPOS="111"
                          CONTENT="factum"/>
                  <SP HEIGHT="62" WIDTH="18" VPOS="156" HPOS="292"/>
                  <String HEIGHT="62" WIDTH="127" VPOS="156" HPOS="238" CONTENT="est"/>
                  <SP HEIGHT="62" WIDTH="18" VPOS="156" HPOS="364"/>
                  <String HEIGHT="62"
                          WIDTH="145"
                          VPOS="156"
                          HPOS="310"
                          CONTENT="quod"/>
                  <SP HEIGHT="62" WIDTH="18" VPOS="156" HPOS="455"/>
                  <String HEIGHT="62"
                          WIDTH="217"
                          VPOS="156"
                          HPOS="400"
                          CONTENT="volebat:"/>
                  <SP HEIGHT="62" WIDTH="18" VPOS="156" HPOS="617"/>
                  <String HEIGHT="62"
                          WIDTH="145"
                          VPOS="156"
                          HPOS="563"
                          CONTENT="quia"/>
                  <SP HEIGHT="62" WIDTH="18" VPOS="156" HPOS="708"/>
                  <String HEIGHT="62"
                          WIDTH="199"
                          VPOS="156"
                          HPOS="654"
                          CONTENT="idipsum"/>
                  <SP HEIGHT="62" WIDTH="18" VPOS="156" HPOS="852"/>
                  <String HEIGHT="62"
                          WIDTH="145"
                          VPOS="156"
                          HPOS="798"
                          CONTENT="mala"/>
                  <SP HEIGHT="62" WIDTH="18" VPOS="156" HPOS="943"/>
                  <String HEIGHT="62"
                          WIDTH="90"
                          VPOS="156"
                          HPOS="871"
                          CONTENT="vo"
                          SUBS_TYPE="HypPart1"
                          SUBS_CONTENT="voluntate"/>
                  <HYP CONTENT="-"/>
               </TextLine>
               <TextLine ID="r1l4"
                         BASELINE="265"
                         HEIGHT="55"
                         WIDTH="833"
                         VPOS="210"
                         HPOS="124">
                  <String HEIGHT="55"
                          WIDTH="183"
                          VPOS="210"
                          HPOS="107"
                          CONTENT="luntate"
                          SUBS_TYPE="HypPart2"
                          SUBS_CONTENT="voluntate"/>
                  <SP HEIGHT="55" WIDTH="17" VPOS="210" HPOS="291"/>
                  <String HEIGHT="55"
                          WIDTH="217"
                          VPOS="210"
                          HPOS="241"
                          CONTENT="fecerunt,"/>
                  <SP HEIGHT="55" WIDTH="17" VPOS="210" HPOS="457"/>
                  <String HEIGHT="55"
                          WIDTH="133"
                          VPOS="210"
                          HPOS="407"
                          CONTENT="quod"/>
                  <SP HEIGHT="55" WIDTH="17" VPOS="210" HPOS="541"/>
                  <String HEIGHT="55"
                          WIDTH="133"
                          VPOS="210"
                          HPOS="491"
                          CONTENT="Deus"/>
                  <SP HEIGHT="55" WIDTH="17" VPOS="210" HPOS="624"/>
                  <String HEIGHT="55"
                          WIDTH="133"
                          VPOS="210"
                          HPOS="574"
                          CONTENT="bona"/>
                  <SP HEIGHT="55" WIDTH="17" VPOS="210" HPOS="707"/>
                  <String HEIGHT="55"
                          WIDTH="217"
                          VPOS="210"
                          HPOS="657"
                          CONTENT="voluntate"/>
                  <SP HEIGHT="55" WIDTH="17" VPOS="210" HPOS="874"/>
                  <String HEIGHT="55"
                          WIDTH="150"
                          VPOS="210"
                          HPOS="807"
                          CONTENT="voluit."/>
               </TextLine>
               <TextLine ID="r1l5"
                         BASELINE="313"
                         HEIGHT="60"
                         WIDTH="840"
                         VPOS="253"
                         HPOS="119">
                  <String HEIGHT="60" WIDTH="111" VPOS="253" HPOS="103" CONTENT="Ata"/>
                  <SP HEIGHT="60" WIDTH="16" VPOS="253" HPOS="214"/>
                  <String HEIGHT="60" WIDTH="79" VPOS="253" HPOS="167" CONTENT="&amp;"/>
                  <SP HEIGHT="60" WIDTH="16" VPOS="253" HPOS="246"/>
                  <String HEIGHT="60" WIDTH="95" VPOS="253" HPOS="198" CONTENT="in"/>
                  <SP HEIGHT="60" WIDTH="16" VPOS="253" HPOS="293"/>
                  <String HEIGHT="60"
                          WIDTH="190"
                          VPOS="253"
                          HPOS="246"
                          CONTENT="passione"/>
                  <SP HEIGHT="60" WIDTH="16" VPOS="253" HPOS="436"/>
                  <String HEIGHT="60"
                          WIDTH="174"
                          VPOS="253"
                          HPOS="388"
                          CONTENT="Christi"/>
                  <SP HEIGHT="60" WIDTH="16" VPOS="253" HPOS="563"/>
                  <String HEIGHT="60"
                          WIDTH="158"
                          VPOS="253"
                          HPOS="515"
                          CONTENT="factum"/>
                  <SP HEIGHT="60" WIDTH="16" VPOS="253" HPOS="674"/>
                  <String HEIGHT="60"
                          WIDTH="127"
                          VPOS="253"
                          HPOS="626"
                          CONTENT="est:"/>
                  <SP HEIGHT="60" WIDTH="16" VPOS="253" HPOS="753"/>
                  <String HEIGHT="60"
                          WIDTH="127"
                          VPOS="253"
                          HPOS="705"
                          CONTENT="quod"/>
                  <SP HEIGHT="60" WIDTH="16" VPOS="253" HPOS="832"/>
                  <String HEIGHT="60"
                          WIDTH="127"
                          VPOS="253"
                          HPOS="785"
                          CONTENT="enim"/>
                  <SP HEIGHT="60" WIDTH="16" VPOS="253" HPOS="911"/>
                  <String HEIGHT="60"
                          WIDTH="127"
                          VPOS="253"
                          HPOS="864"
                          CONTENT="Deus"/>
                  <SP HEIGHT="60" WIDTH="16" VPOS="253" HPOS="991"/>
                  <String HEIGHT="60" WIDTH="32" VPOS="253" HPOS="927" CONTENT=""/>
               </TextLine>
               <TextLine ID="r1l6"
                         BASELINE="363"
                         HEIGHT="52"
                         WIDTH="834"
                         VPOS="311"
                         HPOS="124">
                  <String HEIGHT="52"
                          WIDTH="187"
                          VPOS="311"
                          HPOS="107"
                          CONTENT="voluit,"/>
                  <SP HEIGHT="52" WIDTH="17" VPOS="311" HPOS="294"/>
                  <String HEIGHT="52" WIDTH="119" VPOS="311" HPOS="243" CONTENT="hoc"/>
                  <SP HEIGHT="52" WIDTH="17" VPOS="311" HPOS="362"/>
                  <String HEIGHT="52"
                          WIDTH="136"
                          VPOS="311"
                          HPOS="311"
                          CONTENT="idem"/>
                  <SP HEIGHT="52" WIDTH="17" VPOS="311" HPOS="447"/>
                  <String HEIGHT="52"
                          WIDTH="170"
                          VPOS="311"
                          HPOS="396"
                          CONTENT="ludaei"/>
                  <SP HEIGHT="52" WIDTH="17" VPOS="311" HPOS="567"/>
                  <String HEIGHT="52" WIDTH="85" VPOS="311" HPOS="515" CONTENT="&amp;"/>
                  <SP HEIGHT="52" WIDTH="17" VPOS="311" HPOS="601"/>
                  <String HEIGHT="52"
                          WIDTH="221"
                          VPOS="311"
                          HPOS="550"
                          CONTENT="Diabolus:"/>
                  <SP HEIGHT="52" WIDTH="17" VPOS="311" HPOS="771"/>
                  <String HEIGHT="52" WIDTH="119" VPOS="311" HPOS="720" CONTENT="sed"/>
                  <SP HEIGHT="52" WIDTH="17" VPOS="311" HPOS="839"/>
                  <String HEIGHT="52"
                          WIDTH="136"
                          VPOS="311"
                          HPOS="788"
                          CONTENT="illi"/>
                  <SP HEIGHT="52" WIDTH="17" VPOS="311" HPOS="924"/>
                  <String HEIGHT="52"
                          WIDTH="102"
                          VPOS="311"
                          HPOS="856"
                          CONTENT="mala"/>
               </TextLine>
               <TextLine ID="r1l7"
                         BASELINE="408"
                         HEIGHT="52"
                         WIDTH="830"
                         VPOS="356"
                         HPOS="130">
                  <String HEIGHT="52"
                          WIDTH="242"
                          VPOS="356"
                          HPOS="113"
                          CONTENT="voluntate,"/>
                  <SP HEIGHT="52" WIDTH="17" VPOS="356" HPOS="355"/>
                  <String HEIGHT="52"
                          WIDTH="138"
                          VPOS="356"
                          HPOS="303"
                          CONTENT="Deus"/>
                  <SP HEIGHT="52" WIDTH="17" VPOS="356" HPOS="441"/>
                  <String HEIGHT="52"
                          WIDTH="138"
                          VPOS="356"
                          HPOS="389"
                          CONTENT="vero"/>
                  <SP HEIGHT="52" WIDTH="17" VPOS="356" HPOS="528"/>
                  <String HEIGHT="52"
                          WIDTH="138"
                          VPOS="356"
                          HPOS="476"
                          CONTENT="bona"/>
                  <SP HEIGHT="52" WIDTH="17" VPOS="356" HPOS="614"/>
                  <String HEIGHT="52"
                          WIDTH="242"
                          VPOS="356"
                          HPOS="562"
                          CONTENT="voluntate,"/>
                  <SP HEIGHT="52" WIDTH="17" VPOS="356" HPOS="804"/>
                  <String HEIGHT="52"
                          WIDTH="208"
                          VPOS="356"
                          HPOS="753"
                          CONTENT="scilicet"/>
                  <SP HEIGHT="52" WIDTH="17" VPOS="356" HPOS="960"/>
                  <String HEIGHT="52" WIDTH="69" VPOS="356" HPOS="891" CONTENT="vt"/>
               </TextLine>
               <TextLine ID="r1l8"
                         BASELINE="465"
                         HEIGHT="62"
                         WIDTH="828"
                         VPOS="403"
                         HPOS="125">
                  <String HEIGHT="62"
                          WIDTH="207"
                          VPOS="403"
                          HPOS="108"
                          CONTENT="Christus"/>
                  <SP HEIGHT="62" WIDTH="17" VPOS="403" HPOS="315"/>
                  <String HEIGHT="62"
                          WIDTH="242"
                          VPOS="403"
                          HPOS="263"
                          CONTENT="moreretur."/>
                  <SP HEIGHT="62" WIDTH="17" VPOS="403" HPOS="505"/>
                  <String HEIGHT="62"
                          WIDTH="242"
                          VPOS="403"
                          HPOS="453"
                          CONTENT="Veruntamen"/>
                  <SP HEIGHT="62" WIDTH="17" VPOS="403" HPOS="694"/>
                  <String HEIGHT="62"
                          WIDTH="138"
                          VPOS="403"
                          HPOS="643"
                          CONTENT="illi"/>
                  <SP HEIGHT="62" WIDTH="17" VPOS="403" HPOS="781"/>
                  <String HEIGHT="62"
                          WIDTH="155"
                          VPOS="403"
                          HPOS="729"
                          CONTENT="actum"/>
                  <SP HEIGHT="62" WIDTH="17" VPOS="403" HPOS="884"/>
                  <String HEIGHT="62"
                          WIDTH="138"
                          VPOS="403"
                          HPOS="815"
                          CONTENT="volue"
                          SUBS_TYPE="HypPart1"
                          SUBS_CONTENT="voluerunt,"/>
                  <HYP CONTENT="-"/>
               </TextLine>
               <TextLine ID="r1l9"
                         BASELINE="503"
                         HEIGHT="56"
                         WIDTH="469"
                         VPOS="447"
                         HPOS="121">
                  <String HEIGHT="56"
                          WIDTH="156"
                          VPOS="447"
                          HPOS="104"
                          CONTENT="runt,"
                          SUBS_TYPE="HypPart2"
                          SUBS_CONTENT="voluerunt,"/>
                  <SP HEIGHT="56" WIDTH="17" VPOS="447" HPOS="260"/>
                  <String HEIGHT="56"
                          WIDTH="139"
                          VPOS="447"
                          HPOS="208"
                          CONTENT="quem"/>
                  <SP HEIGHT="56" WIDTH="17" VPOS="447" HPOS="347"/>
                  <String HEIGHT="56"
                          WIDTH="139"
                          VPOS="447"
                          HPOS="295"
                          CONTENT="Deus"/>
                  <SP HEIGHT="56" WIDTH="17" VPOS="447" HPOS="434"/>
                  <String HEIGHT="56" WIDTH="122" VPOS="447" HPOS="382" CONTENT="non"/>
                  <SP HEIGHT="56" WIDTH="17" VPOS="447" HPOS="503"/>
                  <String HEIGHT="56"
                          WIDTH="156"
                          VPOS="447"
                          HPOS="434"
                          CONTENT="voluit."/>
               </TextLine>
               <TextLine ID="r1l10"
                         BASELINE="632"
                         HEIGHT="81"
                         WIDTH="711"
                         VPOS="551"
                         HPOS="182">
                  <String HEIGHT="81" WIDTH="267" VPOS="551" HPOS="138" CONTENT="AD"/>
                  <SP HEIGHT="81" WIDTH="44" VPOS="551" HPOS="404"/>
                  <String HEIGHT="81"
                          WIDTH="667"
                          VPOS="551"
                          HPOS="226"
                          CONTENT="DISTINCTIONEM"/>
               </TextLine>
               <TextLine ID="r1l11"
                         BASELINE="705"
                         HEIGHT="82"
                         WIDTH="239"
                         VPOS="623"
                         HPOS="375">
                  <String HEIGHT="82"
                          WIDTH="319"
                          VPOS="623"
                          HPOS="295"
                          CONTENT="XLVIII"/>
               </TextLine>
               <TextLine ID="r1l12"
                         BASELINE="804"
                         HEIGHT="74"
                         WIDTH="364"
                         VPOS="730"
                         HPOS="286">
                  <String HEIGHT="74" WIDTH="218" VPOS="730" HPOS="250" CONTENT="AD"/>
                  <SP HEIGHT="74" WIDTH="36" VPOS="730" HPOS="468"/>
                  <String HEIGHT="74"
                          WIDTH="291"
                          VPOS="730"
                          HPOS="359"
                          CONTENT="CAP."/>
                  <SP HEIGHT="74" WIDTH="36" VPOS="730" HPOS="650"/>
                  <String HEIGHT="74" WIDTH="146" VPOS="730" HPOS="504" CONTENT="II"/>
               </TextLine>
               <TextLine ID="r1l14"
                         BASELINE="890"
                         HEIGHT="83"
                         WIDTH="791"
                         VPOS="807"
                         HPOS="164">
                  <String HEIGHT="83" WIDTH="90" VPOS="807" HPOS="146" CONTENT="I"/>
                  <SP HEIGHT="83" WIDTH="18" VPOS="807" HPOS="236"/>
                  <String HEIGHT="83"
                          WIDTH="216"
                          VPOS="807"
                          HPOS="182"
                          CONTENT="Voluisti"/>
                  <SP HEIGHT="83" WIDTH="18" VPOS="807" HPOS="398"/>
                  <String HEIGHT="83" WIDTH="90" VPOS="807" HPOS="344" CONTENT="&amp;"/>
                  <SP HEIGHT="83" WIDTH="18" VPOS="807" HPOS="434"/>
                  <String HEIGHT="83"
                          WIDTH="270"
                          VPOS="807"
                          HPOS="380"
                          CONTENT="approbasti."/>
                  <SP HEIGHT="83" WIDTH="18" VPOS="807" HPOS="649"/>
                  <String HEIGHT="83"
                          WIDTH="198"
                          VPOS="807"
                          HPOS="595"
                          CONTENT="Videtur"/>
                  <SP HEIGHT="83" WIDTH="18" VPOS="807" HPOS="793"/>
                  <String HEIGHT="83"
                          WIDTH="162"
                          VPOS="807"
                          HPOS="739"
                          CONTENT="haec,"/>
                  <SP HEIGHT="83" WIDTH="18" VPOS="807" HPOS="901"/>
                  <String HEIGHT="83"
                          WIDTH="126"
                          VPOS="807"
                          HPOS="829"
                          CONTENT="quam"
                          SUBS_TYPE="HypPart1"
                          SUBS_CONTENT="quamquam"/>
                  <HYP CONTENT="-"/>
               </TextLine>
               <TextLine ID="r1l15"
                         BASELINE="942"
                         HEIGHT="58"
                         WIDTH="832"
                         VPOS="884"
                         HPOS="122">
                  <String HEIGHT="58"
                          WIDTH="158"
                          VPOS="884"
                          HPOS="102"
                          CONTENT="quam"
                          SUBS_TYPE="HypPart2"
                          SUBS_CONTENT="quamquam"/>
                  <SP HEIGHT="58" WIDTH="20" VPOS="884" HPOS="261"/>
                  <String HEIGHT="58"
                          WIDTH="198"
                          VPOS="884"
                          HPOS="201"
                          CONTENT="aliena"/>
                  <SP HEIGHT="58" WIDTH="20" VPOS="884" HPOS="399"/>
                  <String HEIGHT="58"
                          WIDTH="357"
                          VPOS="884"
                          HPOS="340"
                          CONTENT="interpretatio,"/>
                  <SP HEIGHT="58" WIDTH="20" VPOS="884" HPOS="696"/>
                  <String HEIGHT="58"
                          WIDTH="198"
                          VPOS="884"
                          HPOS="637"
                          CONTENT="sumpta"/>
                  <SP HEIGHT="58" WIDTH="20" VPOS="884" HPOS="835"/>
                  <String HEIGHT="58"
                          WIDTH="178"
                          VPOS="884"
                          HPOS="776"
                          CONTENT="tamen"/>
                  <SP HEIGHT="58" WIDTH="20" VPOS="884" HPOS="954"/>
                  <String HEIGHT="58" WIDTH="79" VPOS="884" HPOS="875" CONTENT="ex"/>
               </TextLine>
               <TextLine ID="r1l16"
                         BASELINE="990"
                         HEIGHT="63"
                         WIDTH="838"
                         VPOS="927"
                         HPOS="116">
                  <String HEIGHT="63"
                          WIDTH="298"
                          VPOS="927"
                          HPOS="97"
                          CONTENT="Commentariis"/>
                  <SP HEIGHT="63" WIDTH="19" VPOS="927" HPOS="395"/>
                  <String HEIGHT="63"
                          WIDTH="242"
                          VPOS="927"
                          HPOS="339"
                          CONTENT="Augustini"/>
                  <SP HEIGHT="63" WIDTH="19" VPOS="927" HPOS="582"/>
                  <String HEIGHT="63" WIDTH="112" VPOS="927" HPOS="526" CONTENT="in"/>
                  <SP HEIGHT="63" WIDTH="19" VPOS="927" HPOS="637"/>
                  <String HEIGHT="63"
                          WIDTH="186"
                          VPOS="927"
                          HPOS="582"
                          CONTENT="Psalm."/>
                  <SP HEIGHT="63" WIDTH="19" VPOS="927" HPOS="768"/>
                  <String HEIGHT="63"
                          WIDTH="149"
                          VPOS="927"
                          HPOS="712"
                          CONTENT="I28."/>
                  <SP HEIGHT="63" WIDTH="19" VPOS="927" HPOS="861"/>
                  <String HEIGHT="63" WIDTH="130" VPOS="927" HPOS="805" CONTENT="vbi"/>
                  <SP HEIGHT="63" WIDTH="19" VPOS="927" HPOS="935"/>
                  <String HEIGHT="63" WIDTH="93" VPOS="927" HPOS="861" CONTENT="sic"/>
               </TextLine>
               <TextLine ID="r1l17"
                         BASELINE="1038"
                         HEIGHT="65"
                         WIDTH="825"
                         VPOS="973"
                         HPOS="121">
                  <String HEIGHT="65"
                          WIDTH="215"
                          VPOS="973"
                          HPOS="105"
                          CONTENT="scripsit,"/>
                  <SP HEIGHT="65" WIDTH="17" VPOS="973" HPOS="319"/>
                  <String HEIGHT="65" WIDTH="99" VPOS="973" HPOS="270" CONTENT="Tu"/>
                  <SP HEIGHT="65" WIDTH="17" VPOS="973" HPOS="369"/>
                  <String HEIGHT="65"
                          WIDTH="231"
                          VPOS="973"
                          HPOS="319"
                          CONTENT="cognouisti"/>
                  <SP HEIGHT="65" WIDTH="17" VPOS="973" HPOS="550"/>
                  <String HEIGHT="65"
                          WIDTH="215"
                          VPOS="973"
                          HPOS="501"
                          CONTENT="sessionem"/>
                  <SP HEIGHT="65" WIDTH="17" VPOS="973" HPOS="715"/>
                  <String HEIGHT="65"
                          WIDTH="149"
                          VPOS="973"
                          HPOS="666"
                          CONTENT="meam,"/>
                  <SP HEIGHT="65" WIDTH="17" VPOS="973" HPOS="814"/>
                  <String HEIGHT="65" WIDTH="83" VPOS="973" HPOS="765" CONTENT="&amp;"/>
                  <SP HEIGHT="65" WIDTH="17" VPOS="973" HPOS="847"/>
                  <String HEIGHT="65"
                          WIDTH="165"
                          VPOS="973"
                          HPOS="781"
                          CONTENT="resurre"
                          SUBS_TYPE="HypPart1"
                          SUBS_CONTENT="resurrectionem"/>
                  <HYP CONTENT="-"/>
               </TextLine>
               <TextLine ID="r1l18"
                         BASELINE="1087"
                         HEIGHT="59"
                         WIDTH="833"
                         VPOS="1028"
                         HPOS="118">
                  <String HEIGHT="59"
                          WIDTH="191"
                          VPOS="1028"
                          HPOS="101"
                          CONTENT="ctionem"
                          SUBS_TYPE="HypPart2"
                          SUBS_CONTENT="resurrectionem"/>
                  <SP HEIGHT="59" WIDTH="17" VPOS="1028" HPOS="292"/>
                  <String HEIGHT="59"
                          WIDTH="156"
                          VPOS="1028"
                          HPOS="239"
                          CONTENT="meam."/>
                  <SP HEIGHT="59" WIDTH="17" VPOS="1028" HPOS="396"/>
                  <String HEIGHT="59"
                          WIDTH="139"
                          VPOS="1028"
                          HPOS="344"
                          CONTENT="Quid"/>
                  <SP HEIGHT="59" WIDTH="17" VPOS="1028" HPOS="482"/>
                  <String HEIGHT="59"
                          WIDTH="121"
                          VPOS="1028"
                          HPOS="430"
                          CONTENT="hic"/>
                  <SP HEIGHT="59" WIDTH="17" VPOS="1028" HPOS="552"/>
                  <String HEIGHT="59"
                          WIDTH="191"
                          VPOS="1028"
                          HPOS="500"
                          CONTENT="sessio:"/>
                  <SP HEIGHT="59" WIDTH="17" VPOS="1028" HPOS="691"/>
                  <String HEIGHT="59"
                          WIDTH="139"
                          VPOS="1028"
                          HPOS="639"
                          CONTENT="Quid"/>
                  <SP HEIGHT="59" WIDTH="17" VPOS="1028" HPOS="777"/>
                  <String HEIGHT="59"
                          WIDTH="121"
                          VPOS="1028"
                          HPOS="725"
                          CONTENT="hic"/>
                  <SP HEIGHT="59" WIDTH="17" VPOS="1028" HPOS="847"/>
                  <String HEIGHT="59"
                          WIDTH="174"
                          VPOS="1028"
                          HPOS="777"
                          CONTENT="resurre"
                          SUBS_TYPE="HypPart1"
                          SUBS_CONTENT="resurrectio:"/>
                  <HYP CONTENT="-"/>
               </TextLine>
               <TextLine ID="r1l19"
                         BASELINE="1141"
                         HEIGHT="72"
                         WIDTH="827"
                         VPOS="1069"
                         HPOS="122">
                  <String HEIGHT="72"
                          WIDTH="155"
                          VPOS="1069"
                          HPOS="105"
                          CONTENT="ctio:"
                          SUBS_TYPE="HypPart2"
                          SUBS_CONTENT="resurrectio:"/>
                  <SP HEIGHT="72" WIDTH="17" VPOS="1069" HPOS="260"/>
                  <String HEIGHT="72"
                          WIDTH="121"
                          VPOS="1069"
                          HPOS="208"
                          CONTENT="Qui"/>
                  <SP HEIGHT="72" WIDTH="17" VPOS="1069" HPOS="329"/>
                  <String HEIGHT="72"
                          WIDTH="172"
                          VPOS="1069"
                          HPOS="277"
                          CONTENT="sedet,"/>
                  <SP HEIGHT="72" WIDTH="17" VPOS="1069" HPOS="449"/>
                  <String HEIGHT="72"
                          WIDTH="207"
                          VPOS="1069"
                          HPOS="398"
                          CONTENT="hamiliat"/>
                  <SP HEIGHT="72" WIDTH="17" VPOS="1069" HPOS="604"/>
                  <String HEIGHT="72"
                          WIDTH="121"
                          VPOS="1069"
                          HPOS="553"
                          CONTENT="se."/>
                  <SP HEIGHT="72" WIDTH="17" VPOS="1069" HPOS="673"/>
                  <String HEIGHT="72"
                          WIDTH="155"
                          VPOS="1069"
                          HPOS="622"
                          CONTENT="Sedit"/>
                  <SP HEIGHT="72" WIDTH="17" VPOS="1069" HPOS="777"/>
                  <String HEIGHT="72"
                          WIDTH="138"
                          VPOS="1069"
                          HPOS="725"
                          CONTENT="ergo"/>
                  <SP HEIGHT="72" WIDTH="17" VPOS="1069" HPOS="863"/>
                  <String HEIGHT="72"
                          WIDTH="155"
                          VPOS="1069"
                          HPOS="794"
                          CONTENT="Dominus"/>
               </TextLine>
               <TextLine ID="r1l20"
                         BASELINE="1184"
                         HEIGHT="63"
                         WIDTH="826"
                         VPOS="1121"
                         HPOS="119">
                  <String HEIGHT="63" WIDTH="94" VPOS="1121" HPOS="103" CONTENT="in"/>
                  <SP HEIGHT="63" WIDTH="16" VPOS="1121" HPOS="197"/>
                  <String HEIGHT="63"
                          WIDTH="203"
                          VPOS="1121"
                          HPOS="150"
                          CONTENT="passione,"/>
                  <SP HEIGHT="63" WIDTH="16" VPOS="1121" HPOS="353"/>
                  <String HEIGHT="63"
                          WIDTH="218"
                          VPOS="1121"
                          HPOS="306"
                          CONTENT="resurrexit"/>
                  <SP HEIGHT="63" WIDTH="16" VPOS="1121" HPOS="524"/>
                  <String HEIGHT="63" WIDTH="94" VPOS="1121" HPOS="477" CONTENT="in"/>
                  <SP HEIGHT="63" WIDTH="16" VPOS="1121" HPOS="571"/>
                  <String HEIGHT="63"
                          WIDTH="281"
                          VPOS="1121"
                          HPOS="524"
                          CONTENT="resurrectione."/>
                  <SP HEIGHT="63" WIDTH="16" VPOS="1121" HPOS="805"/>
                  <String HEIGHT="63"
                          WIDTH="109"
                          VPOS="1121"
                          HPOS="758"
                          CONTENT="Tu,"/>
                  <SP HEIGHT="63" WIDTH="16" VPOS="1121" HPOS="867"/>
                  <String HEIGHT="63"
                          WIDTH="140"
                          VPOS="1121"
                          HPOS="805"
                          CONTENT="inquit,"/>
               </TextLine>
               <TextLine ID="r1l21"
                         BASELINE="1232"
                         HEIGHT="65"
                         WIDTH="828"
                         VPOS="1167"
                         HPOS="122">
                  <String HEIGHT="65"
                          WIDTH="114"
                          VPOS="1167"
                          HPOS="106"
                          CONTENT="hoc"/>
                  <SP HEIGHT="65" WIDTH="16" VPOS="1167" HPOS="219"/>
                  <String HEIGHT="65"
                          WIDTH="244"
                          VPOS="1167"
                          HPOS="171"
                          CONTENT="cognouisti,"/>
                  <SP HEIGHT="65" WIDTH="16" VPOS="1167" HPOS="414"/>
                  <String HEIGHT="65" WIDTH="97" VPOS="1167" HPOS="366" CONTENT="tu"/>
                  <SP HEIGHT="65" WIDTH="16" VPOS="1167" HPOS="463"/>
                  <String HEIGHT="65"
                          WIDTH="211"
                          VPOS="1167"
                          HPOS="414"
                          CONTENT="voluisti,"/>
                  <SP HEIGHT="65" WIDTH="16" VPOS="1167" HPOS="625"/>
                  <String HEIGHT="65" WIDTH="97" VPOS="1167" HPOS="577" CONTENT="tu"/>
                  <SP HEIGHT="65" WIDTH="16" VPOS="1167" HPOS="674"/>
                  <String HEIGHT="65"
                          WIDTH="227"
                          VPOS="1167"
                          HPOS="625"
                          CONTENT="approbasti"/>
                  <SP HEIGHT="65" WIDTH="16" VPOS="1167" HPOS="853"/>
                  <String HEIGHT="65"
                          WIDTH="162"
                          VPOS="1167"
                          HPOS="788"
                          CONTENT="secundum"/>
               </TextLine>
               <TextLine ID="r1l22"
                         BASELINE="1282"
                         HEIGHT="71"
                         WIDTH="819"
                         VPOS="1211"
                         HPOS="122">
                  <String HEIGHT="71"
                          WIDTH="255"
                          VPOS="1211"
                          HPOS="104"
                          CONTENT="voluntatem"/>
                  <SP HEIGHT="71" WIDTH="18" VPOS="1211" HPOS="359"/>
                  <String HEIGHT="71"
                          WIDTH="146"
                          VPOS="1211"
                          HPOS="304"
                          CONTENT="tuam"/>
                  <SP HEIGHT="71" WIDTH="18" VPOS="1211" HPOS="450"/>
                  <String HEIGHT="71"
                          WIDTH="182"
                          VPOS="1211"
                          HPOS="395"
                          CONTENT="factum"/>
                  <SP HEIGHT="71" WIDTH="18" VPOS="1211" HPOS="577"/>
                  <String HEIGHT="71"
                          WIDTH="146"
                          VPOS="1211"
                          HPOS="522"
                          CONTENT="est."/>
                  <SP HEIGHT="71" WIDTH="18" VPOS="1211" HPOS="668"/>
                  <String HEIGHT="71"
                          WIDTH="218"
                          VPOS="1211"
                          HPOS="613"
                          CONTENT="Hactenus"/>
                  <SP HEIGHT="71" WIDTH="18" VPOS="1211" HPOS="832"/>
                  <String HEIGHT="71"
                          WIDTH="182"
                          VPOS="1211"
                          HPOS="759"
                          CONTENT="Augusti"
                          SUBS_TYPE="HypPart1"
                          SUBS_CONTENT="Augustinus."/>
                  <HYP CONTENT="-"/>
               </TextLine>
               <TextLine ID="r1l23"
                         BASELINE="1318"
                         HEIGHT="62"
                         WIDTH="829"
                         VPOS="1256"
                         HPOS="122">
                  <String HEIGHT="62"
                          WIDTH="158"
                          VPOS="1256"
                          HPOS="102"
                          CONTENT="nus."
                          SUBS_TYPE="HypPart2"
                          SUBS_CONTENT="Augustinus."/>
                  <SP HEIGHT="62" WIDTH="20" VPOS="1256" HPOS="260"/>
                  <String HEIGHT="62" WIDTH="118" VPOS="1256" HPOS="201" CONTENT="in"/>
                  <SP HEIGHT="62" WIDTH="20" VPOS="1256" HPOS="319"/>
                  <String HEIGHT="62"
                          WIDTH="178"
                          VPOS="1256"
                          HPOS="260"
                          CONTENT="animo"/>
                  <SP HEIGHT="62" WIDTH="20" VPOS="1256" HPOS="438"/>
                  <String HEIGHT="62"
                          WIDTH="197"
                          VPOS="1256"
                          HPOS="379"
                          CONTENT="habens"/>
                  <SP HEIGHT="62" WIDTH="20" VPOS="1256" HPOS="576"/>
                  <String HEIGHT="62"
                          WIDTH="197"
                          VPOS="1256"
                          HPOS="517"
                          CONTENT="procul"/>
                  <SP HEIGHT="62" WIDTH="20" VPOS="1256" HPOS="714"/>
                  <String HEIGHT="62"
                          WIDTH="178"
                          VPOS="1256"
                          HPOS="655"
                          CONTENT="dubio"/>
                  <SP HEIGHT="62" WIDTH="20" VPOS="1256" HPOS="833"/>
                  <String HEIGHT="62"
                          WIDTH="178"
                          VPOS="1256"
                          HPOS="773"
                          CONTENT="locum"/>
                  <SP HEIGHT="62" WIDTH="20" VPOS="1256" HPOS="951"/>
                  <String HEIGHT="62" WIDTH="79" VPOS="1256" HPOS="872" CONTENT="ex"/>
               </TextLine>
               <TextLine ID="r1l24"
                         BASELINE="1378"
                         HEIGHT="58"
                         WIDTH="829"
                         VPOS="1320"
                         HPOS="124">
                  <String HEIGHT="58"
                          WIDTH="152"
                          VPOS="1320"
                          HPOS="107"
                          CONTENT="Actis"/>
                  <SP HEIGHT="58" WIDTH="17" VPOS="1320" HPOS="259"/>
                  <String HEIGHT="58" WIDTH="102" VPOS="1320" HPOS="209" CONTENT="4."/>
                  <SP HEIGHT="58" WIDTH="17" VPOS="1320" HPOS="310"/>
                  <String HEIGHT="58"
                          WIDTH="169"
                          VPOS="1320"
                          HPOS="259"
                          CONTENT="Versi."/>
                  <SP HEIGHT="58" WIDTH="17" VPOS="1320" HPOS="429"/>
                  <String HEIGHT="58"
                          WIDTH="118"
                          VPOS="1320"
                          HPOS="378"
                          CONTENT="28,"/>
                  <SP HEIGHT="58" WIDTH="17" VPOS="1320" HPOS="496"/>
                  <String HEIGHT="58" WIDTH="102" VPOS="1320" HPOS="445" CONTENT="Vt"/>
                  <SP HEIGHT="58" WIDTH="17" VPOS="1320" HPOS="547"/>
                  <String HEIGHT="58"
                          WIDTH="203"
                          VPOS="1320"
                          HPOS="496"
                          CONTENT="facerent"/>
                  <SP HEIGHT="58" WIDTH="17" VPOS="1320" HPOS="699"/>
                  <String HEIGHT="58"
                          WIDTH="169"
                          VPOS="1320"
                          HPOS="648"
                          CONTENT="Iudaei"/>
                  <SP HEIGHT="58" WIDTH="17" VPOS="1320" HPOS="818"/>
                  <String HEIGHT="58"
                          WIDTH="203"
                          VPOS="1320"
                          HPOS="750"
                          CONTENT="quaecunque"/>
               </TextLine>
               <TextLine ID="r1l25"
                         BASELINE="1412"
                         HEIGHT="44"
                         WIDTH="830"
                         VPOS="1368"
                         HPOS="121">
                  <String HEIGHT="44"
                          WIDTH="169"
                          VPOS="1368"
                          HPOS="104"
                          CONTENT="manus,"/>
                  <SP HEIGHT="44" WIDTH="17" VPOS="1368" HPOS="273"/>
                  <String HEIGHT="44"
                          WIDTH="136"
                          VPOS="1368"
                          HPOS="223"
                          CONTENT="tua,"/>
                  <SP HEIGHT="44" WIDTH="17" VPOS="1368" HPOS="358"/>
                  <String HEIGHT="44" WIDTH="85" VPOS="1368" HPOS="307" CONTENT="&amp;"/>
                  <SP HEIGHT="44" WIDTH="17" VPOS="1368" HPOS="392"/>
                  <String HEIGHT="44"
                          WIDTH="220"
                          VPOS="1368"
                          HPOS="341"
                          CONTENT="consilium"/>
                  <SP HEIGHT="44" WIDTH="17" VPOS="1368" HPOS="561"/>
                  <String HEIGHT="44"
                          WIDTH="136"
                          VPOS="1368"
                          HPOS="511"
                          CONTENT="tuum"/>
                  <SP HEIGHT="44" WIDTH="17" VPOS="1368" HPOS="646"/>
                  <String HEIGHT="44"
                          WIDTH="152"
                          VPOS="1368"
                          HPOS="595"
                          CONTENT="prius"/>
                  <SP HEIGHT="44" WIDTH="17" VPOS="1368" HPOS="748"/>
                  <String HEIGHT="44"
                          WIDTH="237"
                          VPOS="1368"
                          HPOS="697"
                          CONTENT="definierat"/>
                  <SP HEIGHT="44" WIDTH="17" VPOS="1368" HPOS="934"/>
                  <String HEIGHT="44"
                          WIDTH="85"
                          VPOS="1368"
                          HPOS="866"
                          CONTENT="fa"
                          SUBS_TYPE="HypPart1"
                          SUBS_CONTENT="facienda."/>
                  <HYP CONTENT="-"/>
               </TextLine>
               <TextLine ID="r1l26"
                         BASELINE="1474"
                         HEIGHT="64"
                         WIDTH="827"
                         VPOS="1410"
                         HPOS="118">
                  <String HEIGHT="64"
                          WIDTH="202"
                          VPOS="1410"
                          HPOS="100"
                          CONTENT="cienda."
                          SUBS_TYPE="HypPart2"
                          SUBS_CONTENT="facienda."/>
                  <SP HEIGHT="64" WIDTH="18" VPOS="1410" HPOS="302"/>
                  <String HEIGHT="64"
                          WIDTH="202"
                          VPOS="1410"
                          HPOS="247"
                          CONTENT="Hebraea"/>
                  <SP HEIGHT="64" WIDTH="18" VPOS="1410" HPOS="449"/>
                  <String HEIGHT="64"
                          WIDTH="147"
                          VPOS="1410"
                          HPOS="394"
                          CONTENT="vero"/>
                  <SP HEIGHT="64" WIDTH="18" VPOS="1410" HPOS="541"/>
                  <String HEIGHT="64"
                          WIDTH="129"
                          VPOS="1410"
                          HPOS="486"
                          CONTENT="sic"/>
                  <SP HEIGHT="64" WIDTH="18" VPOS="1410" HPOS="614"/>
                  <String HEIGHT="64" WIDTH="110" VPOS="1410" HPOS="559" CONTENT="ad"/>
                  <SP HEIGHT="64" WIDTH="18" VPOS="1410" HPOS="669"/>
                  <String HEIGHT="64"
                          WIDTH="184"
                          VPOS="1410"
                          HPOS="614"
                          CONTENT="verbum"/>
                  <SP HEIGHT="64" WIDTH="18" VPOS="1410" HPOS="798"/>
                  <String HEIGHT="64"
                          WIDTH="202"
                          VPOS="1410"
                          HPOS="743"
                          CONTENT="habent,"/>
                  <SP HEIGHT="64" WIDTH="18" VPOS="1410" HPOS="945"/>
                  <String HEIGHT="64" WIDTH="74" VPOS="1410" HPOS="871" CONTENT="Tu"/>
               </TextLine>
               <TextLine ID="r1l27"
                         BASELINE="1524"
                         HEIGHT="53"
                         WIDTH="831"
                         VPOS="1471"
                         HPOS="118">
                  <String HEIGHT="53"
                          WIDTH="220"
                          VPOS="1471"
                          HPOS="101"
                          CONTENT="cognoscis"/>
                  <SP HEIGHT="53" WIDTH="17" VPOS="1471" HPOS="322"/>
                  <String HEIGHT="53"
                          WIDTH="170"
                          VPOS="1471"
                          HPOS="271"
                          CONTENT="sedere"/>
                  <SP HEIGHT="53" WIDTH="17" VPOS="1471" HPOS="440"/>
                  <String HEIGHT="53"
                          WIDTH="136"
                          VPOS="1471"
                          HPOS="389"
                          CONTENT="meum"/>
                  <SP HEIGHT="53" WIDTH="17" VPOS="1471" HPOS="525"/>
                  <String HEIGHT="53" WIDTH="85" VPOS="1471" HPOS="474" CONTENT="&amp;"/>
                  <SP HEIGHT="53" WIDTH="17" VPOS="1471" HPOS="559"/>
                  <String HEIGHT="53"
                          WIDTH="187"
                          VPOS="1471"
                          HPOS="508"
                          CONTENT="surgere"/>
                  <SP HEIGHT="53" WIDTH="17" VPOS="1471" HPOS="695"/>
                  <String HEIGHT="53"
                          WIDTH="153"
                          VPOS="1471"
                          HPOS="644"
                          CONTENT="meum,"/>
                  <SP HEIGHT="53" WIDTH="17" VPOS="1471" HPOS="796"/>
                  <String HEIGHT="53"
                          WIDTH="237"
                          VPOS="1471"
                          HPOS="745"
                          CONTENT="intelligis"/>
                  <SP HEIGHT="53" WIDTH="17" VPOS="1471" HPOS="983"/>
                  <String HEIGHT="53" WIDTH="34" VPOS="1471" HPOS="915" CONTENT=""/>
               </TextLine>
               <TextLine ID="r1l28"
                         BASELINE="1567"
                         HEIGHT="56"
                         WIDTH="827"
                         VPOS="1511"
                         HPOS="118">
                  <String HEIGHT="56"
                          WIDTH="270"
                          VPOS="1511"
                          HPOS="101"
                          CONTENT="cogitationem"/>
                  <SP HEIGHT="56" WIDTH="17" VPOS="1511" HPOS="371"/>
                  <String HEIGHT="56"
                          WIDTH="135"
                          VPOS="1511"
                          HPOS="321"
                          CONTENT="meam"/>
                  <SP HEIGHT="56" WIDTH="17" VPOS="1511" HPOS="456"/>
                  <String HEIGHT="56" WIDTH="84" VPOS="1511" HPOS="405" CONTENT="e"/>
                  <SP HEIGHT="56" WIDTH="17" VPOS="1511" HPOS="489"/>
                  <String HEIGHT="56"
                          WIDTH="236"
                          VPOS="1511"
                          HPOS="439"
                          CONTENT="longinquo,"/>
                  <SP HEIGHT="56" WIDTH="17" VPOS="1511" HPOS="675"/>
                  <String HEIGHT="56" WIDTH="101" VPOS="1511" HPOS="624" CONTENT="id"/>
                  <SP HEIGHT="56" WIDTH="17" VPOS="1511" HPOS="726"/>
                  <String HEIGHT="56"
                          WIDTH="135"
                          VPOS="1511"
                          HPOS="675"
                          CONTENT="est,"/>
                  <SP HEIGHT="56" WIDTH="17" VPOS="1511" HPOS="810"/>
                  <String HEIGHT="56"
                          WIDTH="152"
                          VPOS="1511"
                          HPOS="759"
                          CONTENT="totus"/>
                  <SP HEIGHT="56" WIDTH="17" VPOS="1511" HPOS="911"/>
                  <String HEIGHT="56"
                          WIDTH="101"
                          VPOS="1511"
                          HPOS="844"
                          CONTENT="tibi"/>
               </TextLine>
               <TextLine ID="r1l29"
                         BASELINE="1625"
                         HEIGHT="76"
                         WIDTH="829"
                         VPOS="1549"
                         HPOS="113">
                  <String HEIGHT="76" WIDTH="123" VPOS="1549" HPOS="95" CONTENT="sum"/>
                  <SP HEIGHT="76" WIDTH="18" VPOS="1549" HPOS="219"/>
                  <String HEIGHT="76"
                          WIDTH="265"
                          VPOS="1549"
                          HPOS="166"
                          CONTENT="perspectus,"/>
                  <SP HEIGHT="76" WIDTH="18" VPOS="1549" HPOS="430"/>
                  <String HEIGHT="76"
                          WIDTH="141"
                          VPOS="1549"
                          HPOS="378"
                          CONTENT="siue"/>
                  <SP HEIGHT="76" WIDTH="18" VPOS="1549" HPOS="519"/>
                  <String HEIGHT="76"
                          WIDTH="194"
                          VPOS="1549"
                          HPOS="466"
                          CONTENT="sedeam,"/>
                  <SP HEIGHT="76" WIDTH="18" VPOS="1549" HPOS="660"/>
                  <String HEIGHT="76"
                          WIDTH="141"
                          VPOS="1549"
                          HPOS="607"
                          CONTENT="siue"/>
                  <SP HEIGHT="76" WIDTH="18" VPOS="1549" HPOS="748"/>
                  <String HEIGHT="76"
                          WIDTH="194"
                          VPOS="1549"
                          HPOS="695"
                          CONTENT="surgam:"/>
                  <SP HEIGHT="76" WIDTH="18" VPOS="1549" HPOS="889"/>
                  <String HEIGHT="76"
                          WIDTH="123"
                          VPOS="1549"
                          HPOS="819"
                          CONTENT="quic"
                          SUBS_TYPE="HypPart1"
                          SUBS_CONTENT="quicquid"/>
                  <HYP CONTENT="-"/>
               </TextLine>
               <TextLine ID="r1l30"
                         BASELINE="1667"
                         HEIGHT="58"
                         WIDTH="834"
                         VPOS="1609"
                         HPOS="112">
                  <String HEIGHT="58"
                          WIDTH="163"
                          VPOS="1609"
                          HPOS="92"
                          CONTENT="quid"
                          SUBS_TYPE="HypPart2"
                          SUBS_CONTENT="quicquid"/>
                  <SP HEIGHT="58" WIDTH="20" VPOS="1609" HPOS="254"/>
                  <String HEIGHT="58"
                          WIDTH="183"
                          VPOS="1609"
                          HPOS="193"
                          CONTENT="animo"/>
                  <SP HEIGHT="58" WIDTH="20" VPOS="1609" HPOS="376"/>
                  <String HEIGHT="58"
                          WIDTH="183"
                          VPOS="1609"
                          HPOS="315"
                          CONTENT="voluo"/>
                  <SP HEIGHT="58" WIDTH="20" VPOS="1609" HPOS="498"/>
                  <String HEIGHT="58" WIDTH="102" VPOS="1609" HPOS="437" CONTENT="&amp;"/>
                  <SP HEIGHT="58" WIDTH="20" VPOS="1609" HPOS="539"/>
                  <String HEIGHT="58"
                          WIDTH="224"
                          VPOS="1609"
                          HPOS="478"
                          CONTENT="cogito,"/>
                  <SP HEIGHT="58" WIDTH="20" VPOS="1609" HPOS="702"/>
                  <String HEIGHT="58"
                          WIDTH="264"
                          VPOS="1609"
                          HPOS="641"
                          CONTENT="iampridem"/>
                  <SP HEIGHT="58" WIDTH="20" VPOS="1609" HPOS="905"/>
                  <String HEIGHT="58"
                          WIDTH="122"
                          VPOS="1609"
                          HPOS="824"
                          CONTENT="tibi"/>
               </TextLine>
               <TextLine ID="r1l31"
                         BASELINE="1728"
                         HEIGHT="71"
                         WIDTH="833"
                         VPOS="1657"
                         HPOS="118">
                  <String HEIGHT="71"
                          WIDTH="174"
                          VPOS="1657"
                          HPOS="99"
                          CONTENT="notum"/>
                  <SP HEIGHT="71" WIDTH="19" VPOS="1657" HPOS="273"/>
                  <String HEIGHT="71"
                          WIDTH="155"
                          VPOS="1657"
                          HPOS="215"
                          CONTENT="est."/>
                  <SP HEIGHT="71" WIDTH="19" VPOS="1657" HPOS="370"/>
                  <String HEIGHT="71"
                          WIDTH="155"
                          VPOS="1657"
                          HPOS="312"
                          CONTENT="Ergo"/>
                  <SP HEIGHT="71" WIDTH="19" VPOS="1657" HPOS="467"/>
                  <String HEIGHT="71" WIDTH="116" VPOS="1657" HPOS="409" CONTENT="de"/>
                  <SP HEIGHT="71" WIDTH="19" VPOS="1657" HPOS="525"/>
                  <String HEIGHT="71"
                          WIDTH="136"
                          VPOS="1657"
                          HPOS="467"
                          CONTENT="Dei"/>
                  <SP HEIGHT="71" WIDTH="19" VPOS="1657" HPOS="602"/>
                  <String HEIGHT="71"
                          WIDTH="291"
                          VPOS="1657"
                          HPOS="544"
                          CONTENT="prouidentia"/>
                  <SP HEIGHT="71" WIDTH="19" VPOS="1657" HPOS="835"/>
                  <String HEIGHT="71"
                          WIDTH="194"
                          VPOS="1657"
                          HPOS="757"
                          CONTENT="loquitur"/>
               </TextLine>
            </TextBlock>
         </PrintSpace>
      </Page>
   </Layout>
</alto>
