<?xml version="1.0" encoding="UTF-8"?>
<alto xmlns:xsi="http://www.w3.org/2001/XMLSchema-instance"
      xmlns="http://www.loc.gov/standards/alto/ns-v2#"
      xmlns:page="http://schema.primaresearch.org/PAGE/gts/pagecontent/2013-07-15"
      xsi:schemaLocation="http://www.loc.gov/standards/alto/ns-v2# http://www.loc.gov/standards/alto/alto.xsd">
   <Description>
      <MeasurementUnit>pixel</MeasurementUnit>
      <OCRProcessing ID="IdOcr">
         <ocrProcessingStep>
            <processingDateTime>2021-02-10T14:41:39.449-05:00</processingDateTime>
            <processingSoftware>
               <softwareCreator>READ COOP</softwareCreator>
               <softwareName>Transkribus</softwareName>
            </processingSoftware>
         </ocrProcessingStep>
      </OCRProcessing>
   </Description>
   <Tags/>
   <Layout>
      <Page ID="Page1" PHYSICAL_IMG_NR="1" HEIGHT="2035" WIDTH="1239">
         <TopMargin HEIGHT="0" WIDTH="1239" VPOS="0" HPOS="0"/>
         <LeftMargin HEIGHT="2035" WIDTH="0" VPOS="0" HPOS="0"/>
         <RightMargin HEIGHT="2035" WIDTH="0" VPOS="0" HPOS="1239"/>
         <BottomMargin HEIGHT="0" WIDTH="1239" VPOS="2035" HPOS="0"/>
         <PrintSpace HEIGHT="2035" WIDTH="1239" VPOS="0" HPOS="0">
            <TextBlock ID="r1" HEIGHT="1758" WIDTH="853" VPOS="82" HPOS="99">
               <Shape>
                  <Polygon POINTS="99,82 99,1840 952,1840 952,82"/>
               </Shape>
               <TextLine ID="r1l3"
                         BASELINE="199"
                         HEIGHT="87"
                         WIDTH="837"
                         VPOS="112"
                         HPOS="121">
                  <String HEIGHT="87"
                          WIDTH="140"
                          VPOS="112"
                          HPOS="104"
                          CONTENT="quae"/>
                  <SP HEIGHT="87" WIDTH="17" VPOS="112" HPOS="243"/>
                  <String HEIGHT="87"
                          WIDTH="244"
                          VPOS="112"
                          HPOS="191"
                          CONTENT="sequuntur,"/>
                  <SP HEIGHT="87" WIDTH="17" VPOS="112" HPOS="435"/>
                  <String HEIGHT="87" WIDTH="122" VPOS="112" HPOS="383" CONTENT="Ita"/>
                  <SP HEIGHT="87" WIDTH="17" VPOS="112" HPOS="505"/>
                  <String HEIGHT="87" WIDTH="87" VPOS="112" HPOS="452" CONTENT="&amp;"/>
                  <SP HEIGHT="87" WIDTH="17" VPOS="112" HPOS="540"/>
                  <String HEIGHT="87" WIDTH="105" VPOS="112" HPOS="487" CONTENT="in"/>
                  <SP HEIGHT="87" WIDTH="17" VPOS="112" HPOS="592"/>
                  <String HEIGHT="87"
                          WIDTH="209"
                          VPOS="112"
                          HPOS="540"
                          CONTENT="Passione"/>
                  <SP HEIGHT="87" WIDTH="17" VPOS="112" HPOS="749"/>
                  <String HEIGHT="87" WIDTH="87" VPOS="112" HPOS="696" CONTENT="&amp;"/>
                  <SP HEIGHT="87" WIDTH="17" VPOS="112" HPOS="784"/>
                  <String HEIGHT="87" WIDTH="105" VPOS="112" HPOS="731" CONTENT="c."/>
                  <SP HEIGHT="87" WIDTH="17" VPOS="112" HPOS="836"/>
                  <String HEIGHT="87"
                          WIDTH="140"
                          VPOS="112"
                          HPOS="784"
                          CONTENT="sunt"/>
                  <SP HEIGHT="87" WIDTH="17" VPOS="112" HPOS="923"/>
                  <String HEIGHT="87"
                          WIDTH="105"
                          VPOS="112"
                          HPOS="853"
                          CONTENT="Lon"
                          SUBS_TYPE="HypPart1"
                          SUBS_CONTENT="Lonbardi,"/>
                  <HYP CONTENT="-"/>
               </TextLine>
               <TextLine ID="r1l4"
                         BASELINE="259"
                         HEIGHT="79"
                         WIDTH="415"
                         VPOS="180"
                         HPOS="114">
                  <String HEIGHT="79"
                          WIDTH="198"
                          VPOS="180"
                          HPOS="94"
                          CONTENT="bardi,"
                          SUBS_TYPE="HypPart2"
                          SUBS_CONTENT="Lonbardi,"/>
                  <SP HEIGHT="79" WIDTH="20" VPOS="180" HPOS="292"/>
                  <String HEIGHT="79" WIDTH="138" VPOS="180" HPOS="233" CONTENT="non"/>
                  <SP HEIGHT="79" WIDTH="20" VPOS="180" HPOS="371"/>
                  <String HEIGHT="79"
                          WIDTH="237"
                          VPOS="180"
                          HPOS="292"
                          CONTENT="Augustini."/>
               </TextLine>
               <TextLine ID="r1l5"
                         BASELINE="346"
                         HEIGHT="67"
                         WIDTH="162"
                         VPOS="279"
                         HPOS="451">
                  <String HEIGHT="67"
                          WIDTH="203"
                          VPOS="279"
                          HPOS="411"
                          CONTENT="Censura."/>
               </TextLine>
               <TextLine ID="r1l6"
                         BASELINE="438"
                         HEIGHT="78"
                         WIDTH="781"
                         VPOS="360"
                         HPOS="165">
                  <String HEIGHT="78"
                          WIDTH="174"
                          VPOS="360"
                          HPOS="148"
                          CONTENT="Primum"/>
                  <SP HEIGHT="78" WIDTH="17" VPOS="360" HPOS="321"/>
                  <String HEIGHT="78" WIDTH="104" VPOS="360" HPOS="269" CONTENT="in"/>
                  <SP HEIGHT="78" WIDTH="17" VPOS="360" HPOS="373"/>
                  <String HEIGHT="78" WIDTH="121" VPOS="360" HPOS="321" CONTENT="hac"/>
                  <SP HEIGHT="78" WIDTH="17" VPOS="360" HPOS="443"/>
                  <String HEIGHT="78"
                          WIDTH="278"
                          VPOS="360"
                          HPOS="391"
                          CONTENT="distinctione"/>
                  <SP HEIGHT="78" WIDTH="17" VPOS="360" HPOS="668"/>
                  <String HEIGHT="78"
                          WIDTH="174"
                          VPOS="360"
                          HPOS="616"
                          CONTENT="vitium"/>
                  <SP HEIGHT="78" WIDTH="17" VPOS="360" HPOS="790"/>
                  <String HEIGHT="78"
                          WIDTH="156"
                          VPOS="360"
                          HPOS="738"
                          CONTENT="illud"/>
                  <SP HEIGHT="78" WIDTH="17" VPOS="360" HPOS="894"/>
                  <String HEIGHT="78"
                          WIDTH="139"
                          VPOS="360"
                          HPOS="842"
                          CONTENT="est,"/>
                  <SP HEIGHT="78" WIDTH="17" VPOS="360" HPOS="981"/>
                  <String HEIGHT="78" WIDTH="35" VPOS="360" HPOS="911" CONTENT=""/>
               </TextLine>
               <TextLine ID="r1l7"
                         BASELINE="496"
                         HEIGHT="66"
                         WIDTH="834"
                         VPOS="430"
                         HPOS="118">
                  <String HEIGHT="66"
                          WIDTH="142"
                          VPOS="430"
                          HPOS="100"
                          CONTENT="quod"/>
                  <SP HEIGHT="66" WIDTH="18" VPOS="430" HPOS="242"/>
                  <String HEIGHT="66" WIDTH="106" VPOS="430" HPOS="189" CONTENT="in"/>
                  <SP HEIGHT="66" WIDTH="18" VPOS="430" HPOS="295"/>
                  <String HEIGHT="66" WIDTH="124" VPOS="430" HPOS="242" CONTENT="tam"/>
                  <SP HEIGHT="66" WIDTH="18" VPOS="430" HPOS="366"/>
                  <String HEIGHT="66"
                          WIDTH="248"
                          VPOS="430"
                          HPOS="313"
                          CONTENT="difficili,"/>
                  <SP HEIGHT="66" WIDTH="18" VPOS="430" HPOS="562"/>
                  <String HEIGHT="66"
                          WIDTH="231"
                          VPOS="430"
                          HPOS="508"
                          CONTENT="perplexo,"/>
                  <SP HEIGHT="66" WIDTH="18" VPOS="430" HPOS="739"/>
                  <String HEIGHT="66" WIDTH="89" VPOS="430" HPOS="686" CONTENT="&amp;"/>
                  <SP HEIGHT="66" WIDTH="18" VPOS="430" HPOS="775"/>
                  <String HEIGHT="66"
                          WIDTH="213"
                          VPOS="430"
                          HPOS="721"
                          CONTENT="paradoxo"/>
                  <SP HEIGHT="66" WIDTH="18" VPOS="430" HPOS="934"/>
                  <String HEIGHT="66" WIDTH="89" VPOS="430" HPOS="863" CONTENT="tra"/>
               </TextLine>
               <TextLine ID="r1l8"
                         BASELINE="536"
                         HEIGHT="55"
                         WIDTH="831"
                         VPOS="481"
                         HPOS="119">
                  <String HEIGHT="55"
                          WIDTH="199"
                          VPOS="481"
                          HPOS="101"
                          CONTENT="ctatum,"/>
                  <SP HEIGHT="55" WIDTH="18" VPOS="481" HPOS="300"/>
                  <String HEIGHT="55"
                          WIDTH="289"
                          VPOS="481"
                          HPOS="245"
                          CONTENT="pulcherrimum"/>
                  <SP HEIGHT="55" WIDTH="18" VPOS="481" HPOS="534"/>
                  <String HEIGHT="55"
                          WIDTH="163"
                          VPOS="481"
                          HPOS="480"
                          CONTENT="illum"/>
                  <SP HEIGHT="55" WIDTH="18" VPOS="481" HPOS="643"/>
                  <String HEIGHT="55" WIDTH="108" VPOS="481" HPOS="589" CONTENT="S."/>
                  <SP HEIGHT="55" WIDTH="18" VPOS="481" HPOS="697"/>
                  <String HEIGHT="55"
                          WIDTH="253"
                          VPOS="481"
                          HPOS="643"
                          CONTENT="Scripturae"/>
                  <SP HEIGHT="55" WIDTH="18" VPOS="481" HPOS="896"/>
                  <String HEIGHT="55"
                          WIDTH="126"
                          VPOS="481"
                          HPOS="824"
                          CONTENT="locum"/>
               </TextLine>
               <TextLine ID="r1l9"
                         BASELINE="586"
                         HEIGHT="60"
                         WIDTH="830"
                         VPOS="526"
                         HPOS="120">
                  <String HEIGHT="60" WIDTH="102" VPOS="526" HPOS="103" CONTENT="ex"/>
                  <SP HEIGHT="60" WIDTH="17" VPOS="526" HPOS="205"/>
                  <String HEIGHT="60"
                          WIDTH="136"
                          VPOS="526"
                          HPOS="154"
                          CONTENT="Act."/>
                  <SP HEIGHT="60" WIDTH="17" VPOS="526" HPOS="289"/>
                  <String HEIGHT="60"
                          WIDTH="136"
                          VPOS="526"
                          HPOS="239"
                          CONTENT="cap."/>
                  <SP HEIGHT="60" WIDTH="17" VPOS="526" HPOS="374"/>
                  <String HEIGHT="60" WIDTH="102" VPOS="526" HPOS="323" CONTENT="4."/>
                  <SP HEIGHT="60" WIDTH="17" VPOS="526" HPOS="425"/>
                  <String HEIGHT="60"
                          WIDTH="152"
                          VPOS="526"
                          HPOS="374"
                          CONTENT="Vers."/>
                  <SP HEIGHT="60" WIDTH="17" VPOS="526" HPOS="527"/>
                  <String HEIGHT="60" WIDTH="119" VPOS="526" HPOS="476" CONTENT="29."/>
                  <SP HEIGHT="60" WIDTH="17" VPOS="526" HPOS="594"/>
                  <String HEIGHT="60" WIDTH="85" VPOS="526" HPOS="543" CONTENT="&amp;"/>
                  <SP HEIGHT="60" WIDTH="17" VPOS="526" HPOS="628"/>
                  <String HEIGHT="60" WIDTH="119" VPOS="526" HPOS="577" CONTENT="28."/>
                  <SP HEIGHT="60" WIDTH="17" VPOS="526" HPOS="696"/>
                  <String HEIGHT="60"
                          WIDTH="288"
                          VPOS="526"
                          HPOS="645"
                          CONTENT="praetermisit,"/>
                  <SP HEIGHT="60" WIDTH="17" VPOS="526" HPOS="933"/>
                  <String HEIGHT="60" WIDTH="85" VPOS="526" HPOS="865" CONTENT="qui"/>
               </TextLine>
               <TextLine ID="r1l10"
                         BASELINE="623"
                         HEIGHT="51"
                         WIDTH="828"
                         VPOS="572"
                         HPOS="116">
                  <String HEIGHT="51"
                          WIDTH="182"
                          VPOS="572"
                          HPOS="96"
                          CONTENT="totum"/>
                  <SP HEIGHT="51" WIDTH="20" VPOS="572" HPOS="278"/>
                  <String HEIGHT="51"
                          WIDTH="162"
                          VPOS="572"
                          HPOS="217"
                          CONTENT="hunc"/>
                  <SP HEIGHT="51" WIDTH="20" VPOS="572" HPOS="379"/>
                  <String HEIGHT="51"
                          WIDTH="182"
                          VPOS="572"
                          HPOS="318"
                          CONTENT="locum"/>
                  <SP HEIGHT="51" WIDTH="20" VPOS="572" HPOS="500"/>
                  <String HEIGHT="51"
                          WIDTH="283"
                          VPOS="572"
                          HPOS="439"
                          CONTENT="illustrare"/>
                  <SP HEIGHT="51" WIDTH="20" VPOS="572" HPOS="722"/>
                  <String HEIGHT="51" WIDTH="121" VPOS="572" HPOS="661" CONTENT="ac"/>
                  <SP HEIGHT="51" WIDTH="20" VPOS="572" HPOS="782"/>
                  <String HEIGHT="51"
                          WIDTH="242"
                          VPOS="572"
                          HPOS="702"
                          CONTENT="confirmare"/>
               </TextLine>
               <TextLine ID="r1l11"
                         BASELINE="683"
                         HEIGHT="63"
                         WIDTH="826"
                         VPOS="620"
                         HPOS="118">
                  <String HEIGHT="63"
                          WIDTH="189"
                          VPOS="620"
                          HPOS="101"
                          CONTENT="potuit."/>
                  <SP HEIGHT="63" WIDTH="17" VPOS="620" HPOS="290"/>
                  <String HEIGHT="63" WIDTH="120" VPOS="620" HPOS="238" CONTENT="Sic"/>
                  <SP HEIGHT="63" WIDTH="17" VPOS="620" HPOS="359"/>
                  <String HEIGHT="63"
                          WIDTH="155"
                          VPOS="620"
                          HPOS="307"
                          CONTENT="autem"/>
                  <SP HEIGHT="63" WIDTH="17" VPOS="620" HPOS="462"/>
                  <String HEIGHT="63"
                          WIDTH="172"
                          VPOS="620"
                          HPOS="411"
                          CONTENT="habet,"/>
                  <SP HEIGHT="63" WIDTH="17" VPOS="620" HPOS="583"/>
                  <String HEIGHT="63"
                          WIDTH="172"
                          VPOS="620"
                          HPOS="531"
                          CONTENT="Coacti"/>
                  <SP HEIGHT="63" WIDTH="17" VPOS="620" HPOS="703"/>
                  <String HEIGHT="63"
                          WIDTH="138"
                          VPOS="620"
                          HPOS="651"
                          CONTENT="sunt"/>
                  <SP HEIGHT="63" WIDTH="17" VPOS="620" HPOS="789"/>
                  <String HEIGHT="63"
                          WIDTH="138"
                          VPOS="620"
                          HPOS="738"
                          CONTENT="vere"/>
                  <SP HEIGHT="63" WIDTH="17" VPOS="620" HPOS="875"/>
                  <String HEIGHT="63"
                          WIDTH="138"
                          VPOS="620"
                          HPOS="806"
                          CONTENT="aduer"
                          SUBS_TYPE="HypPart1"
                          SUBS_CONTENT="aduersus"/>
                  <HYP CONTENT="-"/>
               </TextLine>
               <TextLine ID="r1l12"
                         BASELINE="724"
                         HEIGHT="61"
                         WIDTH="813"
                         VPOS="663"
                         HPOS="113">
                  <String HEIGHT="61"
                          WIDTH="121"
                          VPOS="663"
                          HPOS="96"
                          CONTENT="sus"
                          SUBS_TYPE="HypPart2"
                          SUBS_CONTENT="aduersus"/>
                  <SP HEIGHT="61" WIDTH="17" VPOS="663" HPOS="217"/>
                  <String HEIGHT="61"
                          WIDTH="190"
                          VPOS="663"
                          HPOS="165"
                          CONTENT="sanctum"/>
                  <SP HEIGHT="61" WIDTH="17" VPOS="663" HPOS="355"/>
                  <String HEIGHT="61"
                          WIDTH="173"
                          VPOS="663"
                          HPOS="303"
                          CONTENT="Filium"/>
                  <SP HEIGHT="61" WIDTH="17" VPOS="663" HPOS="476"/>
                  <String HEIGHT="61"
                          WIDTH="138"
                          VPOS="663"
                          HPOS="424"
                          CONTENT="tuum"/>
                  <SP HEIGHT="61" WIDTH="17" VPOS="663" HPOS="563"/>
                  <String HEIGHT="61"
                          WIDTH="173"
                          VPOS="663"
                          HPOS="511"
                          CONTENT="lesum,"/>
                  <SP HEIGHT="61" WIDTH="17" VPOS="663" HPOS="684"/>
                  <String HEIGHT="61"
                          WIDTH="138"
                          VPOS="663"
                          HPOS="632"
                          CONTENT="quem"/>
                  <SP HEIGHT="61" WIDTH="17" VPOS="663" HPOS="770"/>
                  <String HEIGHT="61"
                          WIDTH="208"
                          VPOS="663"
                          HPOS="718"
                          CONTENT="vnxisti,"/>
                  <SP HEIGHT="61" WIDTH="17" VPOS="663" HPOS="926"/>
                  <String HEIGHT="61" WIDTH="69" VPOS="663" HPOS="857" CONTENT="He"/>
               </TextLine>
               <TextLine ID="r1l13"
                         BASELINE="784"
                         HEIGHT="64"
                         WIDTH="830"
                         VPOS="720"
                         HPOS="115">
                  <String HEIGHT="64"
                          WIDTH="162"
                          VPOS="720"
                          HPOS="97"
                          CONTENT="rodes"/>
                  <SP HEIGHT="64" WIDTH="18" VPOS="720" HPOS="259"/>
                  <String HEIGHT="64" WIDTH="90" VPOS="720" HPOS="205" CONTENT="&amp;"/>
                  <SP HEIGHT="64" WIDTH="18" VPOS="720" HPOS="295"/>
                  <String HEIGHT="64"
                          WIDTH="198"
                          VPOS="720"
                          HPOS="241"
                          CONTENT="Pontius"/>
                  <SP HEIGHT="64" WIDTH="18" VPOS="720" HPOS="440"/>
                  <String HEIGHT="64"
                          WIDTH="198"
                          VPOS="720"
                          HPOS="386"
                          CONTENT="Pilatus"/>
                  <SP HEIGHT="64" WIDTH="18" VPOS="720" HPOS="584"/>
                  <String HEIGHT="64" WIDTH="126" VPOS="720" HPOS="530" CONTENT="cum"/>
                  <SP HEIGHT="64" WIDTH="18" VPOS="720" HPOS="656"/>
                  <String HEIGHT="64"
                          WIDTH="217"
                          VPOS="720"
                          HPOS="602"
                          CONTENT="gentibus"/>
                  <SP HEIGHT="64" WIDTH="18" VPOS="720" HPOS="819"/>
                  <String HEIGHT="64" WIDTH="90" VPOS="720" HPOS="765" CONTENT="&amp;"/>
                  <SP HEIGHT="64" WIDTH="18" VPOS="720" HPOS="855"/>
                  <String HEIGHT="64"
                          WIDTH="162"
                          VPOS="720"
                          HPOS="783"
                          CONTENT="populis"/>
               </TextLine>
               <TextLine ID="r1l14"
                         BASELINE="815"
                         HEIGHT="48"
                         WIDTH="827"
                         VPOS="767"
                         HPOS="111">
                  <String HEIGHT="48"
                          WIDTH="182"
                          VPOS="767"
                          HPOS="94"
                          CONTENT="lsrael:"/>
                  <SP HEIGHT="48" WIDTH="17" VPOS="767" HPOS="276"/>
                  <String HEIGHT="48" WIDTH="99" VPOS="767" HPOS="227" CONTENT="vt"/>
                  <SP HEIGHT="48" WIDTH="17" VPOS="767" HPOS="326"/>
                  <String HEIGHT="48"
                          WIDTH="198"
                          VPOS="767"
                          HPOS="276"
                          CONTENT="facerent"/>
                  <SP HEIGHT="48" WIDTH="17" VPOS="767" HPOS="475"/>
                  <String HEIGHT="48"
                          WIDTH="232"
                          VPOS="767"
                          HPOS="425"
                          CONTENT="quaecunque"/>
                  <SP HEIGHT="48" WIDTH="17" VPOS="767" HPOS="657"/>
                  <String HEIGHT="48"
                          WIDTH="149"
                          VPOS="767"
                          HPOS="607"
                          CONTENT="manus"/>
                  <SP HEIGHT="48" WIDTH="17" VPOS="767" HPOS="756"/>
                  <String HEIGHT="48"
                          WIDTH="132"
                          VPOS="767"
                          HPOS="706"
                          CONTENT="tua,"/>
                  <SP HEIGHT="48" WIDTH="17" VPOS="767" HPOS="839"/>
                  <String HEIGHT="48" WIDTH="83" VPOS="767" HPOS="789" CONTENT="&amp;"/>
                  <SP HEIGHT="48" WIDTH="17" VPOS="767" HPOS="872"/>
                  <String HEIGHT="48"
                          WIDTH="132"
                          VPOS="767"
                          HPOS="806"
                          CONTENT="consi"
                          SUBS_TYPE="HypPart1"
                          SUBS_CONTENT="consilium"/>
                  <HYP CONTENT="-"/>
               </TextLine>
               <TextLine ID="r1l15"
                         BASELINE="865"
                         HEIGHT="50"
                         WIDTH="838"
                         VPOS="815"
                         HPOS="110">
                  <String HEIGHT="50"
                          WIDTH="140"
                          VPOS="815"
                          HPOS="93"
                          CONTENT="lium"
                          SUBS_TYPE="HypPart2"
                          SUBS_CONTENT="consilium"/>
                  <SP HEIGHT="50" WIDTH="17" VPOS="815" HPOS="232"/>
                  <String HEIGHT="50"
                          WIDTH="140"
                          VPOS="815"
                          HPOS="180"
                          CONTENT="tuum"/>
                  <SP HEIGHT="50" WIDTH="17" VPOS="815" HPOS="320"/>
                  <String HEIGHT="50"
                          WIDTH="157"
                          VPOS="815"
                          HPOS="267"
                          CONTENT="prius"/>
                  <SP HEIGHT="50" WIDTH="17" VPOS="815" HPOS="424"/>
                  <String HEIGHT="50"
                          WIDTH="402"
                          VPOS="815"
                          HPOS="372"
                          CONTENT="definteratfacienda."/>
                  <SP HEIGHT="50" WIDTH="17" VPOS="815" HPOS="773"/>
                  <String HEIGHT="50"
                          WIDTH="140"
                          VPOS="815"
                          HPOS="721"
                          CONTENT="Item"/>
                  <SP HEIGHT="50" WIDTH="17" VPOS="815" HPOS="861"/>
                  <String HEIGHT="50" WIDTH="105" VPOS="815" HPOS="808" CONTENT="ex"/>
                  <SP HEIGHT="50" WIDTH="17" VPOS="815" HPOS="913"/>
                  <String HEIGHT="50"
                          WIDTH="105"
                          VPOS="815"
                          HPOS="843"
                          CONTENT="lobi"/>
               </TextLine>
               <TextLine ID="r1l16"
                         BASELINE="919"
                         HEIGHT="56"
                         WIDTH="824"
                         VPOS="863"
                         HPOS="116">
                  <String HEIGHT="56" WIDTH="143" VPOS="863" HPOS="98" CONTENT="cap."/>
                  <SP HEIGHT="56" WIDTH="18" VPOS="863" HPOS="241"/>
                  <String HEIGHT="56" WIDTH="107" VPOS="863" HPOS="188" CONTENT="I."/>
                  <SP HEIGHT="56" WIDTH="18" VPOS="863" HPOS="295"/>
                  <String HEIGHT="56"
                          WIDTH="143"
                          VPOS="863"
                          HPOS="241"
                          CONTENT="fuit"/>
                  <SP HEIGHT="56" WIDTH="18" VPOS="863" HPOS="385"/>
                  <String HEIGHT="56"
                          WIDTH="251"
                          VPOS="863"
                          HPOS="331"
                          CONTENT="probandum."/>
                  <SP HEIGHT="56" WIDTH="18" VPOS="863" HPOS="582"/>
                  <String HEIGHT="56"
                          WIDTH="179"
                          VPOS="863"
                          HPOS="528"
                          CONTENT="Sathan"/>
                  <SP HEIGHT="56" WIDTH="18" VPOS="863" HPOS="707"/>
                  <String HEIGHT="56"
                          WIDTH="143"
                          VPOS="863"
                          HPOS="653"
                          CONTENT="enim"/>
                  <SP HEIGHT="56" WIDTH="18" VPOS="863" HPOS="797"/>
                  <String HEIGHT="56" WIDTH="90" VPOS="863" HPOS="743" CONTENT="&amp;"/>
                  <SP HEIGHT="56" WIDTH="18" VPOS="863" HPOS="833"/>
                  <String HEIGHT="56"
                          WIDTH="179"
                          VPOS="863"
                          HPOS="761"
                          CONTENT="Chaldaei"/>
               </TextLine>
               <TextLine ID="r1l17"
                         BASELINE="967"
                         HEIGHT="54"
                         WIDTH="831"
                         VPOS="913"
                         HPOS="108">
                  <String HEIGHT="54"
                          WIDTH="212"
                          VPOS="913"
                          HPOS="90"
                          CONTENT="faciunt,"/>
                  <SP HEIGHT="54" WIDTH="18" VPOS="913" HPOS="302"/>
                  <String HEIGHT="54"
                          WIDTH="212"
                          VPOS="913"
                          HPOS="249"
                          CONTENT="idipsum,"/>
                  <SP HEIGHT="54" WIDTH="18" VPOS="913" HPOS="462"/>
                  <String HEIGHT="54"
                          WIDTH="141"
                          VPOS="913"
                          HPOS="409"
                          CONTENT="quod"/>
                  <SP HEIGHT="54" WIDTH="18" VPOS="913" HPOS="550"/>
                  <String HEIGHT="54"
                          WIDTH="141"
                          VPOS="913"
                          HPOS="497"
                          CONTENT="Deus"/>
                  <SP HEIGHT="54" WIDTH="18" VPOS="913" HPOS="638"/>
                  <String HEIGHT="54"
                          WIDTH="159"
                          VPOS="913"
                          HPOS="585"
                          CONTENT="fieri"/>
                  <SP HEIGHT="54" WIDTH="18" VPOS="913" HPOS="745"/>
                  <String HEIGHT="54"
                          WIDTH="159"
                          VPOS="913"
                          HPOS="691"
                          CONTENT="vult:"/>
                  <SP HEIGHT="54" WIDTH="18" VPOS="913" HPOS="851"/>
                  <String HEIGHT="54" WIDTH="124" VPOS="913" HPOS="798" CONTENT="non"/>
                  <SP HEIGHT="54" WIDTH="18" VPOS="913" HPOS="921"/>
                  <String HEIGHT="54"
                          WIDTH="88"
                          VPOS="913"
                          HPOS="851"
                          CONTENT="ta"
                          SUBS_TYPE="HypPart1"
                          SUBS_CONTENT="tamen"/>
                  <HYP CONTENT="-"/>
               </TextLine>
               <TextLine ID="r1l18"
                         BASELINE="1012"
                         HEIGHT="54"
                         WIDTH="829"
                         VPOS="958"
                         HPOS="114">
                  <String HEIGHT="54"
                          WIDTH="129"
                          VPOS="958"
                          HPOS="96"
                          CONTENT="men"
                          SUBS_TYPE="HypPart2"
                          SUBS_CONTENT="tamen"/>
                  <SP HEIGHT="54" WIDTH="18" VPOS="958" HPOS="225"/>
                  <String HEIGHT="54"
                          WIDTH="239"
                          VPOS="958"
                          HPOS="169"
                          CONTENT="propterea"/>
                  <SP HEIGHT="54" WIDTH="18" VPOS="958" HPOS="409"/>
                  <String HEIGHT="54"
                          WIDTH="147"
                          VPOS="958"
                          HPOS="353"
                          CONTENT="bene"/>
                  <SP HEIGHT="54" WIDTH="18" VPOS="958" HPOS="501"/>
                  <String HEIGHT="54"
                          WIDTH="184"
                          VPOS="958"
                          HPOS="446"
                          CONTENT="agunt,"/>
                  <SP HEIGHT="54" WIDTH="18" VPOS="958" HPOS="630"/>
                  <String HEIGHT="54" WIDTH="129" VPOS="958" HPOS="575" CONTENT="nec"/>
                  <SP HEIGHT="54" WIDTH="18" VPOS="958" HPOS="704"/>
                  <String HEIGHT="54" WIDTH="111" VPOS="958" HPOS="648" CONTENT="vt"/>
                  <SP HEIGHT="54" WIDTH="18" VPOS="958" HPOS="759"/>
                  <String HEIGHT="54" WIDTH="129" VPOS="958" HPOS="704" CONTENT="Deo"/>
                  <SP HEIGHT="54" WIDTH="18" VPOS="958" HPOS="832"/>
                  <String HEIGHT="54"
                          WIDTH="184"
                          VPOS="958"
                          HPOS="759"
                          CONTENT="pareant:"/>
               </TextLine>
               <TextLine ID="r1l19"
                         BASELINE="1079"
                         HEIGHT="69"
                         WIDTH="833"
                         VPOS="1010"
                         HPOS="110">
                  <String HEIGHT="69"
                          WIDTH="227"
                          VPOS="1010"
                          HPOS="91"
                          CONTENT="eorumque"/>
                  <SP HEIGHT="69" WIDTH="19" VPOS="1010" HPOS="318"/>
                  <String HEIGHT="69"
                          WIDTH="246"
                          VPOS="1010"
                          HPOS="261"
                          CONTENT="propterea"/>
                  <SP HEIGHT="69" WIDTH="19" VPOS="1010" HPOS="508"/>
                  <String HEIGHT="69"
                          WIDTH="133"
                          VPOS="1010"
                          HPOS="451"
                          CONTENT="est"/>
                  <SP HEIGHT="69" WIDTH="19" VPOS="1010" HPOS="583"/>
                  <String HEIGHT="69"
                          WIDTH="208"
                          VPOS="1010"
                          HPOS="527"
                          CONTENT="Iniusta"/>
                  <SP HEIGHT="69" WIDTH="19" VPOS="1010" HPOS="735"/>
                  <String HEIGHT="69"
                          WIDTH="246"
                          VPOS="1010"
                          HPOS="678"
                          CONTENT="voluntas:"/>
                  <SP HEIGHT="69" WIDTH="19" VPOS="1010" HPOS="924"/>
                  <String HEIGHT="69" WIDTH="95" VPOS="1010" HPOS="848" CONTENT="Dei"/>
               </TextLine>
               <TextLine ID="r1l20"
                         BASELINE="1114"
                         HEIGHT="60"
                         WIDTH="205"
                         VPOS="1054"
                         HPOS="109">
                  <String HEIGHT="60"
                          WIDTH="149"
                          VPOS="1054"
                          HPOS="90"
                          CONTENT="vero"/>
                  <SP HEIGHT="60" WIDTH="19" VPOS="1054" HPOS="239"/>
                  <String HEIGHT="60"
                          WIDTH="149"
                          VPOS="1054"
                          HPOS="165"
                          CONTENT="iusta."/>
               </TextLine>
               <TextLine ID="r1l21"
                         BASELINE="1171"
                         HEIGHT="67"
                         WIDTH="777"
                         VPOS="1104"
                         HPOS="164">
                  <String HEIGHT="67"
                          WIDTH="207"
                          VPOS="1104"
                          HPOS="147"
                          CONTENT="Secundum"/>
                  <SP HEIGHT="67" WIDTH="17" VPOS="1104" HPOS="354"/>
                  <String HEIGHT="67"
                          WIDTH="173"
                          VPOS="1104"
                          HPOS="302"
                          CONTENT="vitium"/>
                  <SP HEIGHT="67" WIDTH="17" VPOS="1104" HPOS="475"/>
                  <String HEIGHT="67"
                          WIDTH="121"
                          VPOS="1104"
                          HPOS="423"
                          CONTENT="est"/>
                  <SP HEIGHT="67" WIDTH="17" VPOS="1104" HPOS="544"/>
                  <String HEIGHT="67" WIDTH="104" VPOS="1104" HPOS="492" CONTENT="in"/>
                  <SP HEIGHT="67" WIDTH="17" VPOS="1104" HPOS="596"/>
                  <String HEIGHT="67"
                          WIDTH="138"
                          VPOS="1104"
                          HPOS="544"
                          CONTENT="cap."/>
                  <SP HEIGHT="67" WIDTH="17" VPOS="1104" HPOS="682"/>
                  <String HEIGHT="67" WIDTH="104" VPOS="1104" HPOS="630" CONTENT="2."/>
                  <SP HEIGHT="67" WIDTH="17" VPOS="1104" HPOS="734"/>
                  <String HEIGHT="67"
                          WIDTH="121"
                          VPOS="1104"
                          HPOS="682"
                          CONTENT="vbi"/>
                  <SP HEIGHT="67" WIDTH="17" VPOS="1104" HPOS="803"/>
                  <String HEIGHT="67"
                          WIDTH="138"
                          VPOS="1104"
                          HPOS="751"
                          CONTENT="iste"/>
                  <SP HEIGHT="67" WIDTH="17" VPOS="1104" HPOS="889"/>
                  <String HEIGHT="67"
                          WIDTH="121"
                          VPOS="1104"
                          HPOS="820"
                          CONTENT="negat"/>
               </TextLine>
               <TextLine ID="r1l22"
                         BASELINE="1215"
                         HEIGHT="59"
                         WIDTH="822"
                         VPOS="1156"
                         HPOS="107">
                  <String HEIGHT="59"
                          WIDTH="262"
                          VPOS="1156"
                          HPOS="90"
                          CONTENT="admittendum"/>
                  <SP HEIGHT="59" WIDTH="17" VPOS="1156" HPOS="352"/>
                  <String HEIGHT="59"
                          WIDTH="157"
                          VPOS="1156"
                          HPOS="299"
                          CONTENT="esse,"/>
                  <SP HEIGHT="59" WIDTH="17" VPOS="1156" HPOS="457"/>
                  <String HEIGHT="59"
                          WIDTH="140"
                          VPOS="1156"
                          HPOS="404"
                          CONTENT="Deum"/>
                  <SP HEIGHT="59" WIDTH="17" VPOS="1156" HPOS="544"/>
                  <String HEIGHT="59"
                          WIDTH="210"
                          VPOS="1156"
                          HPOS="492"
                          CONTENT="uoluisse"/>
                  <SP HEIGHT="59" WIDTH="17" VPOS="1156" HPOS="702"/>
                  <String HEIGHT="59" WIDTH="105" VPOS="1156" HPOS="649" CONTENT="vt"/>
                  <SP HEIGHT="59" WIDTH="17" VPOS="1156" HPOS="754"/>
                  <String HEIGHT="59"
                          WIDTH="175"
                          VPOS="1156"
                          HPOS="702"
                          CONTENT="ludaei"/>
                  <SP HEIGHT="59" WIDTH="17" VPOS="1156" HPOS="877"/>
                  <String HEIGHT="59"
                          WIDTH="122"
                          VPOS="1156"
                          HPOS="807"
                          CONTENT="occi"
                          SUBS_TYPE="HypPart1"
                          SUBS_CONTENT="occiderent"/>
                  <HYP CONTENT="-"/>
               </TextLine>
               <TextLine ID="r1l23"
                         BASELINE="1253"
                         HEIGHT="49"
                         WIDTH="825"
                         VPOS="1204"
                         HPOS="113">
                  <String HEIGHT="49"
                          WIDTH="172"
                          VPOS="1204"
                          HPOS="96"
                          CONTENT="derent"
                          SUBS_TYPE="HypPart2"
                          SUBS_CONTENT="occiderent"/>
                  <SP HEIGHT="49" WIDTH="17" VPOS="1204" HPOS="268"/>
                  <String HEIGHT="49"
                          WIDTH="223"
                          VPOS="1204"
                          HPOS="216"
                          CONTENT="Christum,"/>
                  <SP HEIGHT="49" WIDTH="17" VPOS="1204" HPOS="440"/>
                  <String HEIGHT="49"
                          WIDTH="155"
                          VPOS="1204"
                          HPOS="388"
                          CONTENT="negat"/>
                  <SP HEIGHT="49" WIDTH="17" VPOS="1204" HPOS="543"/>
                  <String HEIGHT="49"
                          WIDTH="189"
                          VPOS="1204"
                          HPOS="491"
                          CONTENT="denique"/>
                  <SP HEIGHT="49" WIDTH="17" VPOS="1204" HPOS="680"/>
                  <String HEIGHT="49"
                          WIDTH="138"
                          VPOS="1204"
                          HPOS="629"
                          CONTENT="Deum"/>
                  <SP HEIGHT="49" WIDTH="17" VPOS="1204" HPOS="766"/>
                  <String HEIGHT="49"
                          WIDTH="206"
                          VPOS="1204"
                          HPOS="715"
                          CONTENT="voluisse"/>
                  <SP HEIGHT="49" WIDTH="17" VPOS="1204" HPOS="921"/>
                  <String HEIGHT="49" WIDTH="86" VPOS="1204" HPOS="852" CONTENT="cul"/>
               </TextLine>
               <TextLine ID="r1l24"
                         BASELINE="1310"
                         HEIGHT="54"
                         WIDTH="823"
                         VPOS="1256"
                         HPOS="112">
                  <String HEIGHT="54" WIDTH="123" VPOS="1256" HPOS="94" CONTENT="pam"/>
                  <SP HEIGHT="54" WIDTH="18" VPOS="1256" HPOS="217"/>
                  <String HEIGHT="54"
                          WIDTH="245"
                          VPOS="1256"
                          HPOS="165"
                          CONTENT="ludaeorum,"/>
                  <SP HEIGHT="54" WIDTH="18" VPOS="1256" HPOS="410"/>
                  <String HEIGHT="54"
                          WIDTH="140"
                          VPOS="1256"
                          HPOS="357"
                          CONTENT="quam"/>
                  <SP HEIGHT="54" WIDTH="18" VPOS="1256" HPOS="497"/>
                  <String HEIGHT="54"
                          WIDTH="158"
                          VPOS="1256"
                          HPOS="445"
                          CONTENT="tamen"/>
                  <SP HEIGHT="54" WIDTH="18" VPOS="1256" HPOS="602"/>
                  <String HEIGHT="54"
                          WIDTH="175"
                          VPOS="1256"
                          HPOS="550"
                          CONTENT="postea"/>
                  <SP HEIGHT="54" WIDTH="18" VPOS="1256" HPOS="725"/>
                  <String HEIGHT="54"
                          WIDTH="140"
                          VPOS="1256"
                          HPOS="672"
                          CONTENT="idem"/>
                  <SP HEIGHT="54" WIDTH="18" VPOS="1256" HPOS="812"/>
                  <String HEIGHT="54"
                          WIDTH="123"
                          VPOS="1256"
                          HPOS="760"
                          CONTENT="non"/>
                  <SP HEIGHT="54" WIDTH="18" VPOS="1256" HPOS="882"/>
                  <String HEIGHT="54"
                          WIDTH="123"
                          VPOS="1256"
                          HPOS="812"
                          CONTENT="audet"/>
               </TextLine>
               <TextLine ID="r1l25"
                         BASELINE="1361"
                         HEIGHT="56"
                         WIDTH="833"
                         VPOS="1305"
                         HPOS="103">
                  <String HEIGHT="56"
                          WIDTH="170"
                          VPOS="1305"
                          HPOS="86"
                          CONTENT="dicere"/>
                  <SP HEIGHT="56" WIDTH="17" VPOS="1305" HPOS="256"/>
                  <String HEIGHT="56"
                          WIDTH="136"
                          VPOS="1305"
                          HPOS="205"
                          CONTENT="Deum"/>
                  <SP HEIGHT="56" WIDTH="17" VPOS="1305" HPOS="341"/>
                  <String HEIGHT="56"
                          WIDTH="221"
                          VPOS="1305"
                          HPOS="290"
                          CONTENT="noluisse."/>
                  <SP HEIGHT="56" WIDTH="17" VPOS="1305" HPOS="511"/>
                  <String HEIGHT="56"
                          WIDTH="136"
                          VPOS="1305"
                          HPOS="460"
                          CONTENT="Ergo"/>
                  <SP HEIGHT="56" WIDTH="17" VPOS="1305" HPOS="596"/>
                  <String HEIGHT="56"
                          WIDTH="170"
                          VPOS="1305"
                          HPOS="545"
                          CONTENT="primum"/>
                  <SP HEIGHT="56" WIDTH="17" VPOS="1305" HPOS="715"/>
                  <String HEIGHT="56"
                          WIDTH="221"
                          VPOS="1305"
                          HPOS="664"
                          CONTENT="intricata"/>
                  <SP HEIGHT="56" WIDTH="17" VPOS="1305" HPOS="885"/>
                  <String HEIGHT="56"
                          WIDTH="136"
                          VPOS="1305"
                          HPOS="834"
                          CONTENT="est,"/>
                  <SP HEIGHT="56" WIDTH="17" VPOS="1305" HPOS="970"/>
                  <String HEIGHT="56" WIDTH="34" VPOS="1305" HPOS="902" CONTENT=""/>
               </TextLine>
               <TextLine ID="r1l26"
                         BASELINE="1403"
                         HEIGHT="54"
                         WIDTH="821"
                         VPOS="1349"
                         HPOS="108">
                  <String HEIGHT="54" WIDTH="91" VPOS="1349" HPOS="90" CONTENT="&amp;"/>
                  <SP HEIGHT="54" WIDTH="18" VPOS="1349" HPOS="181"/>
                  <String HEIGHT="54"
                          WIDTH="146"
                          VPOS="1349"
                          HPOS="126"
                          CONTENT="ipsa"/>
                  <SP HEIGHT="54" WIDTH="18" VPOS="1349" HPOS="272"/>
                  <String HEIGHT="54"
                          WIDTH="146"
                          VPOS="1349"
                          HPOS="217"
                          CONTENT="sibi"/>
                  <SP HEIGHT="54" WIDTH="18" VPOS="1349" HPOS="363"/>
                  <String HEIGHT="54"
                          WIDTH="237"
                          VPOS="1349"
                          HPOS="309"
                          CONTENT="repugnans"/>
                  <SP HEIGHT="54" WIDTH="18" VPOS="1349" HPOS="546"/>
                  <String HEIGHT="54"
                          WIDTH="219"
                          VPOS="1349"
                          HPOS="491"
                          CONTENT="Lombardi"/>
                  <SP HEIGHT="54" WIDTH="18" VPOS="1349" HPOS="710"/>
                  <String HEIGHT="54"
                          WIDTH="201"
                          VPOS="1349"
                          HPOS="655"
                          CONTENT="oratio."/>
                  <SP HEIGHT="54" WIDTH="18" VPOS="1349" HPOS="856"/>
                  <String HEIGHT="54"
                          WIDTH="146"
                          VPOS="1349"
                          HPOS="783"
                          CONTENT="Perin"
                          SUBS_TYPE="HypPart1"
                          SUBS_CONTENT="Perinde"/>
                  <HYP CONTENT="-"/>
               </TextLine>
               <TextLine ID="r1l27"
                         BASELINE="1463"
                         HEIGHT="62"
                         WIDTH="829"
                         VPOS="1401"
                         HPOS="106">
                  <String HEIGHT="62"
                          WIDTH="102"
                          VPOS="1401"
                          HPOS="89"
                          CONTENT="de"
                          SUBS_TYPE="HypPart2"
                          SUBS_CONTENT="Perinde"/>
                  <SP HEIGHT="62" WIDTH="17" VPOS="1401" HPOS="191"/>
                  <String HEIGHT="62"
                          WIDTH="135"
                          VPOS="1401"
                          HPOS="140"
                          CONTENT="enim"/>
                  <SP HEIGHT="62" WIDTH="17" VPOS="1401" HPOS="275"/>
                  <String HEIGHT="62"
                          WIDTH="169"
                          VPOS="1401"
                          HPOS="224"
                          CONTENT="sonat,"/>
                  <SP HEIGHT="62" WIDTH="17" VPOS="1401" HPOS="394"/>
                  <String HEIGHT="62"
                          WIDTH="152"
                          VPOS="1401"
                          HPOS="343"
                          CONTENT="atque"/>
                  <SP HEIGHT="62" WIDTH="17" VPOS="1401" HPOS="495"/>
                  <String HEIGHT="62" WIDTH="102" VPOS="1401" HPOS="444" CONTENT="si"/>
                  <SP HEIGHT="62" WIDTH="17" VPOS="1401" HPOS="546"/>
                  <String HEIGHT="62"
                          WIDTH="203"
                          VPOS="1401"
                          HPOS="495"
                          CONTENT="diceret,"/>
                  <SP HEIGHT="62" WIDTH="17" VPOS="1401" HPOS="698"/>
                  <String HEIGHT="62"
                          WIDTH="169"
                          VPOS="1401"
                          HPOS="647"
                          CONTENT="voluit"/>
                  <SP HEIGHT="62" WIDTH="17" VPOS="1401" HPOS="817"/>
                  <String HEIGHT="62"
                          WIDTH="118"
                          VPOS="1401"
                          HPOS="766"
                          CONTENT="eam"/>
                  <SP HEIGHT="62" WIDTH="17" VPOS="1401" HPOS="884"/>
                  <String HEIGHT="62"
                          WIDTH="135"
                          VPOS="1401"
                          HPOS="833"
                          CONTENT="Deus"/>
                  <SP HEIGHT="62" WIDTH="17" VPOS="1401" HPOS="969"/>
                  <String HEIGHT="62" WIDTH="34" VPOS="1401" HPOS="901" CONTENT=""/>
               </TextLine>
               <TextLine ID="r1l28"
                         BASELINE="1497"
                         HEIGHT="56"
                         WIDTH="820"
                         VPOS="1441"
                         HPOS="107">
                  <String HEIGHT="56" WIDTH="85" VPOS="1441" HPOS="90" CONTENT="&amp;"/>
                  <SP HEIGHT="56" WIDTH="17" VPOS="1441" HPOS="175"/>
                  <String HEIGHT="56"
                          WIDTH="188"
                          VPOS="1441"
                          HPOS="124"
                          CONTENT="noluit."/>
                  <SP HEIGHT="56" WIDTH="17" VPOS="1441" HPOS="312"/>
                  <String HEIGHT="56"
                          WIDTH="171"
                          VPOS="1441"
                          HPOS="261"
                          CONTENT="Deinde"/>
                  <SP HEIGHT="56" WIDTH="17" VPOS="1441" HPOS="432"/>
                  <String HEIGHT="56"
                          WIDTH="154"
                          VPOS="1441"
                          HPOS="380"
                          CONTENT="falsa"/>
                  <SP HEIGHT="56" WIDTH="17" VPOS="1441" HPOS="534"/>
                  <String HEIGHT="56"
                          WIDTH="120"
                          VPOS="1441"
                          HPOS="483"
                          CONTENT="est"/>
                  <SP HEIGHT="56" WIDTH="17" VPOS="1441" HPOS="602"/>
                  <String HEIGHT="56"
                          WIDTH="137"
                          VPOS="1441"
                          HPOS="551"
                          CONTENT="ista"/>
                  <SP HEIGHT="56" WIDTH="17" VPOS="1441" HPOS="688"/>
                  <String HEIGHT="56"
                          WIDTH="205"
                          VPOS="1441"
                          HPOS="637"
                          CONTENT="solutio."/>
                  <SP HEIGHT="56" WIDTH="17" VPOS="1441" HPOS="842"/>
                  <String HEIGHT="56"
                          WIDTH="137"
                          VPOS="1441"
                          HPOS="790"
                          CONTENT="Deus"/>
                  <SP HEIGHT="56" WIDTH="17" VPOS="1441" HPOS="927"/>
                  <String HEIGHT="56"
                          WIDTH="68"
                          VPOS="1441"
                          HPOS="859"
                          CONTENT="e"
                          SUBS_TYPE="HypPart1"
                          SUBS_CONTENT="enim"/>
                  <HYP CONTENT="-"/>
               </TextLine>
               <TextLine ID="r1l29"
                         BASELINE="1559"
                         HEIGHT="63"
                         WIDTH="837"
                         VPOS="1496"
                         HPOS="98">
                  <String HEIGHT="63"
                          WIDTH="127"
                          VPOS="1496"
                          HPOS="80"
                          CONTENT="nim"
                          SUBS_TYPE="HypPart2"
                          SUBS_CONTENT="enim"/>
                  <SP HEIGHT="63" WIDTH="18" VPOS="1496" HPOS="207"/>
                  <String HEIGHT="63"
                          WIDTH="127"
                          VPOS="1496"
                          HPOS="153"
                          CONTENT="hoc"/>
                  <SP HEIGHT="63" WIDTH="18" VPOS="1496" HPOS="280"/>
                  <String HEIGHT="63"
                          WIDTH="164"
                          VPOS="1496"
                          HPOS="225"
                          CONTENT="ipsum"/>
                  <SP HEIGHT="63" WIDTH="18" VPOS="1496" HPOS="389"/>
                  <String HEIGHT="63"
                          WIDTH="146"
                          VPOS="1496"
                          HPOS="335"
                          CONTENT="quod"/>
                  <SP HEIGHT="63" WIDTH="18" VPOS="1496" HPOS="480"/>
                  <String HEIGHT="63" WIDTH="91" VPOS="1496" HPOS="426" CONTENT="a"/>
                  <SP HEIGHT="63" WIDTH="18" VPOS="1496" HPOS="517"/>
                  <String HEIGHT="63"
                          WIDTH="200"
                          VPOS="1496"
                          HPOS="462"
                          CONTENT="ludaeis"/>
                  <SP HEIGHT="63" WIDTH="18" VPOS="1496" HPOS="662"/>
                  <String HEIGHT="63"
                          WIDTH="182"
                          VPOS="1496"
                          HPOS="607"
                          CONTENT="factum"/>
                  <SP HEIGHT="63" WIDTH="18" VPOS="1496" HPOS="789"/>
                  <String HEIGHT="63"
                          WIDTH="146"
                          VPOS="1496"
                          HPOS="735"
                          CONTENT="est,"/>
                  <SP HEIGHT="63" WIDTH="18" VPOS="1496" HPOS="880"/>
                  <String HEIGHT="63"
                          WIDTH="127"
                          VPOS="1496"
                          HPOS="808"
                          CONTENT="fieri"/>
               </TextLine>
               <TextLine ID="r1l30"
                         BASELINE="1599"
                         HEIGHT="46"
                         WIDTH="820"
                         VPOS="1553"
                         HPOS="108">
                  <String HEIGHT="46"
                          WIDTH="196"
                          VPOS="1553"
                          HPOS="90"
                          CONTENT="voluit,"/>
                  <SP HEIGHT="46" WIDTH="18" VPOS="1553" HPOS="286"/>
                  <String HEIGHT="46" WIDTH="89" VPOS="1553" HPOS="233" CONTENT="&amp;"/>
                  <SP HEIGHT="46" WIDTH="18" VPOS="1553" HPOS="322"/>
                  <String HEIGHT="46"
                          WIDTH="143"
                          VPOS="1553"
                          HPOS="268"
                          CONTENT="male"/>
                  <SP HEIGHT="46" WIDTH="18" VPOS="1553" HPOS="411"/>
                  <String HEIGHT="46" WIDTH="89" VPOS="1553" HPOS="358" CONTENT="a"/>
                  <SP HEIGHT="46" WIDTH="18" VPOS="1553" HPOS="447"/>
                  <String HEIGHT="46"
                          WIDTH="196"
                          VPOS="1553"
                          HPOS="393"
                          CONTENT="ludaeis"/>
                  <SP HEIGHT="46" WIDTH="18" VPOS="1553" HPOS="589"/>
                  <String HEIGHT="46"
                          WIDTH="178"
                          VPOS="1553"
                          HPOS="536"
                          CONTENT="fieri."/>
                  <SP HEIGHT="46" WIDTH="18" VPOS="1553" HPOS="714"/>
                  <String HEIGHT="46"
                          WIDTH="125"
                          VPOS="1553"
                          HPOS="661"
                          CONTENT="Nec"/>
                  <SP HEIGHT="46" WIDTH="18" VPOS="1553" HPOS="785"/>
                  <String HEIGHT="46"
                          WIDTH="160"
                          VPOS="1553"
                          HPOS="732"
                          CONTENT="tamen"/>
                  <SP HEIGHT="46" WIDTH="18" VPOS="1553" HPOS="892"/>
                  <String HEIGHT="46"
                          WIDTH="107"
                          VPOS="1553"
                          HPOS="821"
                          CONTENT="pro"
                          SUBS_TYPE="HypPart1"
                          SUBS_CONTENT="propterea"/>
                  <HYP CONTENT="-"/>
               </TextLine>
               <TextLine ID="r1l31"
                         BASELINE="1653"
                         HEIGHT="59"
                         WIDTH="823"
                         VPOS="1594"
                         HPOS="104">
                  <String HEIGHT="59"
                          WIDTH="183"
                          VPOS="1594"
                          HPOS="86"
                          CONTENT="pterea"
                          SUBS_TYPE="HypPart2"
                          SUBS_CONTENT="propterea"/>
                  <SP HEIGHT="59" WIDTH="18" VPOS="1594" HPOS="269"/>
                  <String HEIGHT="59"
                          WIDTH="201"
                          VPOS="1594"
                          HPOS="214"
                          CONTENT="iniusta"/>
                  <SP HEIGHT="59" WIDTH="18" VPOS="1594" HPOS="415"/>
                  <String HEIGHT="59"
                          WIDTH="128"
                          VPOS="1594"
                          HPOS="360"
                          CONTENT="aut"/>
                  <SP HEIGHT="59" WIDTH="18" VPOS="1594" HPOS="488"/>
                  <String HEIGHT="59"
                          WIDTH="146"
                          VPOS="1594"
                          HPOS="433"
                          CONTENT="mala"/>
                  <SP HEIGHT="59" WIDTH="18" VPOS="1594" HPOS="580"/>
                  <String HEIGHT="59"
                          WIDTH="128"
                          VPOS="1594"
                          HPOS="525"
                          CONTENT="est"/>
                  <SP HEIGHT="59" WIDTH="18" VPOS="1594" HPOS="653"/>
                  <String HEIGHT="59"
                          WIDTH="128"
                          VPOS="1594"
                          HPOS="598"
                          CONTENT="Dei"/>
                  <SP HEIGHT="59" WIDTH="18" VPOS="1594" HPOS="726"/>
                  <String HEIGHT="59"
                          WIDTH="238"
                          VPOS="1594"
                          HPOS="671"
                          CONTENT="voluntas."/>
                  <SP HEIGHT="59" WIDTH="18" VPOS="1594" HPOS="909"/>
                  <String HEIGHT="59" WIDTH="91" VPOS="1594" HPOS="836" CONTENT="Hoc"/>
               </TextLine>
               <TextLine ID="r1l32"
                         BASELINE="1696"
                         HEIGHT="46"
                         WIDTH="836"
                         VPOS="1650"
                         HPOS="101">
                  <String HEIGHT="46"
                          WIDTH="159"
                          VPOS="1650"
                          HPOS="81"
                          CONTENT="enim"/>
                  <SP HEIGHT="46" WIDTH="20" VPOS="1650" HPOS="240"/>
                  <String HEIGHT="46"
                          WIDTH="259"
                          VPOS="1650"
                          HPOS="181"
                          CONTENT="ludaeorum"/>
                  <SP HEIGHT="46" WIDTH="20" VPOS="1650" HPOS="439"/>
                  <String HEIGHT="46"
                          WIDTH="239"
                          VPOS="1650"
                          HPOS="380"
                          CONTENT="peccatum"/>
                  <SP HEIGHT="46" WIDTH="20" VPOS="1650" HPOS="619"/>
                  <String HEIGHT="46"
                          WIDTH="159"
                          VPOS="1650"
                          HPOS="559"
                          CONTENT="Deus"/>
                  <SP HEIGHT="46" WIDTH="20" VPOS="1650" HPOS="718"/>
                  <String HEIGHT="46"
                          WIDTH="219"
                          VPOS="1650"
                          HPOS="658"
                          CONTENT="voluit,"/>
                  <SP HEIGHT="46" WIDTH="20" VPOS="1650" HPOS="877"/>
                  <String HEIGHT="46"
                          WIDTH="139"
                          VPOS="1650"
                          HPOS="798"
                          CONTENT="velut"/>
               </TextLine>
               <TextLine ID="r1l33"
                         BASELINE="1764"
                         HEIGHT="77"
                         WIDTH="836"
                         VPOS="1687"
                         HPOS="94">
                  <String HEIGHT="77"
                          WIDTH="204"
                          VPOS="1687"
                          HPOS="74"
                          CONTENT="poenam"/>
                  <SP HEIGHT="77" WIDTH="20" VPOS="1687" HPOS="278"/>
                  <String HEIGHT="77"
                          WIDTH="306"
                          VPOS="1687"
                          HPOS="216"
                          CONTENT="iustissimam"/>
                  <SP HEIGHT="77" WIDTH="20" VPOS="1687" HPOS="522"/>
                  <String HEIGHT="77"
                          WIDTH="224"
                          VPOS="1687"
                          HPOS="461"
                          CONTENT="aliorum"/>
                  <SP HEIGHT="77" WIDTH="20" VPOS="1687" HPOS="685"/>
                  <String HEIGHT="77"
                          WIDTH="224"
                          VPOS="1687"
                          HPOS="624"
                          CONTENT="eiusdem"/>
                  <SP HEIGHT="77" WIDTH="20" VPOS="1687" HPOS="848"/>
                  <String HEIGHT="77"
                          WIDTH="163"
                          VPOS="1687"
                          HPOS="767"
                          CONTENT="gentis"/>
               </TextLine>
               <TextLine ID="r1l34"
                         BASELINE="1802"
                         HEIGHT="61"
                         WIDTH="242"
                         VPOS="1741"
                         HPOS="101">
                  <String HEIGHT="61"
                          WIDTH="286"
                          VPOS="1741"
                          HPOS="57"
                          CONTENT="peccatorum."/>
               </TextLine>
            </TextBlock>
         </PrintSpace>
      </Page>
   </Layout>
</alto>
