1241 2036
300 108 206 72 genitum,
454 108 206 72 tractans
608 108 154 72 illud
711 108 171 72 verbum
831 108 206 72 Apoctoli
968 108 189 72 loquentis

297 160 99 51 de
347 160 116 51 Deo
413 160 149 51 Patre
512 160 132 51 sic,
595 160 116 51 Qui
661 160 149 51 eruit
760 160 132 51 nos.
843 160 99 51 de
893 160 215 51 potestate
1041 160 116 51 tene-

304 211 173 53 brarum,
430 211 78 53 &
461 211 220 53 transtulit
634 211 94 53 in
681 211 157 53 regnum
791 211 141 53 Filij
885 211 220 53 charitatis
1042 211 110 53 suae-

300 259 120 58 Quod
375 259 151 58 dictum
481 259 120 58 est,
556 259 166 58 inquit,
676 259 135 58 Filij
767 259 211 58 charitatis
932 259 135 58 suae,
1023 259 135 58 nihil
1098 259 60 58 a-

300 296 117 61 liud
374 296 249 61 intelligitur,
578 296 117 61 quam
652 296 132 61 Filij
740 296 102 61 sui
798 296 176 61 dilecti,
930 296 117 61 quam
1003 296 132 61 Filij
1076 296 88 61 sub-

299 349 191 69 stantiae
443 349 143 69 suae.
538 349 191 69 Charitas
682 349 159 69 quippe
793 349 175 69 Patris,
921 349 128 69 quae
1001 349 96 69 in
1032 349 128 69 natura

301 400 120 55 eius
376 400 105 55 est
436 400 241 55 meffabiliter
632 400 196 55 simplici,
783 400 135 55 nihil
873 400 105 55 est
933 400 151 55 aliud,
1039 400 120 55 quam
1099 400 60 55 i-

301 451 111 65 psa
365 451 175 65 natura,
492 451 143 65 atque
587 451 238 65 substantia,
778 451 95 65 vt
825 451 143 65 saepe
921 451 191 65 diximus,
1064 451 79 65 &
1080 451 79 65 sa-

306 495 95 65 pe
354 495 175 65 iterare
481 495 111 65 non
545 495 159 65 piget:
656 495 95 65 ac
704 495 111 65 per
767 495 111 65 hoc
831 495 159 65 Filius
942 495 223 65 charitatis
1101 495 64 65 e-

307 546 111 57 ius
371 546 159 57 nullus
482 546 143 57 alius
577 546 127 57 est,
657 546 127 57 quam
737 546 111 57 qui
800 546 95 57 de
848 546 223 57 substantia
1023 546 127 57 eius
1086 546 80 57 est

302 590 199 71 genitus.
451 590 132 71 Ecce
534 590 116 71 hic
600 590 165 71 aperte
716 590 149 71 dicit
815 590 132 71 Aug.
898 590 165 71 Filium
1014 590 132 71 esse
1080 590 83 71 ge-

309 654 156 50 nitum
413 654 104 50 de
465 654 243 50 substantia
655 654 191 50 Patris,
794 654 87 50 &
829 654 173 50 Filium
933 654 225 50 substantiae

308 691 174 61 Patris.
435 691 126 61 Idem
514 691 158 61 quoque
624 691 126 61 Aug.
703 691 95 61 in
750 691 126 61 lib.
829 691 95 61 2.
877 691 158 61 contra
971 691 190 61 haereticum

315 750 210 50 Maximum,
473 750 263 50 substantiam
684 750 123 50 Dei
754 750 210 50 genuisse
912 750 193 50 Filium,
1052 750 88 50 &
1069 750 88 50 Fi-

313 794 126 52 lium
392 794 173 52 genitum
518 794 95 52 de
565 794 221 52 substantia
739 794 158 52 Patris
849 794 173 52 asserit
975 794 158 52 dices,
1069 794 95 52 Car-

308 836 180 54 nalibus
439 836 295 54 cogitationibus
685 836 148 54 pleni
783 836 246 54 substantiam
980 836 115 54 Dei
1045 836 98 54 de
1078 836 82 54 se-

305 882 134 70 ipsa
389 882 184 70 gignere
523 882 168 70 Filium
640 882 117 70 non
707 882 201 70 putatis,
858 882 134 70 nisi
942 882 117 70 hoc
992 882 168 70 patiatur

311 937 130 58 quod
392 937 227 58 substantia
571 937 162 58 carnis
684 937 179 58 patitur
814 937 162 58 quando
928 937 179 58 gignit.
1041 937 114 58 Erra-

311 991 126 58 tis,
390 991 110 58 non
453 991 188 58 scientes
594 991 235 58 Scripturas,
782 991 141 58 neque
876 991 173 58 virtute
1002 991 126 58 Dei.
1065 991 94 58 Nul-

314 1040 97 51 lo
362 1040 129 51 enim
443 1040 129 51 modo
523 1040 145 51 verum
620 1040 113 51 Dei
685 1040 161 51 Filium
797 1040 226 51 cogitatis,
975 1040 97 51 si
1023 1040 113 51 eum
1071 1040 81 51 na-

318 1075 111 69 tum
382 1075 127 69 esse
461 1075 95 69 de
508 1075 222 69 substantia
683 1075 158 69 Patris
794 1075 190 69 negatis.
936 1075 111 69 Non
1000 1075 127 69 enim
1079 1075 111 69 iam

319 1123 134 58 erat
403 1123 184 58 hominis
537 1123 184 58 Filius,
671 1123 84 58 &
705 1123 117 58 Deo
772 1123 184 58 donante
906 1123 168 58 factus
1023 1123 117 58 est
1073 1123 84 58 Dei

318 1170 182 65 Filius,
467 1170 99 65 ex
517 1170 116 65 Deo
583 1170 166 65 natus,
699 1170 166 65 gratia
815 1170 116 65 non
881 1170 182 65 natura.
1014 1170 99 65 An
1047 1170 116 65 furte

314 1237 131 45 etsi
396 1237 115 45 non
461 1237 181 45 hominis
593 1237 164 45 Filius
708 1237 148 45 erat,
806 1237 148 45 tamen
905 1237 115 45 iam
970 1237 164 45 aliqua
1069 1237 82 45 era

306 1279 289 58 qualiscunque
541 1279 235 58 creatura,
721 1279 90 58 &
758 1279 108 58 in
812 1279 126 58 Dei
884 1279 181 58 Filium
1010 1279 126 58 Deo
1065 1279 90 58 mu-

311 1317 143 63 tante
407 1317 191 63 conuersa
550 1317 127 63 est:
630 1317 111 63 Sed
693 1317 143 63 nihil
789 1317 143 63 horum
884 1317 127 63 est:
964 1317 127 63 ergo
1044 1317 111 63 aut
1091 1317 64 63 de

307 1366 183 66 nihilo,
440 1366 116 66 aut
507 1366 100 66 de
557 1366 166 66 aliqua
673 1366 233 66 substantia
856 1366 150 66 natus
956 1366 133 66 est.
1039 1366 116 66 Sed
1089 1366 66 66 ne

308 1430 239 48 crederemus
496 1430 119 48 vos
564 1430 171 48 putare
683 1430 102 48 de
735 1430 171 48 nihilo
854 1430 137 48 esse
939 1430 119 48 Dei
990 1430 154 48 Filium,

303 1468 212 59 affrmatis
466 1468 114 59 vos
531 1468 114 59 non
596 1468 163 59 dicere
711 1468 98 59 de
759 1468 163 59 nihilo
874 1468 131 59 esse
955 1468 114 59 Dei
1004 1468 147 59 Filium.

309 1510 100 59 De
359 1510 167 59 aliqua
476 1510 133 59 ergo
559 1510 250 59 substantia:
760 1510 83 59 &
793 1510 100 59 si
843 1510 117 59 non
910 1510 100 59 de
943 1510 200 59 substantia

304 1561 165 68 Patris,
424 1561 90 68 de
469 1561 105 68 qua
530 1561 120 68 sit.
605 1561 165 68 dicite:
725 1561 105 68 sed
785 1561 105 68 non
845 1561 226 68 inuenietis.
1026 1561 105 68 Iam
1071 1561 75 68 er-

295 1619 109 62 go
349 1619 254 62 vnigenitum
549 1619 127 62 Dei
621 1619 181 62 Filium
748 1619 163 62 Tesum
857 1619 218 62 Christum
1020 1619 109 62 de
1056 1619 91 62 Pa-

299 1662 123 60 tris
375 1662 123 60 esse
452 1662 230 60 substantia,
636 1662 107 60 vos
697 1662 184 60 nobiscum
835 1662 107 60 non
897 1662 153 60 pigeat
989 1662 153 60 confite-

292 1703 117 82 ri.
359 1703 134 82 Idem
443 1703 100 82 in
493 1703 167 82 eodem,
610 1703 184 82 Vtrique
744 1703 184 82 legimus
878 1703 100 82 vt
928 1703 151 82 simus
1029 1703 100 82 in
1062 1703 84 82 ve
