1270 2035
95 111 160 72 istis
202 111 232 72 hominibus
380 111 143 72 fide
470 111 107 72 ac
523 111 196 72 audacia
666 111 107 72 in
719 111 214 72 mutandis
862 111 89 72 pa-

99 173 139 74 trum
185 173 225 74 scriptis,
358 173 156 74 istud
462 173 277 74 transcriptum
687 173 156 74 esse,
791 173 139 74 quod
860 173 87 74 ne-

93 224 262 72 gligendum
295 224 141 72 non
355 224 182 72 putaui.

335 287 300 85 CAP.
485 287 188 85 III

141 361 91 58 I
177 361 109 58 SI
232 361 164 58 Pater
341 361 128 58 est
414 361 219 58 genitor.
578 361 219 58 Quanquam
742 361 146 58 mihi
815 361 128 58 reli-

97 408 121 65 gio
166 408 121 65 est
235 408 173 65 istius
356 408 190 65 hominis
494 408 208 65 argutiis
650 408 242 65 inhaerere,
823 408 121 65 prae-

98 452 181 75 sertim
224 452 108 75 in
279 452 126 75 hac
351 452 271 75 quaestione,
568 452 163 75 vtrum
676 452 181 75 Pater,
802 452 126 75 qui
857 452 90 75 est

96 510 213 47 ἁνεννnoς,
260 510 82 47 a
293 510 164 47 seipso
407 510 131 47 sit,
489 510 115 47 vel
555 510 98 47 ab
604 510 148 47 alio,
703 510 98 47 de
752 510 115 47 qua
818 510 164 47 nuquam

99 550 98 50 ab
148 550 131 50 vllo
229 550 213 50 haeretico
393 550 245 50 disceptatum
589 550 131 50 esse
671 550 114 50 ait
736 550 131 50 lib.
818 550 98 50 I.
851 550 98 50 con-

101 612 139 57 tra
181 612 238 57 Eunomium
359 612 258 57 Basilius:
557 612 179 57 tamen
676 612 218 57 quoniam
815 612 139 57 locus

106 651 234 58 Augustini
286 651 126 58 hic
358 651 216 58 citatus,
520 651 90 58 a
557 651 198 58 germano
701 651 162 58 sensu
809 651 144 58 mire
881 651 72 58 de

106 699 176 49 tortus
229 699 141 49 est,
317 699 176 49 libuit
440 699 193 49 quaedam
581 699 123 49 hic
651 699 176 49 obiter
757 699 193 49 annotare.

107 745 161 52 Mutat
214 745 143 52 enim
304 745 143 52 iste
393 745 268 52 quaestionem
608 745 250 52 Augustini:
805 745 107 52 id
841 745 107 52 quod

104 788 226 61 Arnoldus
273 788 263 61 Vesaliesis
480 788 169 61 huius
593 788 188 61 operis
706 788 244 61 abbreuiator

106 840 165 61 etiam
216 840 312 61 animaduertit.
473 840 202 61 Quaerit
620 840 147 61 enim
712 840 276 61 Augustinus,

111 888 148 58 Vtrum
209 888 181 58 quaeque
341 888 99 58 in
390 888 214 58 Trinitate
555 888 181 58 Persona
687 888 165 58 possit
802 888 115 58 per
851 888 99 58 seip

103 941 140 57 sam(
190 941 122 57 non
260 941 122 57 cum
330 941 192 57 cateris
469 941 192 57 duabus)
609 941 140 57 dici
696 941 157 57 Deus,
801 941 122 57 aut
854 941 87 57 Ma-

107 981 140 67 gnus,
201 981 109 67 aut
263 981 186 67 Sapiens,
402 981 78 67 &
433 981 155 67 siquid
542 981 140 67 aliud
635 981 124 67 dici
712 981 93 67 de
759 981 109 67 Deo
805 981 140 67 potest.

109 1036 102 53 an
160 1036 136 53 uero
245 1036 119 53 non
313 1036 204 53 dicantur
465 1036 136 53 ista
550 1036 136 53 nisi
635 1036 136 53 quum
720 1036 204 53 Trinitas
855 1036 102 53 tota

102 1082 334 58 intelligitur
374 1082 105 58 &
416 1082 355 58 commemoratur,
687 1082 272 58 quemadmodum

110 1137 172 56 initio
230 1137 189 56 capitis
368 1137 155 56 primi
471 1137 103 56 de
523 1137 224 56 Trinitate
695 1137 155 56 libro
798 1137 103 56 y.
833 1137 120 56 (vnde

103 1181 121 68 hic
172 1181 156 68 totus
276 1181 156 68 locus
380 1181 278 68 transcriptus
606 1181 139 68 est)
693 1181 208 68 loquitur
832 1181 121 68 ipse-

100 1230 130 55 met
175 1230 260 55 Augustinus
379 1230 93 55 :
416 1230 93 55 &
453 1230 260 55 respondet,
658 1230 149 55 dici
751 1230 186 55 posse.
862 1230 93 55 Af-

103 1276 139 64 fert
189 1276 156 64 autem
293 1276 156 64 inter
397 1276 173 64 varias
519 1276 139 64 suae
605 1276 277 64 responsionis
813 1276 139 64 ratio-

100 1335 136 53 nes
177 1335 97 53 &
216 1335 156 53 hanc
314 1335 214 53 quoque,
469 1335 195 53 Quodsi
606 1335 195 53 Pater,
742 1335 136 53 qui
800 1335 156 53 genuit

99 1377 257 60 sapientiam,
304 1377 103 60 ex
355 1377 103 60 ea
407 1377 120 60 fit
475 1377 205 60 sapiens:
629 1377 154 60 neque
732 1377 120 60 hoc
800 1377 120 60 est
851 1377 103 60 illi

105 1428 148 51 esse
197 1428 148 51 quod
289 1428 203 51 sapere,
437 1428 222 51 Sequetur
604 1428 129 51 vel
678 1428 259 51 Sapientiam
863 1428 92 51 pa-

108 1467 154 56 tris
204 1467 154 56 esse
300 1467 115 56 in
358 1467 115 56 eo
415 1467 269 56 qualitatem
626 1467 192 56 tantum
761 1467 231 56 quandam,

96 1519 139 50 non
176 1519 179 50 autem
295 1519 279 50 essentiam,
514 1519 318 50 proptereaque
773 1519 139 50 non
833 1519 119 50 esse

95 1564 121 61 in
155 1564 202 61 diuiua
297 1564 202 61 natura
438 1564 202 61 summam
579 1564 363 61 simplicitatem:
862 1564 101 61 vel

102 1619 162 45 etiam
210 1619 234 45 sequetur,
390 1619 252 45 Sapientiam
589 1619 144 45 eam,
679 1619 144 45 quam
769 1619 162 45 Pater
859 1619 90 45 ge-

108 1651 152 62 nuit,
209 1651 101 62 id
260 1651 135 62 est,
344 1651 169 62 Filium
462 1651 152 62 ipsum
563 1651 118 62 Dei
631 1651 135 62 (est
715 1651 135 62 enim
799 1651 135 62 haec
867 1651 84 62 Sa-

102 1703 223 78 pientia:
270 1703 149 78 quam
363 1703 167 78 Pater
474 1703 204 78 genuit,
623 1703 186 78 Filius
753 1703 167 78 eius)
846 1703 111 78 esse
