1287 2040
127 105 138 78 ipso
213 105 155 78 libro
317 105 224 78 Distinct.
489 105 121 78 I8.
558 105 138 78 cap.
644 105 104 78 8.
696 105 86 78 &
731 105 224 78 Distinct.
886 105 86 78 I9.

110 167 377 70 commemorantur:
424 167 189 70 certe
550 167 168 70 quid
655 167 293 70 quantumque
864 167 105 70 ab-

116 220 171 57 surdi
230 220 114 57 ex
287 220 133 57 hac
362 220 246 57 sententia
552 220 152 57 (per
647 220 152 57 quam
723 220 246 57 generaliter

126 268 209 67 essentia
283 268 174 67 diuina
405 268 192 67 dicitur
544 268 209 67 genuisse
701 268 192 67 diuinam
823 268 140 67 essen-

121 316 181 54 tiam:
242 316 322 54 consequatur,
503 316 181 54 longe
624 316 201 54 melius
765 316 141 54 vno
825 316 141 54 verbo

126 374 219 59 expressit
295 374 202 59 Basilius
446 374 135 59 lib.
530 374 101 59 I.
581 374 168 59 contra
699 374 219 59 Eunomium,
867 374 135 59 quam

114 408 149 76 iste
207 408 167 76 totis
319 408 223 76 duodecim
486 408 167 76 huius
598 408 316 76 Distinctionis
840 408 130 76 capi-

118 457 181 60 tibus,
245 457 217 60 nimirum,
408 457 145 60 quod
498 457 127 60 hac
571 457 199 60 ratione
715 457 199 60 aliquid
842 457 127 60 prius

119 508 177 64 seipso
243 508 142 64 esse
332 508 266 64 statueretur
544 508 89 64 &
580 508 266 64 fingeretur.
792 508 142 64 Quod
863 508 106 64 est.

123 553 104 66 ἐκ
175 553 121 66 πῶν
244 553 295 66 αδμματαταταον
487 553 208 66 μόνερον:
643 553 87 66 &
677 553 173 66 diuina
781 553 191 66 essentia,

123 609 153 49 quae
219 609 134 49 vna
295 609 134 49 est
372 609 115 49 ad
429 609 230 49 numerum,
601 609 115 49 vt
659 609 134 49 ait
735 609 191 49 Thomas
869 609 115 49 in
908 609 57 49 I

124 660 152 69 part.
225 660 186 69 Quaest.
361 660 118 69 8I.
428 660 169 69 Artic.
547 660 101 69 S.
597 660 169 69 procul
716 660 152 69 dubio
800 660 169 69 multipli

120 696 209 79 caretur,
276 696 122 79 qui
346 696 122 79 est
415 696 209 79 pessimus
554 696 122 79 error

340 745 273 66 LAP
457 745 234 66 IIII

161 787 122 86 I
209 787 268 86 VIDETVN
405 787 195 86 ergo
527 787 268 86 diuinam
722 787 244 86 Duplex
868 787 98 86 in

118 847 130 48 hac
191 847 296 48 consecutione
432 847 296 48 &collectione
673 847 185 48 vitium
802 847 93 48 a
821 847 130 48 Lom.-

116 894 173 71 bardo
231 894 230 71 admissum
404 894 153 71 est.
500 894 192 71 Primum
634 894 153 71 quod
730 894 249 71 perspicue
902 894 58 71 a

115 954 268 50 distributo
325 954 115 50 ad
383 954 134 50 non
459 954 287 50 distributum
670 954 287 50 argumentatur,

119 991 124 54 Est
190 991 142 54 enim
279 991 195 54 quiddam
420 991 283 54 distributum,
650 991 177 54 Pater,
774 991 195 54 Filius,
916 991 89 54 &

118 1039 218 62 Spiritus
281 1039 199 62 sanctus
426 1039 109 62 in
480 1039 218 62 diuinis.
644 1039 218 62 Essentia
807 1039 145 62 vero
879 1039 91 62 est

112 1086 234 67 quiddam
282 1086 149 67 non
367 1086 341 67 distributum.
644 1086 213 67 Itaque
794 1086 170 67 quum
879 1086 85 67 ex

127 1132 115 59 his
192 1132 213 59 Augustini
356 1132 180 59 verbis,
487 1132 148 59 Pater
586 1132 164 59 genuit
701 1132 148 59 illud
799 1132 131 59 quod
865 1132 98 59 ipse

128 1184 119 69 est,
203 1184 89 69 id
247 1184 119 69 est,
322 1184 194 69 essentiam
471 1184 164 69 diuinam
590 1184 104 69 sic
649 1184 119 69 iste
724 1184 179 69 efficit,
858 1184 89 69 At
888 1184 74 69 pa-

117 1228 104 74 ter
177 1228 104 74 est
236 1228 178 74 essentia
369 1228 163 74 diuina.
488 1228 119 74 ergo
562 1228 178 74 essentia
696 1228 148 74 diuina
800 1228 148 74 genuit
889 1228 74 74 di-

111 1287 158 56 uinam
217 1287 245 56 essentiam,
410 1287 281 56 paralogismus
637 1287 123 56 est
690 1287 263 56 manifestissi-

110 1332 147 52 mus,
201 1332 128 52 vbi
275 1332 147 52 quod
366 1332 110 52 de
421 1332 202 52 persona
568 1332 183 52 Patris
696 1332 202 52 proprie
843 1332 92 52 &
861 1332 92 52 ve-

114 1378 111 59 re
169 1378 277 59 enuntiatur,
391 1378 222 59 perperam
557 1378 111 59 ad
613 1378 166 59 ipsam
724 1378 240 59 essentiam
890 1378 74 59 ge

118 1430 236 51 neraliter
300 1430 273 51 traducitur.
518 1430 218 51 Gignendi
681 1430 145 51 enim
772 1430 164 51 actio
863 1430 91 51 non

108 1476 103 64 in
159 1476 241 64 essentiam:
349 1476 120 64 sed
418 1476 103 64 in
469 1476 155 64 ipsam
572 1476 172 64 Patris
693 1476 207 64 rationem
848 1476 86 64 &
865 1476 86 64 hy-

106 1530 240 53 postasin
286 1530 220 53 proprie
446 1530 200 53 cadit.
587 1530 240 53 Quanquam
767 1530 160 53 enim
847 1530 100 53 Pa-

108 1580 119 48 ter
176 1580 119 48 qui
244 1580 171 48 Filium
364 1580 188 48 genuit,
500 1580 119 48 est
569 1580 205 48 essentia
722 1580 188 48 diuina:
842 1580 119 48 tamen

109 1621 190 66 proprie
247 1621 121 66 non
316 1621 173 66 gignit
437 1621 155 66 Pater
541 1621 138 66 quam
627 1621 225 66 essentia:
800 1621 121 66 sed
851 1621 104 66 quam

118 1664 147 56 Pater
216 1664 131 56 est,
298 1664 229 56 φανερονdε,
478 1664 115 56 ait
543 1664 196 56 Basilius
690 1664 147 56 libro
788 1664 98 56 2.
821 1664 131 56 contra

111 1716 203 59 Eunomium
263 1716 102 59 8π
314 1716 118 59 και
382 1716 118 59 ετι
449 1716 169 59 παλρος
568 1716 118 59 καν
636 1716 102 59 ον
686 1716 102 59 EX
737 1716 152 59 ξνεαν
822 1716 135 59 αpisn
