1269 2033
105 100 154 72 recte
208 100 206 72 &concedi
362 100 86 72 &
396 100 137 72 dici
482 100 189 72 potest,
619 100 171 72 Diuina
739 100 206 72 essentia
876 100 69 72 ge

109 171 144 52 nuit
199 171 198 52 Filium,
343 171 198 52 quoniam
487 171 144 52 tunc
578 171 126 52 vox
650 171 162 52 Filij
740 171 216 52 restringit

110 217 231 57 generalem
288 217 231 57 essentiae
466 217 320 57 significatione
733 217 107 57 ad
786 217 213 57 personam

112 260 188 53 Patris.
249 260 188 53 Perinde
385 260 171 53 igitur
505 260 154 53 sonat
607 260 137 53 ista
693 260 205 53 locutio,
829 260 137 53 Diuina

114 308 190 53 essentia
256 308 158 53 genuit
367 308 174 53 Filium,
494 308 142 53 atque
588 308 142 53 haec,
683 308 142 53 Pater
778 308 158 53 genuit
873 308 79 53 Fi-

112 348 159 62 lium.
218 348 248 62 Augustinus
413 348 159 62 dixit
519 348 194 62 durius,
660 348 159 62 Pater
767 348 194 62 alterum
890 348 71 62 se

113 399 185 68 genuit.
248 399 185 68 Quaenam
382 399 168 68 igitur
500 399 134 68 fuit
583 399 168 68 istius
701 399 235 68 locutionis
869 399 84 68 re-

113 444 246 66 pudiandae,
307 444 105 66 id
359 444 141 66 est,
447 444 141 66 sine
535 444 193 66 commoda
658 444 299 66 interpretatione

116 498 126 62 non
188 498 269 62 admittendae
403 498 179 62 ratio:
529 498 197 62 Nimirum
672 498 197 62 duplex.
816 498 108 62 I.
851 498 108 62 quod

116 545 122 52 cum
185 545 210 52 actiones
343 545 140 52 sint
430 545 192 52 proprie
570 545 227 52 ἀοφάνεων.
745 545 105 52 I.
780 545 175 52 supposi-

121 597 160 66 torum,
233 597 112 66 non
297 597 192 66 essentia
441 597 128 66 ipsa
521 597 176 66 proprie
650 597 160 66 gignit
762 597 176 66 Filium,
874 597 80 66 sed

120 635 176 63 Pater.
244 635 141 63 Hanc
332 635 211 63 rationem
490 635 194 63 affert,
631 635 158 63 longe
737 635 176 63 quidem
842 635 106 63 isto

107 688 135 56 suo
184 688 232 56 magistro
358 688 232 56 peritior
532 688 193 56 Thomas
667 688 116 56 in
725 688 174 56 prima
822 688 135 56 parte

116 737 171 58 Quaest.
241 737 109 58 2I.
303 737 125 58 art.
381 737 93 58 8.
428 737 93 58 2.
474 737 140 58 ratio
568 737 125 58 est,
646 737 125 58 quod
724 737 93 58 ex
770 737 109 58 hoc
817 737 140 58 dicendi

119 786 171 67 genere
239 786 205 67 Essentia
393 786 171 67 diuina
512 786 171 67 genuit
632 786 171 67 Filium
752 786 171 67 facile
854 786 103 67 quis

114 834 110 52 in
169 834 128 52 eum
242 834 201 52 errorem
388 834 183 52 induci
516 834 201 52 potest,
662 834 110 52 vt
717 834 128 52 vel
772 834 183 52 dissimi-

115 876 128 66 lem
188 876 91 66 &
224 876 164 66 aliam
333 876 182 66 numero
461 876 164 66 putet
570 876 146 66 esse
661 876 237 66 essentiam
825 876 128 66 Filij

118 931 99 53 in
167 931 181 53 diuinis
299 931 99 53 ab
348 931 198 53 essentia
496 931 181 53 Patris,
628 931 165 53 qualis
743 931 115 53 est
809 931 99 53 in
842 931 115 53 rebus

114 976 216 53 humanis
271 976 216 53 diuersa
428 976 196 53 patrum
566 976 98 53 &
605 976 235 53 filiorum
762 976 196 53 essentia

115 1021 195 54 saltem
251 1021 215 54 numero:
407 1021 137 54 vel
485 1021 117 54 vt
544 1021 195 54 Patrem
680 1021 98 54 &
719 1021 195 54 Filium
836 1021 117 54 com-

112 1076 147 56 muni
204 1076 184 56 quadam
333 1076 239 56 essentia,
517 1076 166 56 velut
627 1076 221 56 materia,
775 1076 184 56 constare

117 1122 199 51 credat,
261 1122 108 51 ex
316 1122 126 51 qua
388 1122 199 51 vterque
532 1122 181 51 Filius
659 1122 90 51 &
695 1122 163 51 Pater
785 1122 163 51 confsa-

109 1167 134 54 tus
185 1167 172 54 atque
300 1167 267 54 compositus
510 1167 153 54 sit.
605 1167 153 54 Quod
701 1167 172 54 ipsum
796 1167 153 54 refuta

114 1216 133 79 lib.
198 1216 100 79 9.
247 1216 100 79 de
297 1216 216 79 Trinitate
464 1216 133 79 cap.
547 1216 100 79 S.
597 1216 249 79 Augustinus,
796 1216 150 79 quasi
879 1216 67 79 si

106 1263 238 79 quiddam
279 1263 303 79 aggregatum
496 1263 151 79 Deus.

297 1352 238 85 AD
416 1352 318 85 CAP.
575 1352 159 85 VI

139 1442 113 72 I
185 1442 316 72 ESSENTIAde
433 1442 294 72 essentia.
659 1442 226 72 Procul
795 1442 158 72 dubio

101 1513 221 49 concedit
266 1513 276 49 Augustinus,
487 1513 147 49 quod
580 1513 147 49 iste
672 1513 166 49 tamen
782 1513 129 49 tam
837 1513 111 49 sol-

101 1556 182 53 licite
228 1556 91 53 &
264 1556 163 53 anxie
373 1556 182 53 negat,
500 1556 163 53 nempe
609 1556 236 53 Essentiam
791 1556 200 53 diuinam

105 1599 158 67 esse
204 1599 119 67 de
263 1599 237 67 essentia
441 1599 217 67 diuina:
599 1599 119 67 Et
659 1599 178 67 tamen
757 1599 198 67 vtranque

104 1652 148 51 esse
196 1652 148 51 vnam
288 1652 259 51 essentiam,
491 1652 92 51 &
528 1652 203 51 eandem.
676 1652 185 51 Itaque
787 1652 166 51 distin-

114 1702 201 70 guenda
255 1702 161 70 sunt
355 1702 221 70 commode
516 1702 181 70 verba
636 1702 281 70 Augustini,
837 1702 121 70 quod
