1348 2088
355 91 113 60 non
420 91 146 60 facit
517 91 146 60 iste.
614 91 113 60 Est
678 91 194 60 essentia
824 91 162 60 diuina
937 91 97 60 de
986 91 194 60 essentia
1115 91 81 60 di-

352 144 144 61 uina
442 144 198 61 nimirum
587 144 198 61 ratione
731 144 235 61 ὑποςάνεως
911 144 180 61 &τροσῳ
1020 144 180 61 ὑπάρξεως

348 202 120 49 .I.
417 202 189 49 ratione
554 202 258 49 Personarum.
760 202 120 49 Est
829 202 138 49 enim
915 202 172 49 Filius
1035 202 86 49 a
1053 202 138 49 Patre-

355 249 136 47 est
432 249 175 47 tamen
549 249 136 47 vna
627 249 97 47 &
665 249 175 47 eadem
782 249 214 47 vtraque
937 249 233 47 essentia
1093 249 97 47 Pa-

356 292 128 63 tris
436 292 80 63 &
468 292 160 63 Filij,
581 292 289 63 nempeταυτoτατι
821 292 112 63 και
885 292 176 63 ατλἰτλι
1014 292 160 63 voias,
1110 292 96 63 quia

356 346 161 57 cadem
463 346 107 57 ad
517 346 197 57 numerum
660 346 125 57 est
731 346 232 57 essentia,
910 346 143 57 quae
999 346 107 57 in
1035 346 161 57 vtraque

351 386 136 71 illa
436 386 187 71 Persona
572 386 153 71 Patre
673 386 85 71 &
707 386 153 71 Filio
809 386 170 71 inest,
928 386 119 71 vti
995 386 85 71 &
1029 386 102 71 in
1063 386 136 71 Spiri-

351 433 110 67 tu
387 433 165 67 sancto.

398 479 98 61 X
438 479 117 61 De
496 479 196 61 natura
614 479 176 61 Patris.

389 528 88 59 S
425 528 247 59 Substantia
619 528 106 59 de
654 528 230 59 substantia.

401 581 115 52 Hi
458 581 134 52 duo
535 581 153 52 loci
630 581 95 52 &
668 581 344 52 surculi(quorum
955 581 172 52 prior
1069 581 115 52 ex
1108 581 95 52 ca-

349 627 102 55 2.
400 627 119 55 Ii.
468 627 102 55 de
519 627 136 55 Fide
604 627 102 55 ad
655 627 170 55 Petrum
774 627 221 55 decerptus
943 627 136 55 est,
1011 627 187 55 posterior

350 679 98 66 ex
399 679 131 66 lib.
480 679 114 66 Is.
545 679 98 66 de
594 679 212 66 Trinitate
758 679 131 66 cap.
839 679 98 66 2o
888 679 163 66 siquis
1002 679 196 66 attendat
1133 679 65 66 ad

355 727 151 57 ipsas
456 727 185 57 stirpes
590 727 84 57 &
624 727 168 57 venas,
741 727 101 57 ex
791 727 168 57 quibus
909 727 218 57 eruuntur,
1077 727 151 57 aliam

351 771 166 58 mentem
468 771 183 58 habent,
601 771 133 58 quam
684 771 133 58 quae
767 771 150 58 illis
867 771 100 58 ab
917 771 133 58 isto
984 771 216 58 affingitur.

352 827 138 53 Nam
431 827 236 53 vocabula
608 827 157 53 haec
706 827 197 53 Natura
844 827 98 53 &
883 827 275 53 Substantia
1080 827 118 53 iste

357 876 115 54 sic
422 876 197 54 exaudit,
570 876 99 54 vt
620 876 115 54 pro
685 876 197 54 essentia
833 876 214 54 sumantur,
998 876 99 54 id
1047 876 132 54 est,
1113 876 82 54 pro

349 928 106 49 ea
402 928 123 49 re,
473 928 141 49 quae
561 928 123 49 est
631 928 158 49 extra
737 928 211 49 ἀοοςάσuς
895 928 229 49 abstracta
1053 928 141 49 forma.

347 962 135 71 Ego
424 962 154 71 vero
520 962 231 71 vtramque
694 962 154 71 hanc
790 962 193 71 vocem,
925 962 154 71 quam
1021 962 154 71 quam
1099 962 96 71 suo

349 1010 154 77 loco,
452 1010 120 77 pro
520 1010 137 77 ipsa
606 1010 189 77 Persona
743 1010 137 77 sumi
829 1010 154 77 dico,
932 1010 154 77 idque
1018 1010 171 77 signifi-

345 1066 164 55 care,
454 1066 146 55 quod
546 1066 183 55 Graeci
674 1066 164 55 puοιν
783 1066 91 55 &
820 1066 201 55 κοῶςααν
966 1066 201 55 proprie
1094 1066 91 55 ap-

353 1119 213 58 pellant,
513 1119 142 58 quae
602 1119 124 58 non
673 1119 124 58 est
744 1119 231 58 abstracta
922 1119 196 58 quaedam
1065 1119 107 58 ab
1100 1119 89 58 hy-

349 1156 185 64 postasi
484 1156 152 64 forma
585 1156 84 64 &
619 1156 219 64 essentia:
787 1156 118 64 sed
854 1156 101 64 in
905 1156 135 64 ipso
989 1156 118 64 suo
1039 1156 152 64 ὑπεμει-

345 1201 134 70 μλῳ
421 1201 305 70 considerata,
669 1201 95 70 &
708 1201 305 70 caracteribus
956 1201 248 70 designata
1128 1201 76 70 ac

352 1263 230 59 constans
524 1263 211 59 natura.
678 1263 172 59 Idque
793 1263 172 59 ipsum
908 1263 268 59 diligenter
1099 1263 96 59 me-

353 1299 141 58 cum
434 1299 242 58 obseruat
615 1299 162 58 hunc
716 1299 242 58 Lombardi
898 1299 182 58 locum
999 1299 202 58 refutans

350 1352 157 56 Thomas
460 1352 94 56 in
507 1352 94 56 I.
555 1352 141 56 part.
649 1352 173 56 Quaest.
775 1352 110 56 2t.
838 1352 157 56 Artic.
948 1352 94 56 8.
995 1352 94 56 8.
1042 1352 94 56 ad
1089 1352 94 56 I.
1120 1352 79 56 Sic

356 1392 134 65 enim
440 1392 201 65 scribit,
591 1392 134 65 Vnde
675 1392 151 65 minus
775 1392 218 65 igpropria
943 1392 117 65 est
993 1392 201 65 istadlocu-

355 1441 128 64 tio)
435 1441 160 64 Natura
547 1441 96 64 de
596 1441 176 64 natura:
724 1441 209 64 sapientia
884 1441 96 64 de
932 1441 225 64 sapientia:
1109 1441 128 64 quam

351 1501 217 47 essentia
514 1501 109 47 de
568 1501 235 47 essentia.
749 1501 127 47 Sed
821 1501 90 47 &
857 1501 127 47 hic
930 1501 145 47 ipse
1002 1501 199 47 Lombardus

356 1541 191 55 seipsum
494 1541 208 55 euertens
650 1541 173 55 postea
771 1541 121 55 ita
841 1541 208 55 explicat
996 1541 139 55 lib.
1083 1541 104 55 S.
1118 1541 69 55 Di

352 1589 181 65 stinct.
483 1589 99 65 2.
533 1589 132 65 cap.
615 1589 99 65 I.
664 1589 115 65 vti
730 1589 115 65 nos
796 1589 115 65 hoc
862 1589 132 65 loco
944 1589 198 65 facimus.
1076 1589 115 65 Quare

351 1633 189 55 haeret
484 1633 114 55 in
540 1633 170 55 aqua.
654 1633 227 55 Quanquam
824 1633 151 55 enim
919 1633 170 55 saepe
1014 1633 170 55 naturan

357 1681 95 73 &
395 1681 285 73 substantiam
623 1681 133 73 cum
699 1681 152 73 voce
795 1681 247 73 essentiae
966 1681 228 73 Augustinus
