1302 2035
85 114 140 80 ipse
173 114 140 80 (vti
261 114 211 80 &reliqui
419 114 246 80 scriptores
612 114 193 80 Latini)
735 114 211 80 confundit.

91 166 175 68 saepe
207 166 175 68 tamen
323 166 252 68 religiose
517 166 175 68 earum
634 166 175 68 vocum
731 166 213 68 discrimen

85 220 285 66 obseruat,
305 220 329 66 quemadmodum
568 220 285 66 faciendum
765 220 176 66 quoque

93 258 142 83 ipse
182 258 159 83 docet
288 258 142 83 lib.
377 258 106 83 9.
430 258 106 83 de
483 258 230 83 Trinitate
660 258 142 83 cap.
748 258 106 83 4.
801 258 142 83 Ergo
872 258 71 83 de

90 307 173 83 natura
211 307 173 83 Patris
332 307 121 83 est
401 307 190 83 Filius,
540 307 87 83 &
574 307 104 83 de
626 307 242 83 substantia
800 307 139 83 Patris

99 360 137 75 est,
184 360 119 75 &de
253 360 188 75 persona
389 360 171 75 Patris
508 360 137 75 est.
594 360 119 75 Nam
662 360 205 75 personae
799 360 137 75 Patris

101 411 218 80 character
269 411 168 80 dictus
386 411 117 80 est
453 411 168 80 Filius
570 411 134 80 Heb.
654 411 101 80 I.
704 411 151 80 Vers.
805 411 101 80 2.
838 411 101 80 quia

93 451 174 79 Pater
208 451 135 79 eum
286 451 212 79 genuit.
440 451 174 79 Neque
555 451 154 79 enim
652 451 135 79 hae
729 451 212 79 phrases
864 451 77 79 a-

102 492 121 99 pud
171 492 242 99 Augustinum
361 492 277 99 fignificant,
587 492 208 99 Essentia
742 492 173 99 diuina
846 492 87 99 di-

93 555 167 71 uinam
205 555 223 71 essentia
372 555 204 71 genuit,
521 555 130 71 sed
595 555 204 71 Persona
725 555 204 71 Personam:

93 605 168 68 Atque
205 605 149 68 haec
299 605 168 68 pauca
411 605 168 68 verba
523 605 280 68 longissimam
747 605 168 68 huius
841 605 93 68 Di-

89 648 280 78 stinctionis
313 648 243 78 congeriem
482 648 205 78 euertunt.

248 710 227 91 AD
362 710 303 91 CAP.
513 710 190 91 VII

150 776 98 102 I
190 776 118 102 EX
248 776 137 102 qua
327 776 235 102 prouecta
503 776 157 102 est.
602 776 177 102 Codex
700 776 235 102 Hilarianus

85 844 158 66 habet
191 844 229 66 Profecta,
367 844 141 66 quod
455 844 88 66 &
490 844 246 66 dilucidius
684 844 141 66 est,
772 844 88 66 &
807 844 106 66 ad
842 844 88 66 men

94 895 116 71 tem
161 895 183 71 Hilarij
294 895 200 71 verbaque
444 895 150 71 ipsa,
543 895 133 71 quae
627 895 100 71 in
677 895 100 71 eo
726 895 166 71 capite
826 895 100 71 prae

88 945 280 75 cesserunt,
308 945 220 75 aptius.
468 945 200 75 Verbum
607 945 160 75 enim
687 945 240 75 Prouebendi

89 992 176 64 nescio
212 992 141 64 quid
300 992 264 64 Sabellianum
511 992 176 64 sapit:
634 992 176 64 saltem
757 992 123 64 est
828 992 88 64 a
845 992 88 64 re-

86 1038 245 68 centiore,
274 1038 94 68 &
312 1038 169 68 paulo
425 1038 151 68 post
519 1038 207 68 Hilarij
670 1038 207 68 tempora
801 1038 132 68 enata

92 1081 327 76 Marcellianorum
364 1081 200 76 haeresi
509 1081 236 76 prolatum:
691 1081 127 76 qui
745 1081 182 76 personas

94 1127 202 74 diuinas
241 1127 220 74 dicebant
406 1127 165 74 vnius
516 1127 220 74 cuiusdam
681 1127 220 74 materiae
828 1127 92 74 ex-

90 1181 234 61 tensionem
270 1181 144 61 esse
360 1181 90 61 &
396 1181 306 61 prouectionem.
649 1181 126 61 Sic
721 1181 180 61 igitur
829 1181 90 61 Hi-

91 1222 180 77 larius,
221 1222 114 77 Non
287 1222 131 77 enim
368 1222 114 77 per
433 1222 261 77 desectionem,
646 1222 114 77 aut
695 1222 228 77 protensionem

89 1275 110 69 aut
152 1275 110 69 per
215 1275 252 69 deriuationem
420 1275 95 69 ex
467 1275 110 69 Deo
530 1275 126 69 Deus
609 1275 126 69 est:
688 1275 110 69 sed
751 1275 95 69 ex
782 1275 142 69 virtute

83 1321 170 79 naturae
206 1321 93 79 in
252 1321 170 79 naturam
376 1321 154 79 eandem
484 1321 216 79 natiuitate
654 1321 216 79 subsistit,
808 1321 108 79 nati-

89 1373 136 70 uitas
179 1373 106 70 Dei
240 1373 106 70 non
300 1373 151 70 potest
406 1373 121 70 eam,
481 1373 91 70 ex
527 1373 106 70 qua
587 1373 181 70 profecta
723 1373 121 70 est,
798 1373 106 70 non
844 1373 75 70 te-

86 1424 149 75 nere
180 1424 224 75 naturam.
347 1424 186 75 Itaque
478 1424 168 75 malim
590 1424 112 75 ex
645 1424 149 75 ipso
720 1424 205 75 prototypo

85 1461 234 71 restituere
253 1461 184 71 profecta.

135 1511 90 84 2
171 1511 144 84 Quam
261 1511 108 84 de
315 1511 126 84 Deo
387 1511 252 84 subsistit.
584 1511 216 84 Hilarius
746 1511 162 84 habet
836 1511 90 84 vo-

80 1572 135 57 cem,
164 1572 152 57 Deus,
265 1572 135 57 quae
350 1572 118 57 hic
417 1572 118 57 non
484 1572 118 57 est
552 1572 101 57 de
602 1572 185 57 nihilo.
737 1572 118 57 Sic
787 1572 135 57 igitur

83 1611 137 69 ule,
169 1611 154 69 Neque
271 1611 137 69 enim
357 1611 171 69 aliud,
477 1611 137 69 quam
563 1611 137 69 Deus
649 1611 240 69 subsistit,
820 1611 103 69 quod

90 1660 127 76 non
162 1660 217 76 aliunde,
325 1660 145 76 quam
416 1660 109 76 ex
470 1660 127 76 Deo
543 1660 145 76 Deus
633 1660 254 76 subsistit.
832 1660 127 76 Tam

82 1710 222 78 accurata
249 1710 148 78 enim
342 1710 167 78 vocis
453 1710 148 78 Deus
545 1710 259 78 inculcatio
730 1710 204 78 demostrat
