<?xml version="1.0" encoding="UTF-8"?>
<alto xmlns:xsi="http://www.w3.org/2001/XMLSchema-instance"
      xmlns="http://www.loc.gov/standards/alto/ns-v2#"
      xmlns:page="http://schema.primaresearch.org/PAGE/gts/pagecontent/2013-07-15"
      xsi:schemaLocation="http://www.loc.gov/standards/alto/ns-v2# http://www.loc.gov/standards/alto/alto.xsd">
   <Description>
      <MeasurementUnit>pixel</MeasurementUnit>
      <OCRProcessing ID="IdOcr">
         <ocrProcessingStep>
            <processingDateTime>2021-02-10T14:38:42.737-05:00</processingDateTime>
            <processingSoftware>
               <softwareCreator>READ COOP</softwareCreator>
               <softwareName>Transkribus</softwareName>
            </processingSoftware>
         </ocrProcessingStep>
      </OCRProcessing>
   </Description>
   <Tags/>
   <Layout>
      <Page ID="Page1" PHYSICAL_IMG_NR="1" HEIGHT="2034" WIDTH="1260">
         <TopMargin HEIGHT="0" WIDTH="1260" VPOS="0" HPOS="0"/>
         <LeftMargin HEIGHT="2034" WIDTH="0" VPOS="0" HPOS="0"/>
         <RightMargin HEIGHT="2034" WIDTH="0" VPOS="0" HPOS="1260"/>
         <BottomMargin HEIGHT="0" WIDTH="1260" VPOS="2034" HPOS="0"/>
         <PrintSpace HEIGHT="2034" WIDTH="1260" VPOS="0" HPOS="0">
            <TextBlock ID="r1" HEIGHT="1760" WIDTH="950" VPOS="31" HPOS="155">
               <Shape>
                  <Polygon POINTS="155,31 155,1791 1105,1791 1105,31"/>
               </Shape>
               <TextLine ID="r1l2"
                         BASELINE="150"
                         HEIGHT="87"
                         WIDTH="958"
                         VPOS="63"
                         HPOS="153">
                  <String HEIGHT="87" WIDTH="117" VPOS="63" HPOS="133" CONTENT="de"/>
                  <SP HEIGHT="87" WIDTH="20" VPOS="63" HPOS="251"/>
                  <String HEIGHT="87"
                          WIDTH="254"
                          VPOS="63"
                          HPOS="192"
                          CONTENT="seruilis,"/>
                  <SP HEIGHT="87" WIDTH="20" VPOS="63" HPOS="446"/>
                  <String HEIGHT="87"
                          WIDTH="215"
                          VPOS="63"
                          HPOS="388"
                          CONTENT="inquam,"/>
                  <SP HEIGHT="87" WIDTH="20" VPOS="63" HPOS="603"/>
                  <String HEIGHT="87"
                          WIDTH="274"
                          VPOS="63"
                          HPOS="544"
                          CONTENT="superiorum"/>
                  <SP HEIGHT="87" WIDTH="20" VPOS="63" HPOS="818"/>
                  <String HEIGHT="87"
                          WIDTH="215"
                          VPOS="63"
                          HPOS="759"
                          CONTENT="illorum"/>
                  <SP HEIGHT="87" WIDTH="20" VPOS="63" HPOS="974"/>
                  <String HEIGHT="87"
                          WIDTH="215"
                          VPOS="63"
                          HPOS="896"
                          CONTENT="temporum,"/>
               </TextLine>
               <TextLine ID="r1l3"
                         BASELINE="214"
                         HEIGHT="68"
                         WIDTH="944"
                         VPOS="146"
                         HPOS="161">
                  <String HEIGHT="68"
                          WIDTH="221"
                          VPOS="146"
                          HPOS="141"
                          CONTENT="(quibus"/>
                  <SP HEIGHT="68" WIDTH="20" VPOS="146" HPOS="362"/>
                  <String HEIGHT="68"
                          WIDTH="221"
                          VPOS="146"
                          HPOS="302"
                          CONTENT="Papatus"/>
                  <SP HEIGHT="68" WIDTH="20" VPOS="146" HPOS="523"/>
                  <String HEIGHT="68" WIDTH="121" VPOS="146" HPOS="462" CONTENT="in"/>
                  <SP HEIGHT="68" WIDTH="20" VPOS="146" HPOS="583"/>
                  <String HEIGHT="68"
                          WIDTH="241"
                          VPOS="146"
                          HPOS="523"
                          CONTENT="Ecclesia"/>
                  <SP HEIGHT="68" WIDTH="20" VPOS="146" HPOS="764"/>
                  <String HEIGHT="68"
                          WIDTH="261"
                          VPOS="146"
                          HPOS="703"
                          CONTENT="Trannidem"/>
                  <SP HEIGHT="68" WIDTH="20" VPOS="146" HPOS="964"/>
                  <String HEIGHT="68"
                          WIDTH="221"
                          VPOS="146"
                          HPOS="884"
                          CONTENT="obtinuit)"/>
               </TextLine>
               <TextLine ID="r1l4"
                         BASELINE="262"
                         HEIGHT="65"
                         WIDTH="936"
                         VPOS="197"
                         HPOS="161">
                  <String HEIGHT="65"
                          WIDTH="243"
                          VPOS="197"
                          HPOS="142"
                          CONTENT="seruitus."/>
                  <SP HEIGHT="65" WIDTH="19" VPOS="197" HPOS="386"/>
                  <String HEIGHT="65"
                          WIDTH="150"
                          VPOS="197"
                          HPOS="329"
                          CONTENT="Ergo"/>
                  <SP HEIGHT="65" WIDTH="19" VPOS="197" HPOS="479"/>
                  <String HEIGHT="65"
                          WIDTH="150"
                          VPOS="197"
                          HPOS="423"
                          CONTENT="quod"/>
                  <SP HEIGHT="65" WIDTH="19" VPOS="197" HPOS="573"/>
                  <String HEIGHT="65" WIDTH="112" VPOS="197" HPOS="517" CONTENT="in"/>
                  <SP HEIGHT="65" WIDTH="19" VPOS="197" HPOS="629"/>
                  <String HEIGHT="65"
                          WIDTH="243"
                          VPOS="197"
                          HPOS="573"
                          CONTENT="pecudibus"/>
                  <SP HEIGHT="65" WIDTH="19" VPOS="197" HPOS="816"/>
                  <String HEIGHT="65"
                          WIDTH="168"
                          VPOS="197"
                          HPOS="760"
                          CONTENT="fieri"/>
                  <SP HEIGHT="65" WIDTH="19" VPOS="197" HPOS="929"/>
                  <String HEIGHT="65"
                          WIDTH="225"
                          VPOS="197"
                          HPOS="872"
                          CONTENT="videmus,"/>
                  <SP HEIGHT="65" WIDTH="19" VPOS="197" HPOS="1097"/>
                  <String HEIGHT="65" WIDTH="75" VPOS="197" HPOS="1022" CONTENT="vt"/>
               </TextLine>
               <TextLine ID="r1l5"
                         BASELINE="324"
                         HEIGHT="70"
                         WIDTH="940"
                         VPOS="254"
                         HPOS="157">
                  <String HEIGHT="70" WIDTH="118" VPOS="254" HPOS="137" CONTENT="si"/>
                  <SP HEIGHT="70" WIDTH="20" VPOS="254" HPOS="255"/>
                  <String HEIGHT="70"
                          WIDTH="196"
                          VPOS="254"
                          HPOS="196"
                          CONTENT="quando"/>
                  <SP HEIGHT="70" WIDTH="20" VPOS="254" HPOS="392"/>
                  <String HEIGHT="70" WIDTH="118" VPOS="254" HPOS="333" CONTENT="in"/>
                  <SP HEIGHT="70" WIDTH="20" VPOS="254" HPOS="451"/>
                  <String HEIGHT="70"
                          WIDTH="176"
                          VPOS="254"
                          HPOS="392"
                          CONTENT="grege"/>
                  <SP HEIGHT="70" WIDTH="20" VPOS="254" HPOS="568"/>
                  <String HEIGHT="70"
                          WIDTH="176"
                          VPOS="254"
                          HPOS="510"
                          CONTENT="quium"/>
                  <SP HEIGHT="70" WIDTH="20" VPOS="254" HPOS="686"/>
                  <String HEIGHT="70" WIDTH="137" VPOS="254" HPOS="627" CONTENT="vna"/>
                  <SP HEIGHT="70" WIDTH="20" VPOS="254" HPOS="764"/>
                  <String HEIGHT="70"
                          WIDTH="215"
                          VPOS="254"
                          HPOS="705"
                          CONTENT="propter"/>
                  <SP HEIGHT="70" WIDTH="20" VPOS="254" HPOS="921"/>
                  <String HEIGHT="70"
                          WIDTH="176"
                          VPOS="254"
                          HPOS="862"
                          CONTENT="metum"/>
                  <SP HEIGHT="70" WIDTH="20" VPOS="254" HPOS="1038"/>
                  <String HEIGHT="70"
                          WIDTH="137"
                          VPOS="254"
                          HPOS="960"
                          CONTENT="locum"/>
               </TextLine>
               <TextLine ID="r1l6"
                         BASELINE="385"
                         HEIGHT="60"
                         WIDTH="950"
                         VPOS="325"
                         HPOS="149">
                  <String HEIGHT="60"
                          WIDTH="207"
                          VPOS="325"
                          HPOS="132"
                          CONTENT="aliquem,"/>
                  <SP HEIGHT="60" WIDTH="17" VPOS="325" HPOS="339"/>
                  <String HEIGHT="60"
                          WIDTH="155"
                          VPOS="325"
                          HPOS="287"
                          CONTENT="velut"/>
                  <SP HEIGHT="60" WIDTH="17" VPOS="325" HPOS="443"/>
                  <String HEIGHT="60"
                          WIDTH="259"
                          VPOS="325"
                          HPOS="391"
                          CONTENT="salebrosum,"/>
                  <SP HEIGHT="60" WIDTH="17" VPOS="325" HPOS="650"/>
                  <String HEIGHT="60"
                          WIDTH="155"
                          VPOS="325"
                          HPOS="598"
                          CONTENT="saltu"/>
                  <SP HEIGHT="60" WIDTH="17" VPOS="325" HPOS="754"/>
                  <String HEIGHT="60"
                          WIDTH="294"
                          VPOS="325"
                          HPOS="702"
                          CONTENT="transilierit,"/>
                  <SP HEIGHT="60" WIDTH="17" VPOS="325" HPOS="995"/>
                  <String HEIGHT="60"
                          WIDTH="173"
                          VPOS="325"
                          HPOS="926"
                          CONTENT="caeterae"/>
               </TextLine>
               <TextLine ID="r1l7"
                         BASELINE="442"
                         HEIGHT="74"
                         WIDTH="947"
                         VPOS="368"
                         HPOS="149">
                  <String HEIGHT="74"
                          WIDTH="174"
                          VPOS="368"
                          HPOS="130"
                          CONTENT="omnes"/>
                  <SP HEIGHT="74" WIDTH="19" VPOS="368" HPOS="304"/>
                  <String HEIGHT="74" WIDTH="116" VPOS="368" HPOS="246" CONTENT="ad"/>
                  <SP HEIGHT="74" WIDTH="19" VPOS="368" HPOS="362"/>
                  <String HEIGHT="74"
                          WIDTH="193"
                          VPOS="368"
                          HPOS="304"
                          CONTENT="illius"/>
                  <SP HEIGHT="74" WIDTH="19" VPOS="368" HPOS="497"/>
                  <String HEIGHT="74"
                          WIDTH="309"
                          VPOS="368"
                          HPOS="439"
                          CONTENT="imitationem,"/>
                  <SP HEIGHT="74" WIDTH="19" VPOS="368" HPOS="748"/>
                  <String HEIGHT="74" WIDTH="97" VPOS="368" HPOS="690" CONTENT="&amp;"/>
                  <SP HEIGHT="74" WIDTH="19" VPOS="368" HPOS="787"/>
                  <String HEIGHT="74"
                          WIDTH="174"
                          VPOS="368"
                          HPOS="729"
                          CONTENT="eodem"/>
                  <SP HEIGHT="74" WIDTH="19" VPOS="368" HPOS="903"/>
                  <String HEIGHT="74"
                          WIDTH="271"
                          VPOS="368"
                          HPOS="825"
                          CONTENT="inconsidera"
                          SUBS_TYPE="HypPart1"
                          SUBS_CONTENT="inconsiderato"/>
                  <HYP CONTENT="-"/>
               </TextLine>
               <TextLine ID="r1l8"
                         BASELINE="497"
                         HEIGHT="70"
                         WIDTH="952"
                         VPOS="427"
                         HPOS="155">
                  <String HEIGHT="70"
                          WIDTH="112"
                          VPOS="427"
                          HPOS="136"
                          CONTENT="to"
                          SUBS_TYPE="HypPart2"
                          SUBS_CONTENT="inconsiderato"/>
                  <SP HEIGHT="70" WIDTH="19" VPOS="427" HPOS="248"/>
                  <String HEIGHT="70"
                          WIDTH="168"
                          VPOS="427"
                          HPOS="192"
                          CONTENT="metum"/>
                  <SP HEIGHT="70" WIDTH="19" VPOS="427" HPOS="360"/>
                  <String HEIGHT="70"
                          WIDTH="243"
                          VPOS="427"
                          HPOS="304"
                          CONTENT="perculsae"/>
                  <SP HEIGHT="70" WIDTH="19" VPOS="427" HPOS="547"/>
                  <String HEIGHT="70"
                          WIDTH="187"
                          VPOS="427"
                          HPOS="491"
                          CONTENT="eundem"/>
                  <SP HEIGHT="70" WIDTH="19" VPOS="427" HPOS="678"/>
                  <String HEIGHT="70"
                          WIDTH="168"
                          VPOS="427"
                          HPOS="622"
                          CONTENT="illum"/>
                  <SP HEIGHT="70" WIDTH="19" VPOS="427" HPOS="790"/>
                  <String HEIGHT="70"
                          WIDTH="168"
                          VPOS="427"
                          HPOS="734"
                          CONTENT="locum"/>
                  <SP HEIGHT="70" WIDTH="19" VPOS="427" HPOS="902"/>
                  <String HEIGHT="70"
                          WIDTH="168"
                          VPOS="427"
                          HPOS="846"
                          CONTENT="saltu"/>
                  <SP HEIGHT="70" WIDTH="19" VPOS="427" HPOS="1014"/>
                  <String HEIGHT="70"
                          WIDTH="187"
                          VPOS="427"
                          HPOS="958"
                          CONTENT="itidem"/>
                  <SP HEIGHT="70" WIDTH="19" VPOS="427" HPOS="1144"/>
                  <String HEIGHT="70" WIDTH="37" VPOS="427" HPOS="1070" CONTENT=""/>
               </TextLine>
               <TextLine ID="r1l9"
                         BASELINE="558"
                         HEIGHT="66"
                         WIDTH="947"
                         VPOS="492"
                         HPOS="150">
                  <String HEIGHT="66"
                          WIDTH="316"
                          VPOS="492"
                          HPOS="131"
                          CONTENT="transmittant:"/>
                  <SP HEIGHT="66" WIDTH="19" VPOS="492" HPOS="447"/>
                  <String HEIGHT="66" WIDTH="130" VPOS="492" HPOS="391" CONTENT="ita"/>
                  <SP HEIGHT="66" WIDTH="19" VPOS="492" HPOS="521"/>
                  <String HEIGHT="66"
                          WIDTH="241"
                          VPOS="492"
                          HPOS="466"
                          CONTENT="hominibus"/>
                  <SP HEIGHT="66" WIDTH="19" VPOS="492" HPOS="707"/>
                  <String HEIGHT="66"
                          WIDTH="297"
                          VPOS="492"
                          HPOS="651"
                          CONTENT="Scholasticis"/>
                  <SP HEIGHT="66" WIDTH="19" VPOS="492" HPOS="948"/>
                  <String HEIGHT="66"
                          WIDTH="204"
                          VPOS="492"
                          HPOS="893"
                          CONTENT="euenit,"/>
                  <SP HEIGHT="66" WIDTH="19" VPOS="492" HPOS="1097"/>
                  <String HEIGHT="66" WIDTH="74" VPOS="492" HPOS="1023" CONTENT="vt"/>
               </TextLine>
               <TextLine ID="r1l10"
                         BASELINE="610"
                         HEIGHT="71"
                         WIDTH="951"
                         VPOS="539"
                         HPOS="156">
                  <String HEIGHT="71"
                          WIDTH="165"
                          VPOS="539"
                          HPOS="135"
                          CONTENT="quod"/>
                  <SP HEIGHT="71" WIDTH="21" VPOS="539" HPOS="301"/>
                  <String HEIGHT="71" WIDTH="103" VPOS="539" HPOS="239" CONTENT="a"/>
                  <SP HEIGHT="71" WIDTH="21" VPOS="539" HPOS="342"/>
                  <String HEIGHT="71"
                          WIDTH="269"
                          VPOS="539"
                          HPOS="280"
                          CONTENT="Maioribus"/>
                  <SP HEIGHT="71" WIDTH="21" VPOS="539" HPOS="549"/>
                  <String HEIGHT="71"
                          WIDTH="248"
                          VPOS="539"
                          HPOS="487"
                          CONTENT="intactum"/>
                  <SP HEIGHT="71" WIDTH="21" VPOS="539" HPOS="735"/>
                  <String HEIGHT="71" WIDTH="124" VPOS="539" HPOS="673" CONTENT="ac"/>
                  <SP HEIGHT="71" WIDTH="21" VPOS="539" HPOS="797"/>
                  <String HEIGHT="71"
                          WIDTH="310"
                          VPOS="539"
                          HPOS="735"
                          CONTENT="inemendatum"/>
                  <SP HEIGHT="71" WIDTH="21" VPOS="539" HPOS="1045"/>
                  <String HEIGHT="71"
                          WIDTH="145"
                          VPOS="539"
                          HPOS="962"
                          CONTENT="acce"
                          SUBS_TYPE="HypPart1"
                          SUBS_CONTENT="acceperant,"/>
                  <HYP CONTENT="-"/>
               </TextLine>
               <TextLine ID="r1l11"
                         BASELINE="661"
                         HEIGHT="60"
                         WIDTH="950"
                         VPOS="601"
                         HPOS="158">
                  <String HEIGHT="60"
                          WIDTH="213"
                          VPOS="601"
                          HPOS="139"
                          CONTENT="perant,"
                          SUBS_TYPE="HypPart2"
                          SUBS_CONTENT="acceperant,"/>
                  <SP HEIGHT="60" WIDTH="19" VPOS="601" HPOS="352"/>
                  <String HEIGHT="60"
                          WIDTH="155"
                          VPOS="601"
                          HPOS="294"
                          CONTENT="ipsi"/>
                  <SP HEIGHT="60" WIDTH="19" VPOS="601" HPOS="449"/>
                  <String HEIGHT="60"
                          WIDTH="194"
                          VPOS="601"
                          HPOS="391"
                          CONTENT="quoque"/>
                  <SP HEIGHT="60" WIDTH="19" VPOS="601" HPOS="585"/>
                  <String HEIGHT="60"
                          WIDTH="194"
                          VPOS="601"
                          HPOS="526"
                          CONTENT="Panico"/>
                  <SP HEIGHT="60" WIDTH="19" VPOS="601" HPOS="720"/>
                  <String HEIGHT="60"
                          WIDTH="194"
                          VPOS="601"
                          HPOS="662"
                          CONTENT="quodam"/>
                  <SP HEIGHT="60" WIDTH="19" VPOS="601" HPOS="856"/>
                  <String HEIGHT="60"
                          WIDTH="213"
                          VPOS="601"
                          HPOS="798"
                          CONTENT="terrore"/>
                  <SP HEIGHT="60" WIDTH="19" VPOS="601" HPOS="1011"/>
                  <String HEIGHT="60"
                          WIDTH="174"
                          VPOS="601"
                          HPOS="934"
                          CONTENT="attoni"
                          SUBS_TYPE="HypPart1"
                          SUBS_CONTENT="attoniti,"/>
                  <HYP CONTENT="-"/>
               </TextLine>
               <TextLine ID="r1l12"
                         BASELINE="724"
                         HEIGHT="64"
                         WIDTH="941"
                         VPOS="660"
                         HPOS="156">
                  <String HEIGHT="64"
                          WIDTH="124"
                          VPOS="660"
                          HPOS="138"
                          CONTENT="ti,"
                          SUBS_TYPE="HypPart2"
                          SUBS_CONTENT="attoniti,"/>
                  <SP HEIGHT="64" WIDTH="18" VPOS="660" HPOS="263"/>
                  <String HEIGHT="64" WIDTH="89" VPOS="660" HPOS="209" CONTENT="&amp;"/>
                  <SP HEIGHT="64" WIDTH="18" VPOS="660" HPOS="298"/>
                  <String HEIGHT="64"
                          WIDTH="160"
                          VPOS="660"
                          HPOS="245"
                          CONTENT="velut"/>
                  <SP HEIGHT="64" WIDTH="18" VPOS="660" HPOS="405"/>
                  <String HEIGHT="64"
                          WIDTH="266"
                          VPOS="660"
                          HPOS="351"
                          CONTENT="eμξρoMuloi,"/>
                  <SP HEIGHT="64" WIDTH="18" VPOS="660" HPOS="618"/>
                  <String HEIGHT="64"
                          WIDTH="373"
                          VPOS="660"
                          HPOS="564"
                          CONTENT="praetersilientes,"/>
                  <SP HEIGHT="64" WIDTH="18" VPOS="660" HPOS="937"/>
                  <String HEIGHT="64" WIDTH="107" VPOS="660" HPOS="884" CONTENT="in"/>
                  <SP HEIGHT="64" WIDTH="18" VPOS="660" HPOS="990"/>
                  <String HEIGHT="64"
                          WIDTH="178"
                          VPOS="660"
                          HPOS="919"
                          CONTENT="examina"
                          SUBS_TYPE="HypPart1"
                          SUBS_CONTENT="examinatum,"/>
                  <HYP CONTENT="-"/>
               </TextLine>
               <TextLine ID="r1l13"
                         BASELINE="776"
                         HEIGHT="62"
                         WIDTH="950"
                         VPOS="714"
                         HPOS="152">
                  <String HEIGHT="62"
                          WIDTH="152"
                          VPOS="714"
                          HPOS="133"
                          CONTENT="tum,"
                          SUBS_TYPE="HypPart2"
                          SUBS_CONTENT="examinatum,"/>
                  <SP HEIGHT="62" WIDTH="19" VPOS="714" HPOS="285"/>
                  <String HEIGHT="62" WIDTH="133" VPOS="714" HPOS="228" CONTENT="aut"/>
                  <SP HEIGHT="62" WIDTH="19" VPOS="714" HPOS="361"/>
                  <String HEIGHT="62" WIDTH="114" VPOS="714" HPOS="304" CONTENT="in"/>
                  <SP HEIGHT="62" WIDTH="19" VPOS="714" HPOS="418"/>
                  <String HEIGHT="62"
                          WIDTH="266"
                          VPOS="714"
                          HPOS="361"
                          CONTENT="exploratum"/>
                  <SP HEIGHT="62" WIDTH="19" VPOS="714" HPOS="627"/>
                  <String HEIGHT="62"
                          WIDTH="323"
                          VPOS="714"
                          HPOS="570"
                          CONTENT="relinquerent."/>
                  <SP HEIGHT="62" WIDTH="19" VPOS="714" HPOS="893"/>
                  <String HEIGHT="62"
                          WIDTH="152"
                          VPOS="714"
                          HPOS="836"
                          CONTENT="Fuit"/>
                  <SP HEIGHT="62" WIDTH="19" VPOS="714" HPOS="988"/>
                  <String HEIGHT="62"
                          WIDTH="152"
                          VPOS="714"
                          HPOS="931"
                          CONTENT="enim"/>
                  <SP HEIGHT="62" WIDTH="19" VPOS="714" HPOS="1083"/>
                  <String HEIGHT="62"
                          WIDTH="95"
                          VPOS="714"
                          HPOS="1007"
                          CONTENT="il"
                          SUBS_TYPE="HypPart1"
                          SUBS_CONTENT="illis"/>
                  <HYP CONTENT="-"/>
               </TextLine>
               <TextLine ID="r1l14"
                         BASELINE="838"
                         HEIGHT="67"
                         WIDTH="951"
                         VPOS="771"
                         HPOS="153">
                  <String HEIGHT="67"
                          WIDTH="145"
                          VPOS="771"
                          HPOS="132"
                          CONTENT="lis"
                          SUBS_TYPE="HypPart2"
                          SUBS_CONTENT="illis"/>
                  <SP HEIGHT="67" WIDTH="21" VPOS="771" HPOS="277"/>
                  <String HEIGHT="67"
                          WIDTH="165"
                          VPOS="771"
                          HPOS="215"
                          CONTENT="homo"/>
                  <SP HEIGHT="67" WIDTH="21" VPOS="771" HPOS="380"/>
                  <String HEIGHT="67"
                          WIDTH="186"
                          VPOS="771"
                          HPOS="318"
                          CONTENT="sacer"/>
                  <SP HEIGHT="67" WIDTH="21" VPOS="771" HPOS="504"/>
                  <String HEIGHT="67" WIDTH="103" VPOS="771" HPOS="442" CONTENT="&amp;"/>
                  <SP HEIGHT="67" WIDTH="21" VPOS="771" HPOS="546"/>
                  <String HEIGHT="67"
                          WIDTH="207"
                          VPOS="771"
                          HPOS="484"
                          CONTENT="dounoc"/>
                  <SP HEIGHT="67" WIDTH="21" VPOS="771" HPOS="691"/>
                  <String HEIGHT="67"
                          WIDTH="289"
                          VPOS="771"
                          HPOS="629"
                          CONTENT="Lombardus,"/>
                  <SP HEIGHT="67" WIDTH="21" VPOS="771" HPOS="918"/>
                  <String HEIGHT="67"
                          WIDTH="165"
                          VPOS="771"
                          HPOS="856"
                          CONTENT="quem"/>
                  <SP HEIGHT="67" WIDTH="21" VPOS="771" HPOS="1021"/>
                  <String HEIGHT="67"
                          WIDTH="165"
                          VPOS="771"
                          HPOS="939"
                          CONTENT="attin"
                          SUBS_TYPE="HypPart1"
                          SUBS_CONTENT="attingere"/>
                  <HYP CONTENT="-"/>
               </TextLine>
               <TextLine ID="r1l15"
                         BASELINE="887"
                         HEIGHT="62"
                         WIDTH="940"
                         VPOS="825"
                         HPOS="159">
                  <String HEIGHT="62"
                          WIDTH="147"
                          VPOS="825"
                          HPOS="141"
                          CONTENT="gere"
                          SUBS_TYPE="HypPart2"
                          SUBS_CONTENT="attingere"/>
                  <SP HEIGHT="62" WIDTH="18" VPOS="825" HPOS="288"/>
                  <String HEIGHT="62"
                          WIDTH="147"
                          VPOS="825"
                          HPOS="233"
                          CONTENT="nemo"/>
                  <SP HEIGHT="62" WIDTH="18" VPOS="825" HPOS="380"/>
                  <String HEIGHT="62" WIDTH="111" VPOS="825" HPOS="325" CONTENT="ea"/>
                  <SP HEIGHT="62" WIDTH="18" VPOS="825" HPOS="435"/>
                  <String HEIGHT="62"
                          WIDTH="184"
                          VPOS="825"
                          HPOS="380"
                          CONTENT="aetate"/>
                  <SP HEIGHT="62" WIDTH="18" VPOS="825" HPOS="564"/>
                  <String HEIGHT="62"
                          WIDTH="221"
                          VPOS="825"
                          HPOS="509"
                          CONTENT="audebat:"/>
                  <SP HEIGHT="62" WIDTH="18" VPOS="825" HPOS="730"/>
                  <String HEIGHT="62" WIDTH="92" VPOS="825" HPOS="675" CONTENT="&amp;"/>
                  <SP HEIGHT="62" WIDTH="18" VPOS="825" HPOS="767"/>
                  <String HEIGHT="62"
                          WIDTH="184"
                          VPOS="825"
                          HPOS="712"
                          CONTENT="ipsius"/>
                  <SP HEIGHT="62" WIDTH="18" VPOS="825" HPOS="896"/>
                  <String HEIGHT="62"
                          WIDTH="221"
                          VPOS="825"
                          HPOS="841"
                          CONTENT="scripta,"/>
                  <SP HEIGHT="62" WIDTH="18" VPOS="825" HPOS="1062"/>
                  <String HEIGHT="62"
                          WIDTH="111"
                          VPOS="825"
                          HPOS="988"
                          CONTENT="tan"
                          SUBS_TYPE="HypPart1"
                          SUBS_CONTENT="tanquam"/>
                  <HYP CONTENT="-"/>
               </TextLine>
               <TextLine ID="r1l16"
                         BASELINE="946"
                         HEIGHT="72"
                         WIDTH="950"
                         VPOS="874"
                         HPOS="149">
                  <String HEIGHT="72"
                          WIDTH="169"
                          VPOS="874"
                          HPOS="128"
                          CONTENT="quam"
                          SUBS_TYPE="HypPart2"
                          SUBS_CONTENT="tanquam"/>
                  <SP HEIGHT="72" WIDTH="21" VPOS="874" HPOS="297"/>
                  <String HEIGHT="72"
                          WIDTH="190"
                          VPOS="874"
                          HPOS="233"
                          CONTENT="aurum"/>
                  <SP HEIGHT="72" WIDTH="21" VPOS="874" HPOS="423"/>
                  <String HEIGHT="72"
                          WIDTH="232"
                          VPOS="874"
                          HPOS="360"
                          CONTENT="quoddam"/>
                  <SP HEIGHT="72" WIDTH="21" VPOS="874" HPOS="592"/>
                  <String HEIGHT="72"
                          WIDTH="296"
                          VPOS="874"
                          HPOS="529"
                          CONTENT="Tholosanum"/>
                  <SP HEIGHT="72" WIDTH="21" VPOS="874" HPOS="825"/>
                  <String HEIGHT="72"
                          WIDTH="169"
                          VPOS="874"
                          HPOS="761"
                          CONTENT="(aut"/>
                  <SP HEIGHT="72" WIDTH="21" VPOS="874" HPOS="930"/>
                  <String HEIGHT="72"
                          WIDTH="211"
                          VPOS="874"
                          HPOS="867"
                          CONTENT="potius"/>
                  <SP HEIGHT="72" WIDTH="21" VPOS="874" HPOS="1078"/>
                  <String HEIGHT="72"
                          WIDTH="106"
                          VPOS="874"
                          HPOS="993"
                          CONTENT="ve"
                          SUBS_TYPE="HypPart1"
                          SUBS_CONTENT="velut"/>
                  <HYP CONTENT="-"/>
               </TextLine>
               <TextLine ID="r1l17"
                         BASELINE="1002"
                         HEIGHT="66"
                         WIDTH="939"
                         VPOS="936"
                         HPOS="160">
                  <String HEIGHT="66"
                          WIDTH="143"
                          VPOS="936"
                          HPOS="140"
                          CONTENT="lut"
                          SUBS_TYPE="HypPart2"
                          SUBS_CONTENT="velut"/>
                  <SP HEIGHT="66" WIDTH="20" VPOS="936" HPOS="282"/>
                  <String HEIGHT="66"
                          WIDTH="225"
                          VPOS="936"
                          HPOS="221"
                          CONTENT="quoddam"/>
                  <SP HEIGHT="66" WIDTH="20" VPOS="936" HPOS="446"/>
                  <String HEIGHT="66"
                          WIDTH="204"
                          VPOS="936"
                          HPOS="385"
                          CONTENT="templi"/>
                  <SP HEIGHT="66" WIDTH="20" VPOS="936" HPOS="589"/>
                  <String HEIGHT="66"
                          WIDTH="204"
                          VPOS="936"
                          HPOS="527"
                          CONTENT="adytum"/>
                  <SP HEIGHT="66" WIDTH="20" VPOS="936" HPOS="732"/>
                  <String HEIGHT="66" WIDTH="102" VPOS="936" HPOS="670" CONTENT="&amp;"/>
                  <SP HEIGHT="66" WIDTH="20" VPOS="936" HPOS="772"/>
                  <String HEIGHT="66"
                          WIDTH="225"
                          VPOS="936"
                          HPOS="711"
                          CONTENT="asolum)"/>
                  <SP HEIGHT="66" WIDTH="20" VPOS="936" HPOS="936"/>
                  <String HEIGHT="66"
                          WIDTH="245"
                          VPOS="936"
                          HPOS="854"
                          CONTENT="inuiolabi"
                          SUBS_TYPE="HypPart1"
                          SUBS_CONTENT="inuiolabilia,"/>
                  <HYP CONTENT="-"/>
               </TextLine>
               <TextLine ID="r1l18"
                         BASELINE="1052"
                         HEIGHT="58"
                         WIDTH="951"
                         VPOS="994"
                         HPOS="157">
                  <String HEIGHT="58"
                          WIDTH="162"
                          VPOS="994"
                          HPOS="137"
                          CONTENT="lia,"
                          SUBS_TYPE="HypPart2"
                          SUBS_CONTENT="inuiolabilia,"/>
                  <SP HEIGHT="58" WIDTH="20" VPOS="994" HPOS="299"/>
                  <String HEIGHT="58" WIDTH="101" VPOS="994" HPOS="238" CONTENT="&amp;"/>
                  <SP HEIGHT="58" WIDTH="20" VPOS="994" HPOS="339"/>
                  <String HEIGHT="58"
                          WIDTH="283"
                          VPOS="994"
                          HPOS="278"
                          CONTENT="αλuταύόμνα"/>
                  <SP HEIGHT="58" WIDTH="20" VPOS="994" HPOS="562"/>
                  <String HEIGHT="58"
                          WIDTH="324"
                          VPOS="994"
                          HPOS="501"
                          CONTENT="censebantur."/>
                  <SP HEIGHT="58" WIDTH="20" VPOS="994" HPOS="825"/>
                  <String HEIGHT="58"
                          WIDTH="202"
                          VPOS="994"
                          HPOS="764"
                          CONTENT="Verum,"/>
                  <SP HEIGHT="58" WIDTH="20" VPOS="994" HPOS="966"/>
                  <String HEIGHT="58"
                          WIDTH="182"
                          VPOS="994"
                          HPOS="906"
                          CONTENT="summo"/>
                  <SP HEIGHT="58" WIDTH="20" VPOS="994" HPOS="1088"/>
                  <String HEIGHT="58"
                          WIDTH="101"
                          VPOS="994"
                          HPOS="1007"
                          CONTENT="Dei"/>
               </TextLine>
               <TextLine ID="r1l19"
                         BASELINE="1121"
                         HEIGHT="87"
                         WIDTH="943"
                         VPOS="1034"
                         HPOS="154">
                  <String HEIGHT="87"
                          WIDTH="249"
                          VPOS="1034"
                          HPOS="136"
                          CONTENT="beneficio,"/>
                  <SP HEIGHT="87" WIDTH="18" VPOS="1034" HPOS="385"/>
                  <String HEIGHT="87"
                          WIDTH="231"
                          VPOS="1034"
                          HPOS="332"
                          CONTENT="successit"/>
                  <SP HEIGHT="87" WIDTH="18" VPOS="1034" HPOS="563"/>
                  <String HEIGHT="87"
                          WIDTH="160"
                          VPOS="1034"
                          HPOS="510"
                          CONTENT="hisce"/>
                  <SP HEIGHT="87" WIDTH="18" VPOS="1034" HPOS="670"/>
                  <String HEIGHT="87"
                          WIDTH="125"
                          VPOS="1034"
                          HPOS="617"
                          CONTENT="tam"/>
                  <SP HEIGHT="87" WIDTH="18" VPOS="1034" HPOS="741"/>
                  <String HEIGHT="87"
                          WIDTH="231"
                          VPOS="1034"
                          HPOS="688"
                          CONTENT="horrendis"/>
                  <SP HEIGHT="87" WIDTH="18" VPOS="1034" HPOS="919"/>
                  <String HEIGHT="87"
                          WIDTH="178"
                          VPOS="1034"
                          HPOS="866"
                          CONTENT="munndi"/>
                  <SP HEIGHT="87" WIDTH="18" VPOS="1034" HPOS="1044"/>
                  <String HEIGHT="87"
                          WIDTH="125"
                          VPOS="1034"
                          HPOS="972"
                          CONTENT="tene"
                          SUBS_TYPE="HypPart1"
                          SUBS_CONTENT="tenebris"/>
                  <HYP CONTENT="-"/>
               </TextLine>
               <TextLine ID="r1l20"
                         BASELINE="1179"
                         HEIGHT="86"
                         WIDTH="952"
                         VPOS="1093"
                         HPOS="156">
                  <String HEIGHT="86"
                          WIDTH="138"
                          VPOS="1093"
                          HPOS="139"
                          CONTENT="bris"
                          SUBS_TYPE="HypPart2"
                          SUBS_CONTENT="tenebris"/>
                  <SP HEIGHT="86" WIDTH="17" VPOS="1093" HPOS="277"/>
                  <String HEIGHT="86"
                          WIDTH="173"
                          VPOS="1093"
                          HPOS="225"
                          CONTENT="nostra"/>
                  <SP HEIGHT="86" WIDTH="17" VPOS="1093" HPOS="398"/>
                  <String HEIGHT="86"
                          WIDTH="138"
                          VPOS="1093"
                          HPOS="346"
                          CONTENT="haec"/>
                  <SP HEIGHT="86" WIDTH="17" VPOS="1093" HPOS="485"/>
                  <String HEIGHT="86"
                          WIDTH="225"
                          VPOS="1093"
                          HPOS="433"
                          CONTENT="foelicior"/>
                  <SP HEIGHT="86" WIDTH="17" VPOS="1093" HPOS="658"/>
                  <String HEIGHT="86"
                          WIDTH="173"
                          VPOS="1093"
                          HPOS="606"
                          CONTENT="aetas,"/>
                  <SP HEIGHT="86" WIDTH="17" VPOS="1093" HPOS="779"/>
                  <String HEIGHT="86"
                          WIDTH="138"
                          VPOS="1093"
                          HPOS="727"
                          CONTENT="quae"/>
                  <SP HEIGHT="86" WIDTH="17" VPOS="1093" HPOS="866"/>
                  <String HEIGHT="86"
                          WIDTH="156"
                          VPOS="1093"
                          HPOS="814"
                          CONTENT="verbi"/>
                  <SP HEIGHT="86" WIDTH="17" VPOS="1093" HPOS="970"/>
                  <String HEIGHT="86"
                          WIDTH="208"
                          VPOS="1093"
                          HPOS="900"
                          CONTENT="Euangelici"/>
               </TextLine>
               <TextLine ID="r1l21"
                         BASELINE="1227"
                         HEIGHT="78"
                         WIDTH="939"
                         VPOS="1149"
                         HPOS="161">
                  <String HEIGHT="78"
                          WIDTH="144"
                          VPOS="1149"
                          HPOS="143"
                          CONTENT="luce"/>
                  <SP HEIGHT="78" WIDTH="18" VPOS="1149" HPOS="287"/>
                  <String HEIGHT="78"
                          WIDTH="271"
                          VPOS="1149"
                          HPOS="233"
                          CONTENT="illustrata,"/>
                  <SP HEIGHT="78" WIDTH="18" VPOS="1149" HPOS="504"/>
                  <String HEIGHT="78" WIDTH="90" VPOS="1149" HPOS="450" CONTENT="&amp;"/>
                  <SP HEIGHT="78" WIDTH="18" VPOS="1149" HPOS="540"/>
                  <String HEIGHT="78"
                          WIDTH="126"
                          VPOS="1149"
                          HPOS="486"
                          CONTENT="Dei"/>
                  <SP HEIGHT="78" WIDTH="18" VPOS="1149" HPOS="612"/>
                  <String HEIGHT="78"
                          WIDTH="199"
                          VPOS="1149"
                          HPOS="558"
                          CONTENT="spiritu"/>
                  <SP HEIGHT="78" WIDTH="18" VPOS="1149" HPOS="757"/>
                  <String HEIGHT="78"
                          WIDTH="217"
                          VPOS="1149"
                          HPOS="703"
                          CONTENT="accensa,"/>
                  <SP HEIGHT="78" WIDTH="18" VPOS="1149" HPOS="919"/>
                  <String HEIGHT="78" WIDTH="90" VPOS="1149" HPOS="865" CONTENT="&amp;"/>
                  <SP HEIGHT="78" WIDTH="18" VPOS="1149" HPOS="956"/>
                  <String HEIGHT="78"
                          WIDTH="217"
                          VPOS="1149"
                          HPOS="883"
                          CONTENT="corrobora"
                          SUBS_TYPE="HypPart1"
                          SUBS_CONTENT="corroborata,"/>
                  <HYP CONTENT="-"/>
               </TextLine>
               <TextLine ID="r1l22"
                         BASELINE="1283"
                         HEIGHT="58"
                         WIDTH="948"
                         VPOS="1225"
                         HPOS="157">
                  <String HEIGHT="58"
                          WIDTH="141"
                          VPOS="1225"
                          HPOS="137"
                          CONTENT="ta,"
                          SUBS_TYPE="HypPart2"
                          SUBS_CONTENT="corroborata,"/>
                  <SP HEIGHT="58" WIDTH="20" VPOS="1225" HPOS="278"/>
                  <String HEIGHT="58"
                          WIDTH="182"
                          VPOS="1225"
                          HPOS="218"
                          CONTENT="omnem"/>
                  <SP HEIGHT="58" WIDTH="20" VPOS="1225" HPOS="399"/>
                  <String HEIGHT="58" WIDTH="121" VPOS="1225" HPOS="339" CONTENT="de"/>
                  <SP HEIGHT="58" WIDTH="20" VPOS="1225" HPOS="460"/>
                  <String HEIGHT="58"
                          WIDTH="202"
                          VPOS="1225"
                          HPOS="399"
                          CONTENT="salute"/>
                  <SP HEIGHT="58" WIDTH="20" VPOS="1225" HPOS="601"/>
                  <String HEIGHT="58"
                          WIDTH="242"
                          VPOS="1225"
                          HPOS="540"
                          CONTENT="animorum"/>
                  <SP HEIGHT="58" WIDTH="20" VPOS="1225" HPOS="782"/>
                  <String HEIGHT="58"
                          WIDTH="282"
                          VPOS="1225"
                          HPOS="722"
                          CONTENT="propositam"/>
                  <SP HEIGHT="58" WIDTH="20" VPOS="1225" HPOS="1004"/>
                  <String HEIGHT="58"
                          WIDTH="182"
                          VPOS="1225"
                          HPOS="923"
                          CONTENT="doctri"
                          SUBS_TYPE="HypPart1"
                          SUBS_CONTENT="doctrinam"/>
                  <HYP CONTENT="-"/>
               </TextLine>
               <TextLine ID="r1l23"
                         BASELINE="1353"
                         HEIGHT="83"
                         WIDTH="942"
                         VPOS="1270"
                         HPOS="158">
                  <String HEIGHT="83"
                          WIDTH="127"
                          VPOS="1270"
                          HPOS="140"
                          CONTENT="nam"
                          SUBS_TYPE="HypPart2"
                          SUBS_CONTENT="doctrinam"/>
                  <SP HEIGHT="83" WIDTH="18" VPOS="1270" HPOS="267"/>
                  <String HEIGHT="83"
                          WIDTH="181"
                          VPOS="1270"
                          HPOS="212"
                          CONTENT="caepit"/>
                  <SP HEIGHT="83" WIDTH="18" VPOS="1270" HPOS="394"/>
                  <String HEIGHT="83" WIDTH="109" VPOS="1270" HPOS="339" CONTENT="ex"/>
                  <SP HEIGHT="83" WIDTH="18" VPOS="1270" HPOS="448"/>
                  <String HEIGHT="83"
                          WIDTH="181"
                          VPOS="1270"
                          HPOS="394"
                          CONTENT="lsaiae"/>
                  <SP HEIGHT="83" WIDTH="18" VPOS="1270" HPOS="575"/>
                  <String HEIGHT="83"
                          WIDTH="254"
                          VPOS="1270"
                          HPOS="520"
                          CONTENT="praecepto,"/>
                  <SP HEIGHT="83" WIDTH="18" VPOS="1270" HPOS="774"/>
                  <String HEIGHT="83"
                          WIDTH="399"
                          VPOS="1270"
                          HPOS="701"
                          CONTENT="Thessalonicensiumque"/>
               </TextLine>
               <TextLine ID="r1l24"
                         BASELINE="1401"
                         HEIGHT="58"
                         WIDTH="948"
                         VPOS="1343"
                         HPOS="163">
                  <String HEIGHT="58"
                          WIDTH="242"
                          VPOS="1343"
                          HPOS="143"
                          CONTENT="exemplo,"/>
                  <SP HEIGHT="58" WIDTH="20" VPOS="1343" HPOS="385"/>
                  <String HEIGHT="58" WIDTH="121" VPOS="1343" HPOS="324" CONTENT="ad"/>
                  <SP HEIGHT="58" WIDTH="20" VPOS="1343" HPOS="445"/>
                  <String HEIGHT="58"
                          WIDTH="182"
                          VPOS="1343"
                          HPOS="385"
                          CONTENT="legem"/>
                  <SP HEIGHT="58" WIDTH="20" VPOS="1343" HPOS="566"/>
                  <String HEIGHT="58" WIDTH="101" VPOS="1343" HPOS="506" CONTENT="&amp;"/>
                  <SP HEIGHT="58" WIDTH="20" VPOS="1343" HPOS="607"/>
                  <String HEIGHT="58"
                          WIDTH="282"
                          VPOS="1343"
                          HPOS="546"
                          CONTENT="Prophetas:"/>
                  <SP HEIGHT="58" WIDTH="20" VPOS="1343" HPOS="829"/>
                  <String HEIGHT="58" WIDTH="121" VPOS="1343" HPOS="768" CONTENT="i."/>
                  <SP HEIGHT="58" WIDTH="20" VPOS="1343" HPOS="889"/>
                  <String HEIGHT="58" WIDTH="121" VPOS="1343" HPOS="829" CONTENT="ad"/>
                  <SP HEIGHT="58" WIDTH="20" VPOS="1343" HPOS="950"/>
                  <String HEIGHT="58"
                          WIDTH="202"
                          VPOS="1343"
                          HPOS="889"
                          CONTENT="verbum"/>
                  <SP HEIGHT="58" WIDTH="20" VPOS="1343" HPOS="1091"/>
                  <String HEIGHT="58"
                          WIDTH="101"
                          VPOS="1343"
                          HPOS="1010"
                          CONTENT="Dei"/>
               </TextLine>
               <TextLine ID="r1l25"
                         BASELINE="1461"
                         HEIGHT="73"
                         WIDTH="935"
                         VPOS="1388"
                         HPOS="159">
                  <String HEIGHT="73"
                          WIDTH="229"
                          VPOS="1388"
                          HPOS="140"
                          CONTENT="scriptum"/>
                  <SP HEIGHT="73" WIDTH="19" VPOS="1388" HPOS="369"/>
                  <String HEIGHT="73"
                          WIDTH="267"
                          VPOS="1388"
                          HPOS="312"
                          CONTENT="diligenter"/>
                  <SP HEIGHT="73" WIDTH="19" VPOS="1388" HPOS="579"/>
                  <String HEIGHT="73"
                          WIDTH="229"
                          VPOS="1388"
                          HPOS="522"
                          CONTENT="exigere:"/>
                  <SP HEIGHT="73" WIDTH="19" VPOS="1388" HPOS="751"/>
                  <String HEIGHT="73"
                          WIDTH="172"
                          VPOS="1388"
                          HPOS="693"
                          CONTENT="atque"/>
                  <SP HEIGHT="73" WIDTH="19" VPOS="1388" HPOS="865"/>
                  <String HEIGHT="73"
                          WIDTH="153"
                          VPOS="1388"
                          HPOS="808"
                          CONTENT="adeo"/>
                  <SP HEIGHT="73" WIDTH="19" VPOS="1388" HPOS="960"/>
                  <String HEIGHT="73"
                          WIDTH="134"
                          VPOS="1388"
                          HPOS="903"
                          CONTENT="has"/>
                  <SP HEIGHT="73" WIDTH="19" VPOS="1388" HPOS="1037"/>
                  <String HEIGHT="73"
                          WIDTH="134"
                          VPOS="1388"
                          HPOS="960"
                          CONTENT="ipsas"/>
               </TextLine>
               <TextLine ID="r1l26"
                         BASELINE="1514"
                         HEIGHT="65"
                         WIDTH="948"
                         VPOS="1449"
                         HPOS="160">
                  <String HEIGHT="65"
                          WIDTH="247"
                          VPOS="1449"
                          HPOS="139"
                          CONTENT="Lombardi"/>
                  <SP HEIGHT="65" WIDTH="21" VPOS="1449" HPOS="387"/>
                  <String HEIGHT="65"
                          WIDTH="309"
                          VPOS="1449"
                          HPOS="325"
                          CONTENT="sententias,"/>
                  <SP HEIGHT="65" WIDTH="21" VPOS="1449" HPOS="634"/>
                  <String HEIGHT="65"
                          WIDTH="289"
                          VPOS="1449"
                          HPOS="572"
                          CONTENT="aliorumque"/>
                  <SP HEIGHT="65" WIDTH="21" VPOS="1449" HPOS="861"/>
                  <String HEIGHT="65"
                          WIDTH="206"
                          VPOS="1449"
                          HPOS="799"
                          CONTENT="omnium"/>
                  <SP HEIGHT="65" WIDTH="21" VPOS="1449" HPOS="1005"/>
                  <String HEIGHT="65"
                          WIDTH="185"
                          VPOS="1449"
                          HPOS="923"
                          CONTENT="scripta"/>
               </TextLine>
               <TextLine ID="r1l27"
                         BASELINE="1577"
                         HEIGHT="75"
                         WIDTH="932"
                         VPOS="1502"
                         HPOS="164">
                  <String HEIGHT="75" WIDTH="108" VPOS="1502" HPOS="146" CONTENT="in"/>
                  <SP HEIGHT="75" WIDTH="18" VPOS="1502" HPOS="254"/>
                  <String HEIGHT="75"
                          WIDTH="125"
                          VPOS="1502"
                          HPOS="200"
                          CONTENT="ea,"/>
                  <SP HEIGHT="75" WIDTH="18" VPOS="1502" HPOS="325"/>
                  <String HEIGHT="75"
                          WIDTH="269"
                          VPOS="1502"
                          HPOS="272"
                          CONTENT="iustissima,"/>
                  <SP HEIGHT="75" WIDTH="18" VPOS="1502" HPOS="540"/>
                  <String HEIGHT="75"
                          WIDTH="233"
                          VPOS="1502"
                          HPOS="487"
                          CONTENT="minimeque"/>
                  <SP HEIGHT="75" WIDTH="18" VPOS="1502" HPOS="720"/>
                  <String HEIGHT="75"
                          WIDTH="197"
                          VPOS="1502"
                          HPOS="666"
                          CONTENT="fallaci"/>
                  <SP HEIGHT="75" WIDTH="18" VPOS="1502" HPOS="863"/>
                  <String HEIGHT="75"
                          WIDTH="215"
                          VPOS="1502"
                          HPOS="809"
                          CONTENT="trutina,"/>
                  <SP HEIGHT="75" WIDTH="18" VPOS="1502" HPOS="1024"/>
                  <String HEIGHT="75"
                          WIDTH="143"
                          VPOS="1502"
                          HPOS="953"
                          CONTENT="appen"
                          SUBS_TYPE="HypPart1"
                          SUBS_CONTENT="appendere."/>
                  <HYP CONTENT="-"/>
               </TextLine>
               <TextLine ID="r1l28"
                         BASELINE="1624"
                         HEIGHT="65"
                         WIDTH="937"
                         VPOS="1559"
                         HPOS="166">
                  <String HEIGHT="65"
                          WIDTH="169"
                          VPOS="1559"
                          HPOS="147"
                          CONTENT="dere."
                          SUBS_TYPE="HypPart2"
                          SUBS_CONTENT="appendere."/>
                  <SP HEIGHT="65" WIDTH="19" VPOS="1559" HPOS="316"/>
                  <String HEIGHT="65"
                          WIDTH="150"
                          VPOS="1559"
                          HPOS="260"
                          CONTENT="Inde"/>
                  <SP HEIGHT="65" WIDTH="19" VPOS="1559" HPOS="410"/>
                  <String HEIGHT="65"
                          WIDTH="169"
                          VPOS="1559"
                          HPOS="353"
                          CONTENT="autem"/>
                  <SP HEIGHT="65" WIDTH="19" VPOS="1559" HPOS="522"/>
                  <String HEIGHT="65"
                          WIDTH="187"
                          VPOS="1559"
                          HPOS="466"
                          CONTENT="statim"/>
                  <SP HEIGHT="65" WIDTH="19" VPOS="1559" HPOS="653"/>
                  <String HEIGHT="65"
                          WIDTH="169"
                          VPOS="1559"
                          HPOS="597"
                          CONTENT="multa"/>
                  <SP HEIGHT="65" WIDTH="19" VPOS="1559" HPOS="766"/>
                  <String HEIGHT="65"
                          WIDTH="225"
                          VPOS="1559"
                          HPOS="709"
                          CONTENT="leutora,"/>
                  <SP HEIGHT="65" WIDTH="19" VPOS="1559" HPOS="934"/>
                  <String HEIGHT="65" WIDTH="112" VPOS="1559" HPOS="878" CONTENT="ac"/>
                  <SP HEIGHT="65" WIDTH="19" VPOS="1559" HPOS="991"/>
                  <String HEIGHT="65"
                          WIDTH="206"
                          VPOS="1559"
                          HPOS="934"
                          CONTENT="tanquam"/>
                  <SP HEIGHT="65" WIDTH="19" VPOS="1559" HPOS="1140"/>
                  <String HEIGHT="65" WIDTH="37" VPOS="1559" HPOS="1066" CONTENT=""/>
               </TextLine>
               <TextLine ID="r1l29"
                         BASELINE="1680"
                         HEIGHT="64"
                         WIDTH="921"
                         VPOS="1616"
                         HPOS="172">
                  <String HEIGHT="64"
                          WIDTH="207"
                          VPOS="1616"
                          HPOS="153"
                          CONTENT="ἁδhκiμα"/>
                  <SP HEIGHT="64" WIDTH="19" VPOS="1616" HPOS="360"/>
                  <String HEIGHT="64"
                          WIDTH="169"
                          VPOS="1616"
                          HPOS="304"
                          CONTENT="voμλν"/>
                  <SP HEIGHT="64" WIDTH="19" VPOS="1616" HPOS="473"/>
                  <String HEIGHT="64"
                          WIDTH="169"
                          VPOS="1616"
                          HPOS="416"
                          CONTENT="μοτα,"/>
                  <SP HEIGHT="64" WIDTH="19" VPOS="1616" HPOS="586"/>
                  <String HEIGHT="64"
                          WIDTH="282"
                          VPOS="1616"
                          HPOS="529"
                          CONTENT="deprehendi,"/>
                  <SP HEIGHT="64" WIDTH="19" VPOS="1616" HPOS="811"/>
                  <String HEIGHT="64"
                          WIDTH="301"
                          VPOS="1616"
                          HPOS="755"
                          CONTENT="repudiarique"/>
                  <SP HEIGHT="64" WIDTH="19" VPOS="1616" HPOS="1055"/>
                  <String HEIGHT="64"
                          WIDTH="113"
                          VPOS="1616"
                          HPOS="980"
                          CONTENT="coe"
                          SUBS_TYPE="HypPart1"
                          SUBS_CONTENT="coeperunt."/>
                  <HYP CONTENT="-"/>
               </TextLine>
               <TextLine ID="r1l30"
                         BASELINE="1754"
                         HEIGHT="77"
                         WIDTH="941"
                         VPOS="1677"
                         HPOS="161">
                  <String HEIGHT="77"
                          WIDTH="211"
                          VPOS="1677"
                          HPOS="142"
                          CONTENT="perunt."
                          SUBS_TYPE="HypPart2"
                          SUBS_CONTENT="coeperunt."/>
                  <SP HEIGHT="77" WIDTH="19" VPOS="1677" HPOS="353"/>
                  <String HEIGHT="77"
                          WIDTH="134"
                          VPOS="1677"
                          HPOS="295"
                          CONTENT="Qua"/>
                  <SP HEIGHT="77" WIDTH="19" VPOS="1677" HPOS="430"/>
                  <String HEIGHT="77" WIDTH="115" VPOS="1677" HPOS="372" CONTENT="in"/>
                  <SP HEIGHT="77" WIDTH="19" VPOS="1677" HPOS="487"/>
                  <String HEIGHT="77" WIDTH="115" VPOS="1677" HPOS="430" CONTENT="re"/>
                  <SP HEIGHT="77" WIDTH="19" VPOS="1677" HPOS="545"/>
                  <String HEIGHT="77"
                          WIDTH="134"
                          VPOS="1677"
                          HPOS="487"
                          CONTENT="non"/>
                  <SP HEIGHT="77" WIDTH="19" VPOS="1677" HPOS="622"/>
                  <String HEIGHT="77"
                          WIDTH="154"
                          VPOS="1677"
                          HPOS="564"
                          CONTENT="fuit"/>
                  <SP HEIGHT="77" WIDTH="19" VPOS="1677" HPOS="718"/>
                  <String HEIGHT="77"
                          WIDTH="288"
                          VPOS="1677"
                          HPOS="660"
                          CONTENT="poenitenda,"/>
                  <SP HEIGHT="77" WIDTH="19" VPOS="1677" HPOS="948"/>
                  <String HEIGHT="77"
                          WIDTH="230"
                          VPOS="1677"
                          HPOS="872"
                          CONTENT="autleuisM."/>
               </TextLine>
            </TextBlock>
         </PrintSpace>
      </Page>
   </Layout>
</alto>
