1271 2034
132 79 232 81 Lutheri:
306 79 155 81 post
403 79 174 81 autem
519 79 232 81 Ioannnis
693 79 232 81 Caluinis
868 79 232 81 parentis
1023 79 77 81 in

136 143 220 78 Christo
296 143 160 78 mei)
395 143 100 78 &
435 143 239 78 Philippi
615 143 339 78 Melanchthonis
894 143 200 78 opera,
1014 143 80 78 i-

128 198 121 78 mo
188 198 301 78 admirabilis
429 198 221 78 illorum
590 198 141 78 pro
670 198 141 78 Dei
751 198 181 78 regno
851 198 241 78 propagando

126 258 318 73 asserendaque
385 258 219 73 Christi
544 258 239 73 veritate
722 258 298 73 constantia:
941 258 159 73 quibus

132 314 168 73 varij
244 314 206 73 postea,
394 314 168 73 velut
506 314 243 73 Theodorus
693 314 149 73 Bexa
786 314 280 73 (praeceptor
1011 314 93 73 &
1029 314 75 73 i-

132 376 141 74 pse
212 376 201 74 quoque
353 376 181 74 meus)
474 376 282 74 Hieronymus
696 376 242 74 Zanchus,
877 376 121 74 M.
918 376 181 74 Chemni-

129 430 175 74 tius,
245 430 331 74 Christophorus
518 430 253 74 Pexelius,
713 430 97 74 &
752 430 156 74 alij
850 430 214 74 aliquot
986 430 117 74 viri

129 489 282 77 clarissimi,
355 489 319 77 successerunt.
618 489 131 77 Sed
693 489 131 77 cum
768 489 113 77 hi
824 489 207 77 carptim
975 489 169 77 tatum

136 550 112 64 ea
192 550 355 64 reprehenderint,
492 550 150 64 quae
585 550 131 64 pro
660 550 243 64 argumenti
847 550 94 64 a
885 550 112 64 se
922 550 187 64 suscepti

131 609 219 61 ratione
290 609 119 61 in
350 609 239 61 Lombardo
529 609 259 61 contraria
728 609 179 61 verbo
847 609 139 61 Dei
907 609 199 61 occurre-

138 655 173 67 bant,
253 655 250 67 perpetuum
445 655 173 67 autem
561 655 192 67 ipsius
695 655 250 67 doctrinae
888 655 192 67 examen
1003 655 96 67 non

140 717 310 59 instituerint:
395 717 164 59 visus
504 717 128 59 sum
577 717 91 59 &
614 717 182 59 amicis
741 717 201 59 aliquot
887 717 146 59 pijs
960 717 146 59 virus,

141 773 90 68 &
177 773 143 68 ipsi
267 773 90 68 a
302 773 125 68 Deo
374 773 233 68 Ecclesiae
553 773 305 68 operaepretium
804 773 233 68 facturus,
984 773 108 68 si
1019 773 90 68 non

138 833 164 66 vnum
240 833 266 66 duntaxat,
445 833 143 66 aut
527 833 225 66 alterum
690 833 246 66 Lombardi
875 833 205 66 locum,
998 833 102 66 sed

127 879 277 80 vniuersum
340 879 234 80 aliquod
510 879 298 80 argumentum
744 879 128 80 ab
808 879 128 80 eo
872 879 277 80 tractatum

135 943 120 68 ex
195 943 140 68 Dei
275 943 180 68 verbo
395 943 240 68 perpetua
575 943 200 68 quadam
716 943 320 68 obseruatione
956 943 140 68 diiu-

136 1001 222 59 dicarem:
303 1001 111 59 vt
359 1001 167 59 quid,
470 1001 222 59 quantumq
637 1001 167 59 fidei
748 1001 222 59 Lombardo
915 1001 111 59 in
952 1001 148 59 caete-

137 1060 121 65 ris
206 1060 155 65 locis
309 1060 155 65 esset
413 1060 259 65 tribuendum,
620 1060 155 65 omnes
723 1060 138 65 pij,
810 1060 276 65 veritatisque
1017 1060 86 65 Dei

141 1111 210 62 amantes
293 1111 152 62 viri
389 1111 343 62 intelligerent.
675 1111 133 62 Hoc
751 1111 210 62 igitur,
903 1111 229 62 quanquam

133 1165 162 75 pene
234 1165 263 75 Herculeum
436 1165 162 75 opus
537 1165 141 75 (id
618 1165 162 75 enim
719 1165 162 75 uere
820 1165 243 75 citraque
982 1165 121 75 vlla

140 1223 334 69 ostentationem
415 1223 177 69 certe
533 1223 373 69 dixerimsvirorum
847 1223 216 69 bonorum
984 1223 118 69 hor-

130 1284 291 62 tatutandem
359 1284 145 62 sum
442 1284 291 62 aggressus.
670 1284 125 62 Et
732 1284 208 62 primum
878 1284 208 62 quidem
1002 1284 104 62 cum

132 1343 185 66 pauca
256 1343 329 66 contulissem,
524 1343 226 66 autorem
688 1343 185 66 istum
812 1343 268 66 aranearum
997 1343 103 66 (vt

138 1399 261 79 loquuntur
339 1399 221 79 yplenum
500 1399 302 79 deprehendi.
741 1399 201 79 Postea
882 1399 161 79 vero
982 1399 161 79 quum

137 1456 211 61 dulcedo
291 1456 192 61 sciedi
425 1456 192 61 (oῶξον
560 1456 346 61 ψοyλκεφοτερον,
848 1456 96 61 ι
887 1456 154 61 χυνς
963 1456 135 61 eide-

133 1512 144 64 μως
216 1512 329 64 dλαSαlongius
483 1512 123 64 me
544 1512 349 64 pertraxisset,
832 1512 185 64 totum
935 1512 164 64 illius

128 1569 200 75 librum
268 1569 200 75 primum
408 1569 260 75 euoluere,
608 1569 320 75 perlustrare,
867 1569 180 75 atque
967 1569 120 75 exa-

130 1616 197 75 minare
268 1616 138 75 sum
347 1616 197 75 ausus.
484 1616 118 75 De
543 1616 236 75 reliquis
720 1616 157 75 quid
819 1616 138 75 sim
897 1616 236 75 acturus,

131 1696 210 66 nondum
278 1696 168 66 apud
383 1696 126 66 me
446 1696 294 66 constitui.
678 1696 168 66 Vnum
783 1696 189 66 tamen
909 1696 168 66 hoc,
993 1696 105 66 vt
