1318 2040
125 275 538 82 PROLEGOMENA

34 358 266 113 IN
167 358 399 113 PETRI
388 358 399 113 LOMBAR-

98 448 221 99 DI
209 448 368 99 LIBRVM
429 448 294 99 PRIMVM

189 536 425 65 SENTENTIARVM

317 627 209 80 Cap.
422 627 79 80 I

114 701 89 89 De
159 701 134 89 prima
248 701 223 89 Scholastica
427 701 208 89 Theologiae
575 701 149 89 origine.

183 777 102 92 TA
234 777 136 92 fere
319 777 152 92 vsus,
420 777 254 92 communisque
624 777 152 92 ratio
708 777 85 92 lo-

190 852 156 56 quendi
299 852 109 56 iam
362 852 202 56 obtinuit,
517 852 93 56 vt
564 852 109 56 qui
626 852 140 56 inter
704 852 93 56 Pon-

157 892 181 71 tifices
288 892 181 71 homines
419 892 99 71 se
469 892 99 71 in
518 892 213 71 religione
666 892 131 71 profi-

188 944 168 68 tentur
306 944 185 68 aliorum
441 944 219 68 doctores,
609 944 151 68 citra
693 944 101 68 con-

58 989 181 80 uitium,
189 989 115 80 aut
255 989 246 80 contumeliam
452 989 148 80 vllam
551 989 148 80 vulgo
633 989 164 80 Doctores

61 1041 211 61 Scholastici
216 1041 155 61 vocentur.

88 1077 137 80 Quam
174 1077 292 80 appellationem
414 1077 120 80 nec
483 1077 137 80 ipsi
552 1077 240 80 dedignantur,

48 1138 114 68 nec
113 1138 163 68 habere
227 1138 146 68 ipsam
324 1138 114 68 per
389 1138 98 68 se
438 1138 146 68 ullam
536 1138 163 68 probri
633 1138 163 68 signifi-

59 1180 203 62 cationem
212 1180 153 62 omnes
313 1180 170 62 facile
432 1180 237 62 concedunt.
618 1180 153 62 Huius
703 1180 85 62 au-

58 1232 115 60 tem
123 1232 147 60 vocis
221 1232 164 60 minime
336 1232 115 60 est
402 1232 180 60 obscura
533 1232 229 60 deriuatio.
713 1232 115 60 Nam

65 1279 97 62 ἄπο
121 1279 97 62 ἤις
176 1279 125 62 χολῆς
260 1279 139 62 deduci
357 1279 181 62 χολασικὸν
497 1279 97 62 vel
552 1279 195 62 tenuissime
692 1279 97 62 Grae-

62 1320 85 63 ce
104 1320 197 63 scientibus
259 1320 127 63 notum
344 1320 99 63 est
400 1320 141 63 satis.
499 1320 155 63 Scholae
612 1320 127 63 autem
682 1320 113 63 dictae

48 1373 113 59 sunt
119 1373 155 59 (inquit
232 1373 155 59 Festus)
345 1373 99 59 non
401 1373 85 59 ab
444 1373 127 59 otio,
528 1373 85 59 ac
571 1373 184 59 vacatione
712 1373 113 59 ani¬

52 1423 93 72 mi:
105 1423 93 72 sed
158 1423 106 72 quod
224 1423 146 72 cateris
331 1423 120 72 rebus
411 1423 159 72 omissis,
530 1423 199 72 liberalibus
676 1423 120 72 studijs

52 1473 162 61 homines
170 1473 89 61 in
215 1473 133 61 illis
303 1473 148 61 locis,
406 1473 133 61 velut
495 1473 177 61 Academia
628 1473 192 61 Platonis,

50 1517 131 61 Stoa
132 1517 197 61 Zenonis,
280 1517 197 61 Peripato
427 1517 263 61 Aristotelis,
641 1517 115 61 vel
690 1517 99 61 alio

47 1568 154 61 quouis
155 1568 124 61 loco
232 1568 170 61 strenue
355 1568 201 61 vacarent.
510 1568 93 61 Ac
556 1568 154 61 primis
664 1568 154 61 quidem

54 1614 206 57 Ecclesiae
212 1614 237 57 temporibus,
402 1614 127 57 quum
481 1614 142 57 recte
576 1614 79 57 &
608 1614 95 57 ex
640 1614 142 57 praece-

46 1664 152 62 ptis,
147 1664 84 62 &
181 1664 203 62 exemplis
333 1664 253 62 Apostolorum
536 1664 287 62 gubernaretur,

44 1711 178 75 verbum
169 1711 125 75 Dei
240 1711 89 75 &
276 1711 214 75 priuatim
436 1711 89 75 &
471 1711 214 75 publice,
614 1711 160 75 quemad
