1297 2034
132 90 197 67 summa,
270 90 98 67 &
309 90 236 67 accurata
486 90 216 67 methodo
643 90 118 67 in
702 90 157 67 iis,
800 90 157 67 quae
879 90 118 67 ipsi

147 155 230 43 tractant,
324 155 212 43 vtuntur,
483 155 141 43 quae
571 155 124 43 via
642 155 159 43 nobis
748 155 106 43 ad
801 155 141 43 vera
871 155 124 43 Theo-

137 190 191 58 logiam
271 190 287 58 explicandam
500 190 268 58 facillimam
710 190 229 58 sternit.
863 190 134 58 Alte-

145 247 148 61 rum,
237 247 148 61 quod
329 247 203 61 quaedam
477 247 166 61 etiam
588 247 148 61 vera
681 247 111 61 in
736 247 240 61 religione
903 247 92 61 re-

146 289 250 61 tinuerunt,
343 289 161 61 neque
450 289 197 61 prorsus
593 289 268 61 Christianae
808 289 161 61 fidei
898 289 89 61 no-

144 351 126 47 men
216 351 217 47 obruere,
379 351 162 47 velut
487 351 162 47 Turci
595 351 90 47 &
631 351 198 47 ludaei,
775 351 253 47 voluerunt,

148 387 223 53 animoque
316 387 297 53 distinarunt.
557 387 186 53 Verum,
688 387 112 53 vt
743 387 149 53 quae
818 387 167 53 genera-

150 429 140 69 tim,
238 429 105 69 ac
291 429 211 69 fortasse
449 429 228 69 obscurius
624 429 211 69 diximus,
782 429 123 69 iam
835 429 158 69 ordine.

151 484 92 60 &
187 484 221 60 facilius
353 484 332 60 intelligantur,
630 484 332 60 operaepraetium
888 484 111 60 mihi

148 528 215 57 facturus
309 528 197 57 videor,
452 528 107 57 si
506 528 161 57 pauca
613 528 197 57 quaedam
756 528 107 57 de
810 528 143 57 toto
882 528 107 57 isto

153 577 198 67 hominum
297 577 198 67 genere,
440 577 90 67 &
476 577 180 67 illius
602 577 198 67 origine
746 577 180 67 dixero
853 577 144 67 expli-

153 628 167 52 catius
270 628 151 52 atque
371 628 268 52 distinctius.
588 628 134 52 Ipsi
672 628 167 52 igitur
772 628 218 52 Scholastici

142 675 120 66 se
202 675 259 66 Theologos
401 675 319 66 appellarunt,
660 675 159 66 quod
740 675 259 66 tenuissimas

160 725 150 55 Verae
261 725 167 55 lucis,
378 725 100 55 ac
428 725 234 55 Theologiae
612 725 251 55 Christianae
795 725 201 55 scintillas

151 769 193 58 adhuc
279 769 364 58 conseruarent.
579 769 214 58 Noluit
729 769 171 58 enim
814 769 193 58 Dominus

158 827 234 53 (ludaeis
333 827 195 53 quidem
469 827 273 53 Euangelium
683 827 214 53 Christi
820 827 175 53 prorsus

155 871 107 53 ab
209 871 179 53 initio
334 871 322 53 suffocantibus.
602 871 268 53 Mahumetanis
817 871 179 53 autem,
942 871 89 53 &

163 917 203 51 Turcis
305 917 182 51 magno
426 917 203 51 conatu
568 917 142 51 iam
649 917 263 51 plantatum
831 917 162 51 eradi-

160 959 234 62 cantibus)
340 959 162 62 illud
448 959 180 62 omnino
574 959 216 62 sepultum
735 959 162 62 esse,
843 959 90 62 &
861 959 126 62 mane-

153 1013 113 56 re
210 1013 207 56 obrutam
360 1013 169 56 omnem
473 1013 150 56 suae
567 1013 244 56 veritatis
755 1013 188 56 lucem,
886 1013 94 56 &
905 1013 94 56 be-

154 1067 203 47 neficij
301 1067 111 47 in
356 1067 166 47 genus
467 1067 203 47 humanum
615 1067 129 47 sui
688 1067 129 47 per
762 1067 221 47 Christum
910 1067 92 47 me-

159 1106 221 68 moriam.
319 1106 261 68 Quamobrem
520 1106 160 68 isti
620 1106 321 68 Scholastici,
861 1106 140 68 homi-

164 1155 135 47 nes
241 1155 251 47 Theologi,
434 1155 116 47 se
492 1155 290 47 Prophetarum
724 1155 154 47 quos
820 1155 154 47 olim
897 1155 97 47 ha-

162 1197 159 66 buit
261 1197 258 66 sudaeorum
460 1197 238 66 Ecclesia
639 1197 99 66 :
678 1197 99 66 &
718 1197 238 66 Doctorum
877 1197 119 66 quos

163 1254 174 58 postea
284 1254 260 58 Christiana,
493 1254 260 58 successores
701 1254 139 58 esse
788 1254 191 58 putant.
909 1254 87 58 Sed

166 1294 123 56 cum
237 1294 106 56 ij
290 1294 141 56 sint
378 1294 264 56 Prophetarum
590 1294 141 56 soli
678 1294 282 56 successores,
889 1294 106 56 Hic-

152 1349 196 65 ronymo
290 1349 196 65 teste,
427 1349 354 65 quiProphetarum
722 1349 255 65 doctrinam
899 1349 98 65 re-

155 1393 200 58 tinent,
300 1393 145 58 isti
391 1393 182 58 procul
518 1393 164 58 dubio
627 1393 164 58 neque
737 1393 127 58 Dei
791 1393 200 58 Propheta-

152 1441 151 66 rum,
247 1441 170 66 neque
360 1441 208 66 verorum
512 1441 246 66 Ecclesiae
701 1441 227 66 doctorum
853 1441 151 66 filij,

153 1491 270 49 successores,
372 1491 236 49 discipuli,
558 1491 118 49 aut
625 1491 169 49 aemuli
743 1491 135 49 sunt
811 1491 185 49 appellan-

162 1538 126 68 di.
234 1538 162 68 Quare
342 1538 288 68 praetermissa
576 1538 144 68 illa
666 1538 126 68 tam
738 1538 180 68 veteri
846 1538 162 68 origine

166 1584 199 60 squoniam
316 1584 133 60 suae
398 1584 166 60 sectae
514 1584 166 60 initia
630 1584 199 60 repetere
780 1584 99 60 ab
829 1584 133 60 illa
896 1584 99 60 Pro-

152 1630 236 66 phetarum
329 1630 196 66 aetate
467 1630 255 66 nequaquam
663 1630 236 66 possunt)
820 1630 177 66 fatemur

160 1682 198 58 quidem
299 1682 178 58 circa
417 1682 178 58 annum
536 1682 198 58 Domini
674 1682 138 58 igo
733 1682 257 58 Alexandriae

157 1731 160 78 (quae
264 1731 125 78 est
335 1731 249 78 metropolis
531 1731 196 78 AEgypti
673 1731 267 78 Tinstitutam
869 1731 142 78 fuisse
