1313 2031
148 72 172 71 Romae
263 72 115 71 ac
320 72 229 71 Bononiae
492 72 248 71 docuisse,
683 72 96 71 &
721 72 191 71 primus
855 72 115 71 ex
893 72 115 71 lta-

152 133 120 63 lis
221 133 241 63 glossemata
410 133 206 63 textibus
564 133 241 63 addidisse.
753 133 137 63 Haec
839 133 155 63 circa
925 133 86 63 an-

163 177 132 68 num
238 177 188 68 Domini
370 177 169 68 ioso.
483 177 113 68 vt
540 177 226 68 plerique
709 177 245 68 annotant,
878 177 132 68 gesta

155 230 165 55 sunt.
265 230 202 55 Sequuti
412 230 147 55 sunt
503 230 220 55 Irnerium
668 230 239 55 auditores
852 230 202 55 ipsius,

164 278 216 57 Ioannnes
326 278 234 57 Bulgarus,
506 278 144 57 Aao,
596 278 198 57 Ioannes
739 278 288 57 Placentinus,
955 278 54 57 &

165 331 155 56 alij,
268 331 121 56 qui
337 331 104 56 in
389 331 173 56 schola
510 331 207 56 pariter,
665 331 86 56 &
700 331 155 56 Reip.
786 331 224 56 administra-

163 374 179 56 tione
282 374 278 56 foruerunt,
501 374 219 56 denique
660 374 179 56 capta
760 374 258 56 admiratione

169 431 235 49 doctrinae
349 431 180 49 huius,
476 431 180 49 Italia
602 431 217 49 certatim
764 431 108 49 in
819 431 126 49 eam
873 431 144 49 incum-

164 476 141 64 bere
253 476 194 64 coepit,
394 476 88 64 &
430 476 248 64 prodierunt
624 476 106 64 ex
677 476 159 64 illis
783 476 194 64 scholis
907 476 106 64 plu-

164 533 173 46 rimi,
279 533 135 46 qui
356 533 231 46 docendo,
530 533 270 46 scribendo,
741 533 96 46 &
780 533 116 46 de
838 533 154 46 iure
915 533 96 46 re-

160 579 265 46 spondendo,
368 579 208 46 regedis
519 579 246 46 imperiis,
708 579 113 46 de
765 579 151 46 vita
841 579 170 46 hominum

169 618 188 60 optime
301 618 188 60 meriti
432 618 169 60 sunt.
545 618 169 60 Horum
657 618 244 60 nonnulli,
845 618 131 60 vti
901 618 113 60 Pla-

170 662 225 64 centinus
339 662 94 64 &
376 662 150 64 Axo,
470 662 187 64 summam
601 662 169 64 luris
713 662 225 64 Ciuilis,
882 662 112 64 id
919 662 94 64 est

168 716 193 57 capita
303 716 174 57 rerum
418 716 116 57 in
476 716 154 57 toto
573 716 270 57 iureRomano
765 716 251 57 traditarum,

164 773 124 53 ad
226 773 186 53 locos
350 773 227 53 quosdam
516 773 248 53 communes
702 773 124 53 in
743 773 269 53 studiosorum

172 816 214 61 gratiam
327 816 233 61 breuiter
502 816 97 61 &
541 816 253 61 methodice
715 816 253 61 reuocarunt.

212 857 235 59 Feruebat
388 857 196 59 igitur
525 857 196 59 recens
662 857 254 59 excitatum
838 857 176 59 studium

165 907 263 59 doctrinae
367 907 182 59 legum
489 907 284 59 Romanarum,
712 907 243 59 certatim
894 907 122 59 in
935 907 81 59 id

169 965 304 56 incumbentibus
420 965 215 56 ingeniis
581 965 215 56 Italicis
742 965 89 56 &
777 965 268 56 Oermanicis.

173 1005 152 51 quod
268 1005 152 51 quia
363 1005 285 51 lmperatores
591 1005 247 51 muniebat,
781 1005 171 51 atque
876 1005 133 51 arma-

175 1050 150 54 bat,
269 1050 244 54 videbatur
457 1050 226 54 minitari
626 1050 207 54 recenti
777 1050 188 54 necdum
889 1050 132 54 satis

177 1094 293 60 confirmatae
411 1094 273 60 Pontificum
625 1094 254 60 Romanorum
820 1094 234 60 tyranni¬

174 1143 122 58 di.
243 1143 209 58 Pericula
400 1143 157 58 ergo,
505 1143 139 58 quae
592 1143 139 58 inde
679 1143 209 58 emersura
835 1143 192 58 essent,
957 1143 70 58 si

173 1193 262 51 inualuisset,
386 1193 98 51 vt
435 1193 180 51 iuature
566 1193 278 51 auerterentur,
795 1193 180 51 extolli
910 1193 98 51 coe-

173 1241 142 73 pta
254 1241 142 73 est
335 1241 223 73 Canonum
497 1241 304 73 authoritas,
740 1241 101 73 &
780 1241 223 73 legibus
922 1241 101 73 Ro-

183 1289 155 56 manis
286 1289 224 56 anteponi.
458 1289 172 56 Itaque
579 1289 155 56 ferri
682 1289 189 56 coeptae
820 1289 138 56 sunt
888 1289 138 56 leges,

180 1350 195 57 quibus
316 1350 117 57 de
374 1350 214 57 Romanis
530 1350 214 57 aliquid
685 1350 311 57 derogaretur,
919 1350 97 57 au-

173 1389 211 50 toritate
332 1389 229 50 Ecclesiae
508 1389 123 50 ceu
579 1389 229 50 correctum
755 1389 106 50 ac
808 1389 247 50 limitatum.

171 1435 195 52 Cumque
307 1435 156 52 nouo
404 1435 156 52 iuri
501 1435 156 52 isti
599 1435 97 52 &
638 1435 214 52 legibus
774 1435 253 52 Pontificiis

176 1484 162 65 nouis
284 1484 216 65 patronis
446 1484 90 65 &
482 1484 288 65 defensoribus
717 1484 144 65 opus
807 1484 180 65 esset,
915 1484 108 65 cito

168 1532 251 53 commouit
356 1532 167 53 sese
461 1532 209 53 duplex
608 1532 230 53 hominum
775 1532 188 53 genus
880 1532 146 53 Cano-

171 1580 185 58 nistae
300 1580 92 58 &
337 1580 295 58 Scholastici:
577 1580 185 58 quorum
706 1580 148 58 illi
780 1580 240 58 Canonistae,

169 1628 299 70 hierarchiam
408 1628 100 70 &
448 1628 279 70 tprannidem
667 1628 199 70 Romani
786 1628 239 70 pontificis

170 1687 340 56 propugnandam
446 1687 318 56 susceperunt
701 1687 127 56 ex
764 1687 234 56 Canonum
913 1687 106 56 de-

177 1726 213 66 cretis,
332 1726 136 66 non
409 1726 194 66 minore
545 1726 291 66 contentione
777 1726 155 66 quam
855 1726 174 66 caeteri
