1298 2067
279 73 266 66 imperatoria
492 73 248 66 potestatem
686 73 106 66 ex
740 73 177 66 sacris
863 73 195 66 literis
1005 73 89 66 &
1023 73 106 66 iure

288 127 193 58 Romano
423 127 271 58 tuebantur.
636 127 116 58 Hi
694 127 155 58 vero
790 127 290 58 Scholastici
1003 127 116 58 dog-

285 175 148 57 mata
377 175 148 57 noua
469 175 314 57 excogitarunt,
727 175 111 57 ad
783 175 203 57 fascino
930 175 203 57 erroris
1059 175 74 57 ac

279 218 342 60 superstitionis
564 218 247 60 capiendos
754 218 95 60 &
792 218 285 60 irretiendos
1001 218 114 60 homi

275 280 135 55 num
352 280 212 55 animos,
506 280 193 55 quibus
641 280 212 55 laqueis
795 280 116 55 hi
853 280 193 55 vincti
969 280 154 55 perma-

282 316 197 53 nerent
420 316 118 53 in
479 316 276 53 obedientia
696 316 177 53 erga,
814 316 177 53 sedem
932 316 236 53 Romanam:

280 366 150 54 lnde
374 366 301 54 Scholasticae
619 366 263 54 Theologiae
825 366 169 54 nomen
919 366 207 54 celebrius

287 412 167 62 factum
404 412 133 62 est,
487 412 83 62 &
520 412 200 62 reliquae
670 412 200 62 purioris
820 412 216 62 doctrinae
987 412 100 62 de
1020 412 100 62 Chri

284 472 121 53 sti
353 472 224 53 officiis,
525 472 104 53 de
577 472 190 53 peccato
715 472 224 53 originis,
888 472 104 53 de
922 472 207 53 Euangelio,

289 507 102 53 de
340 507 154 53 Lege,
443 507 102 53 de
494 507 188 53 Gratia,
630 507 102 53 de
681 507 171 53 nostra
801 507 154 53 coram
903 507 119 53 Deo
954 507 171 53 iustifi-

292 557 209 60 catione,
449 557 105 60 de
501 557 140 60 vero
588 557 122 60 vsu
658 557 314 60 Sacramentorum,
920 557 105 60 de
972 557 140 60 vera
1042 557 87 60 Dei

292 601 260 60 inuocatione,
503 601 81 60 &
535 601 146 60 aliis
633 601 146 60 verae
730 601 146 60 fidei
828 601 211 60 articulis
974 601 146 60 scintil

294 653 145 56 lulae
390 653 96 56 ab
438 653 96 56 ea
487 653 128 56 sunt
567 653 241 56 exstinctae:
760 653 112 56 pro
824 653 161 56 quibus
920 653 209 56 substitutae

287 704 157 67 sunt
386 704 373 67 determinationes
700 704 118 67 de
759 704 216 67 Meritis
916 704 216 67 operum,
1053 704 79 67 de

294 749 279 55 inuocatione
517 749 260 55 Sanctorum,
722 749 111 55 de
777 749 111 55 vi
833 749 186 55 operis
944 749 186 55 operati,

299 798 108 57 de
353 798 216 57 primatum
515 798 180 57 Papae,
641 798 108 57 de
695 798 270 57 Purgatorio,
912 798 90 57 &
930 798 198 57 similibus

290 849 176 57 nugis.

332 885 130 73 Cum
407 885 149 73 enim
500 885 204 73 errores
648 885 93 73 &
685 885 186 73 abusus
815 885 130 73 vel
890 885 204 73 recepti
1020 885 111 73 con-

291 943 242 50 suetudine,
481 943 121 50 vel
550 943 86 50 a
585 943 277 50 Pontificibus
810 943 138 50 orti
896 943 121 50 aut
948 943 173 50 approba-

301 997 118 48 ti,
369 997 186 48 defendi
504 997 118 48 non
571 997 203 48 possent,
724 997 101 48 si
774 997 253 48 exigerentur
977 997 101 48 ad
1011 997 118 48 regu-

291 1045 126 48 lam
363 1045 90 48 &
399 1045 181 48 normam
526 1045 163 48 verbi
634 1045 181 48 sacri:
761 1045 145 48 illo
851 1045 217 48 neglecto
996 1045 126 48 quae-

292 1090 138 53 sita
378 1090 138 53 sunt
464 1090 138 53 alia
551 1090 242 53 praesidia,
741 1090 86 53 &
775 1090 207 53 imprimis
913 1090 225 53 Philosophia

296 1142 296 51 Aristotelica,
540 1142 105 51 id
592 1142 139 51 est,
679 1142 192 51 humanis
818 1142 192 51 somniis
940 1142 192 51 straminea

290 1186 253 50 fundamenta
489 1186 145 50 sunt
579 1186 253 50 substrata,
778 1186 109 50 vt
833 1186 217 50 haberent
977 1186 163 50 nimirum

296 1233 178 56 similes
425 1233 145 56 labra
522 1233 210 56 lactucas.
683 1233 129 56 Haec
764 1233 129 56 fuit
845 1233 161 56 igitur
957 1233 161 56 altera
1054 1233 81 56 do-

290 1287 206 53 ctrinae
440 1287 243 53 sectaeque
627 1287 337 53 Scholasticorum
889 1287 243 53 Theologorum

300 1341 255 48 probandae,
500 1341 164 48 atque
610 1341 164 48 etiam
719 1341 182 48 maxime
847 1341 164 48 inter
957 1341 164 48 illos
1048 1341 91 48 mor

293 1380 167 62 tales
405 1380 297 62 commendandae
646 1380 204 62 caussa,
794 1380 148 62 quae
887 1380 111 62 ex
943 1380 186 62 studio
1054 1380 93 62 op-

297 1422 228 71 primendae
473 1422 193 71 Ciuilis
613 1422 334 71 iurisdictionis,
894 1422 105 71 ac
929 1422 211 71 potestatis

286 1476 331 52 imperatoriae
555 1476 165 52 nata
658 1476 165 52 est,
762 1476 310 52 quemadmodum
989 1476 145 52 prima

300 1520 104 50 ex
352 1520 174 50 studio
473 1520 243 50 euertendae
664 1520 226 50 veritatis
838 1520 156 50 verbi
942 1520 139 50 Dei,
1011 1520 122 50 Augu-

296 1571 276 63 stinianaeque
520 1571 225 63 doctrinae
693 1571 138 63 odio
779 1571 207 63 profecta
935 1571 190 63 fuerat.
1056 1571 86 63 At-

303 1624 120 60 que
372 1624 138 60 haec
458 1624 138 60 fuit
544 1624 275 60 Scholasticae
767 1624 224 60 doctrinae
940 1624 155 60 velut
1026 1624 120 60 prima

301 1665 193 74 origo:
436 1665 212 74 eiusdem
590 1665 154 74 uero
687 1665 328 74 progressiones
957 1665 97 74 &
977 1665 154 74 incre-

292 1713 187 72 menta
417 1713 146 72 iam
479 1713 229 72 videamus.
