1292 2037
392 182 304 86 CAP.
544 182 152 86 II

156 255 95 63 De
204 255 238 63 Scholastica
394 255 206 63 doctrinae
553 255 270 63 progressione,
775 255 79 63 &
791 255 159 63 triplici

297 305 172 70 eiusdem
423 305 172 70 aetate,
548 305 94 70 ac
579 305 219 70 aifferentia.

263 389 112 78 Am
319 389 150 78 vero
413 389 168 78 inter
525 389 299 78 Scholasticos
768 389 168 78 ipsos
862 389 112 78 qui-

264 458 123 55 dam
335 458 123 55 vel
405 458 246 55 audaciores
598 458 176 55 facti,
721 458 123 55 vel
792 458 158 55 certe
880 458 105 55 eru-

270 497 207 55 ditiores
425 497 190 55 habiti,
563 497 138 55 suae
649 497 173 55 illius
770 497 224 55 doctrinae
925 497 52 55 &

118 546 292 62 Scholasticae
355 546 383 62 Theologiaecapita,
683 546 109 62 ac
738 546 164 62 velut
829 546 146 62 funda-

131 597 188 63 menta,
263 597 225 63 studiose
431 597 300 63 collegerunt,
675 597 225 63 illisque
825 597 150 63 maxima

129 644 232 70 dederunt
303 644 290 70 incrementa.
535 644 232 70 Imprimis
708 644 174 70 autem
824 644 155 70 tres
902 644 77 70 hi

133 690 214 58 laboriose
297 690 99 58 id
347 690 296 58 praestiterunt,
593 690 230 58 Gratianus,
774 690 165 58 Petrus
873 690 99 58 iste

130 740 297 54 Lombardus,
363 740 106 54 &
405 740 212 54 Petrus
553 740 275 54 Comestor.
744 740 233 54 Gratianus

129 786 162 66 enim
230 786 223 66 Decreta
392 786 283 66 Pontificum
615 786 263 66 Romanorum
817 786 121 66 in
858 786 121 66 vnum

134 847 219 52 volumen
293 847 199 52 primus
433 847 279 52 congessit,
652 847 179 52 circa
772 847 179 52 annum
871 847 100 52 do-

130 893 169 48 mini
236 893 233 48 nimirum
405 893 190 48 ioao,
532 893 169 48 quod
638 893 296 48 Decretorum
849 893 127 48 opus

135 929 172 60 etiam
249 929 134 60 num
326 929 172 60 hodie
440 929 267 60 nominatur,
650 929 153 60 opus
746 929 115 60 ad
803 929 153 60 vsum
880 929 95 60 fo-

129 987 185 53 rensem,
264 987 101 53 ac
315 987 270 53 quaestiones,
534 987 84 53 &
567 987 152 53 lites
669 987 135 53 illo
753 987 169 53 seculo
854 987 118 53 vexa-

135 1036 140 59 tas
215 1036 279 59 praesertim
434 1036 339 59 accommodatum.
714 1036 160 59 Ante
793 1036 180 59 Gratia-

133 1080 139 63 num
212 1080 198 63 quidam
351 1080 139 63 luo
431 1080 297 63 Carnotensis
669 1080 258 63 Episcopus
847 1080 119 63 simi

142 1130 119 51 le
202 1130 218 51 quiddam
360 1130 297 51 condiderat:
597 1130 99 51 &
637 1130 158 51 ante
736 1130 198 51 Iuonem
854 1130 119 51 Bur-

134 1174 210 57 chardus
287 1174 325 57 VVormaciensis
554 1174 267 57 Episcopus:
764 1174 134 57 sed
821 1174 153 57 vterqe

142 1224 133 49 ille
225 1224 199 49 tenuiori
374 1224 166 49 stylo,
490 1224 83 49 &
524 1224 215 49 argumento
689 1224 249 49 scripserat.
872 1224 99 49 Ita-

135 1282 124 50 que
206 1282 213 50 Gratiani
366 1282 160 50 liber
473 1282 196 50 vberior
615 1282 196 50 habitus
758 1282 142 50 est,
847 1282 89 50 &
864 1282 107 50 pro-

136 1328 139 61 pter
223 1328 156 61 luris
327 1328 191 61 Ciuilis
466 1328 278 61 authoritatem
692 1328 313 61 inualescentem,

135 1364 147 62 quam
227 1364 276 62 obscurabat,
447 1364 276 62 gratissimus
668 1364 294 62 Pontificibus
888 1364 92 62 Ro-

131 1411 170 61 manis
244 1411 170 61 fuit,
358 1411 132 61 imo
433 1411 170 61 etiam
546 1411 170 61 nouis
640 1411 340 61 lurisconsultorum

126 1464 277 61 Ttalicorum
344 1464 198 61 Summis
482 1464 218 61 tanquam
641 1464 297 61 locupletior
858 1464 119 61 qui-

136 1508 120 64 dam
205 1508 223 64 thesaurus
376 1508 137 64 illa
462 1508 172 64 aetate
582 1508 275 64 illustratus,
805 1508 86 64 &
823 1508 155 64 omnibus

126 1556 150 55 aliis
226 1556 266 55 scriptoribus
443 1556 216 55 praelatus
609 1556 133 55 est.
692 1556 183 55 Denique
825 1556 183 55 caussam

123 1605 195 63 quoque
259 1605 97 63 &
298 1605 273 63 argumentum
512 1605 253 63 praebuit,
706 1605 117 63 vt
745 1605 234 63 Pontifices

128 1652 189 57 Romani
260 1652 226 57 deinceps
430 1652 226 57 infinita
600 1652 208 57 quaedam
751 1652 151 57 alia
826 1652 151 57 decre-

124 1701 117 82 ta
182 1701 273 82 conderent,
396 1701 156 82 quae
494 1701 97 82 &
533 1701 156 82 ipsa
630 1701 195 82 postea
767 1701 97 82 a
786 1701 195 82 Gregorio
