1342 2112
322 53 140 55 hoc
402 53 180 55 malum
522 53 219 55 venenum
681 53 200 55 mature
821 53 180 55 intra
941 53 219 55 viscera
1080 53 100 55 sua

330 91 250 62 reciporet.
527 91 143 62 Haec
616 91 161 62 aetas
723 91 179 62 habuit
848 91 268 62 Lanfrancum,
1045 91 125 62 Guit-

330 151 226 51 mundum,
495 151 267 51 Anselmum,
700 151 226 51 Hugonem
864 151 123 51 de
926 151 205 51 sancto
1049 151 123 51 Vvi-

326 195 207 53 ctore,
471 195 289 53 Gratianum,
698 195 289 53 Lombardum,
905 195 268 53 Comestorem,

328 247 181 50 Petr.
448 247 261 50 Clericum,
649 247 261 50 Rupertum,
850 247 201 50 Leonem
990 247 221 50 Tuscum,

328 289 295 52 Quillielmum
565 289 374 52 Antisiodoresem,
860 289 315 52 Cyrillum(illum

336 335 212 66 impurum
490 335 231 66 Monachum
663 335 193 66 montis
798 335 231 66 Carmeli,
971 335 135 66 qui
1029 335 135 66 scri-

328 389 153 58 psit
423 389 172 58 nouum
538 389 286 58 Euangelium)
767 389 172 58 Petr.
882 389 325 58 Cluniacensem,

333 431 293 58 Bernarduin
563 431 398 58 Compostellanum,
898 431 230 58 Hugonem
1044 431 126 58 Bar-

335 481 300 55 cinonensem,
575 481 280 55 Vincentium
794 481 220 55 Gallum,
934 481 240 55 Alexandrum

326 540 221 50 Alensem,
492 540 148 50 (qui
584 540 184 50 primus
713 540 111 50 in
768 540 203 50 quatuor
916 540 184 50 libros
1026 540 148 50 Senten

328 576 195 63 tiarum
464 576 117 63 P.
522 576 234 63 Lombardi
698 576 292 63 commentatus
912 576 253 63 est)Gualte-

333 621 127 59 rum
406 621 309 59 Pictauiensem.
660 621 145 59 Haec
751 621 164 59 vetus
860 621 273 59 Scholastica
1060 621 109 59 cer-

333 680 115 51 te
390 680 191 51 quidem
524 680 249 51 pudentior
715 680 172 51 adhuc
830 680 172 51 erat:
945 680 96 51 &
983 680 229 51 quanquam

328 727 194 52 Patrum
463 727 407 52 Ecclesiasticorum.
812 727 116 52 i.
870 727 213 52 hominum
1005 727 155 52 Eccle-

331 770 274 64 siasticorum
550 770 165 64 dicta
660 770 146 64 ipsi
751 770 165 64 verbo
861 770 183 64 diuino
971 770 201 64 aequabar,

334 819 176 56 tamen
452 819 196 56 verbum
589 819 137 56 Dei
667 819 274 56 tractabat,
882 819 98 56 &
902 819 274 56 commentariis

322 869 130 66 pro
397 869 168 66 captu
509 869 205 66 illorum
657 869 223 66 hominum,
825 869 112 66 id
881 869 149 66 est,
974 869 130 66 pro
1030 869 130 66 igno-

331 919 175 63 rantia
453 919 87 63 &
488 919 210 63 barbarie
645 919 175 63 illius
767 919 192 63 aetatis
907 919 262 63 explicabat.
1099 919 70 63 De

331 963 114 53 hac
396 963 162 53 igitur
509 963 130 53 ipsa
590 963 162 53 aetate
704 963 114 53 sic
769 963 97 53 in
817 963 97 53 P.
866 963 227 53 Dialectico
1028 963 146 53 scribit

321 1008 138 66 lo.
400 1008 355 66 Trittenhemius,
696 1008 177 66 abbas
814 1008 355 66 Sphemhemensis,
1090 1008 79 66 Ab

332 1062 111 48 hoc
396 1062 175 48 tempore
523 1062 239 48 philosophia
714 1062 207 48 secularis
873 1062 159 48 sacram
984 1062 223 48 Theologiam

320 1108 117 68 sua
387 1108 251 68 curiositate
588 1108 184 68 inutili
722 1108 184 68 faedare
856 1108 167 68 copit.
956 1108 218 68 Aristoteles

334 1156 178 64 quidem
459 1156 107 64 in
512 1156 178 64 ipsius
637 1156 107 64 S.
690 1156 249 64 Theologiae
886 1156 178 64 templi
1011 1156 89 64 &
1029 1156 142 64 sacra-

325 1215 131 47 rij
400 1215 169 47 simen
513 1215 131 47 iam
587 1215 281 47 introductus
812 1215 169 47 erat:
925 1215 187 47 nondum
1037 1215 131 47 tamen

329 1251 112 71 in
385 1251 168 71 ipsum
497 1251 224 71 templum,
666 1251 131 71 vel
740 1251 187 71 illius
871 1251 206 71 advtum.
1021 1251 112 71 In
1058 1251 112 71 quod

331 1302 180 58 tamen
451 1302 200 58 postea
591 1302 260 58 perrupit,
791 1302 140 58 aut
871 1302 200 58 potius
1011 1302 100 58 a
1031 1302 140 58 Media

333 1344 260 61 Scholastica,
544 1344 130 61 quae
626 1344 163 61 secuta
740 1344 130 61 est,
821 1344 195 61 deductus
951 1344 114 61 fuit.

367 1401 180 52 Media
487 1401 301 52 Scholastica
728 1401 201 52 coepit
868 1401 120 52 ab
928 1401 221 52 Alberto
1069 1401 100 52 ma-

321 1447 159 55 gno.
421 1447 119 55 i.
480 1447 159 55 anno
580 1447 199 55 Domini
719 1447 179 55 Iaao,
838 1447 99 55 &
878 1447 179 55 durat
997 1447 179 55 vsque
1096 1447 80 55 ad

329 1495 229 49 Durandum
501 1495 114 49 de
558 1495 191 49 sancto
691 1495 248 49 Porciano,
882 1495 133 49 qui
958 1495 172 49 vixit
1054 1495 114 49 anno

326 1545 185 58 Domini
456 1545 167 58 isgo.
567 1545 185 58 Itaque
697 1545 167 58 durat
808 1545 148 58 illa
901 1545 148 58 fere
994 1545 130 58 per
1049 1545 130 58 annos

324 1591 193 53 centum
459 1591 96 53 &
497 1591 193 53 decem,
632 1591 135 53 qua
709 1591 231 53 fsorente
883 1591 251 53 Ottomanus
1056 1591 116 53 ille

326 1638 250 76 Turcarum
513 1638 291 76 lmperator,
742 1638 104 76 &
784 1638 229 76 nominis
929 1638 250 76 Christiani
