1286 2054
265 68 138 76 qui
344 68 178 76 Nouum
463 68 277 76 Euangelium
680 68 296 76 scripserat,
898 68 217 76 blasphemo

268 128 274 60 discipulo,
484 128 98 60 &
523 128 118 60 ad
582 128 196 60 nostra
719 128 157 60 haec
817 128 235 60 tempora,
974 128 137 60 magno

268 165 215 69 Ecclesiae
434 165 149 69 malo,
533 165 182 69 ppagata
665 165 132 69 est,
748 165 99 69 id
798 165 132 69 est,
880 165 132 69 vsqe
963 165 99 69 ad
996 165 116 69 annum

273 221 198 55 Domini
412 221 178 55 igia,
531 221 139 55 quo
610 221 198 55 primum
749 221 99 55 a
788 221 119 55 M.
848 221 218 55 Luthero
986 221 119 55 euer

269 273 113 46 ti
326 273 207 46 coepit,
476 273 94 46 &
514 273 113 46 ab
570 273 132 46 iis
645 273 132 46 qui
720 273 188 46 postea
852 273 207 46 sequuti
983 273 132 46 verum

275 309 267 61 Euangelium
485 309 267 61 docuerunt.
694 309 153 61 Haec
790 309 172 61 aetas
904 309 172 61 longe
1000 309 114 61 fuit

269 368 374 54 impudentissima.
584 368 138 54 Nam
663 368 157 54 quae
761 368 236 54 modestia
938 368 118 54 in
977 368 138 54 supe-

264 420 170 57 riori
378 420 95 57 &
416 420 170 57 Media
529 420 284 57 scholastica
756 420 170 57 adhuc
870 420 246 57 manserat,
1040 420 76 57 ne

269 455 194 64 temere
404 455 116 64 de
462 455 252 64 quibusdam
656 455 213 64 ritibus
811 455 97 64 &
830 455 291 64 quaestionibus

277 505 147 65 adhuc
375 505 164 65 dubiis
490 505 262 65 affimaretur,
703 505 131 65 ista
784 505 164 65 aetate
899 505 180 65 sublata
1014 505 98 65 est.

273 562 115 53 Et
330 562 115 53 de
387 562 172 53 rebus
502 562 172 53 etiam
617 562 305 53 abditissimis
865 562 95 53 &
903 562 191 53 maxime
1018 562 95 53 ar-

275 600 169 60 canis,
394 600 118 60 imo
461 600 135 60 vero
546 600 135 60 soli
630 600 135 60 ipsi
715 600 118 60 Deo
783 600 152 60 notis
867 600 254 60 magistraliter

280 647 197 60 affrmari
427 647 180 60 coeptum
558 647 131 60 est,
640 647 147 60 iuxta
738 647 147 60 illud
837 647 164 60 vetus,
951 647 164 60 Aμαδια
1049 647 66 60 μλ

270 694 172 58 πάρωος,
396 694 172 58 λσλσμος
521 694 172 58 δδῶυνον
646 694 141 58 φiρα,
740 694 94 58 id
787 694 125 58 est,
865 694 219 58 interprete
1022 694 78 58 Hie

270 746 191 56 ronymo
404 746 249 56 imperitia
595 746 325 56 confidentiam,
862 746 229 56 eruditio
1015 746 96 56 ti-

270 793 184 58 morem
392 793 204 58 creat.
535 793 224 58 Denique
698 793 245 58 impurior
881 793 224 58 quaeuis
1024 793 102 58 do-

270 841 193 58 ctrina,
411 841 193 58 tanquam
551 841 246 58 verissimus
744 841 228 58 articulus
920 841 176 58 fidei,
1025 841 88 58 pu-

273 886 161 55 blice
381 886 126 55 hoc
452 886 179 55 seculo
578 886 251 55 introducta
775 886 143 55 est,
865 886 215 55 priuatim
1008 886 108 55 qui-

275 939 147 56 dem
359 939 274 56 quibusdam
570 939 379 56 reclamantibus,
885 939 211 56 quorum
1012 939 105 56 vel

264 991 209 45 iudicia
416 991 360 45 contemnebantur,
719 991 133 45 vel
795 991 265 45 liberiores
984 991 133 45 voces

268 1036 193 60 Hammis
403 1036 174 60 ipsis
519 1036 329 60 coercebantur.
790 1036 155 60 Ergo
867 1036 252 60 pronuntiari

273 1080 86 60 &
307 1080 223 60 deffiniri
479 1080 172 60 coepit
599 1080 103 60 de
651 1080 137 60 Papa
736 1080 155 60 ipso,
839 1080 137 60 quod
925 1080 155 60 antea
1011 1080 103 60 tan-

269 1130 126 55 tum
341 1130 288 55 quaerebatur,
575 1130 162 55 licet
683 1130 216 55 absurde,
845 1130 162 55 Vtrum
935 1130 180 55 Pontifex

274 1174 188 58 Romanus
411 1174 120 58 sit
479 1174 188 58 simplex
616 1174 154 58 homo,
719 1174 103 58 an
771 1174 154 58 quasi
873 1174 154 58 Deus:
976 1174 103 58 an
1010 1174 103 58 par-

271 1236 187 52 ticipet
407 1236 204 52 vtramque
560 1236 187 52 naturam
696 1236 119 52 cum
764 1236 204 52 Christo:
917 1236 102 52 de
968 1236 136 52 eius
1036 1236 85 52 po-

272 1272 187 61 testate
408 1272 153 61 supra
510 1272 238 61 Concilium:
697 1272 102 61 de
749 1272 204 61 Virginis
902 1272 170 61 Mariae
1004 1272 119 61 immu-

274 1321 159 57 nitate
386 1321 80 57 a
418 1321 191 57 peccato:
561 1321 96 57 de
609 1321 159 57 altero
720 1321 143 57 signo
816 1321 96 57 in
864 1321 96 57 S.
912 1321 159 57 Domini
1007 1321 112 57 (aena

272 1380 166 54 laicis
388 1380 282 54 interdicendo:
620 1380 83 54 &
653 1380 116 54 sic
720 1380 99 54 de
769 1380 215 54 caeteris.
935 1380 149 54 Plane
1018 1380 99 54 enim

268 1421 93 47 &
306 1421 298 47 superciliose
548 1421 223 47 Magistri
715 1421 149 47 isti
808 1421 317 47 determinarunt
1051 1421 74 47 de

268 1469 408 53 istislquaestionibus:
625 1469 119 53 sed
693 1469 255 53 falsissime,
896 1469 85 53 &
930 1469 102 53 in
981 1469 136 53 Deum
1049 1469 68 53 ac

269 1516 245 64 Ecclesiam
458 1516 170 64 ipsam
571 1516 415 64 contumeliosissime.
929 1516 151 64 Ergo
1005 1516 113 64 quod

277 1567 110 51 in
332 1567 165 51 Media
442 1567 276 51 Scholastica
663 1567 165 51 adhuc
773 1567 202 51 positum
920 1567 147 51 erat
993 1567 129 51 velut

273 1611 106 68 in
326 1611 176 68 quadam
449 1611 299 68 deliberatione
696 1611 123 68 seu
766 1611 264 68 quaestione,
977 1611 141 68 fuit
1048 1611 70 68 ab

262 1661 147 64 ista
353 1661 220 64 decretum
519 1661 129 64 pro
592 1661 257 64 certissimo
794 1661 165 64 fidei
886 1661 239 64 Christianae
