1273 2028
290 74 138 70 mus,
376 74 121 70 eos
445 74 190 70 comites
584 74 208 70 habeamus
740 74 208 70 erroris,
895 74 242 70 Praesertim
1068 74 87 70 cum

273 132 153 56 idem
368 132 210 56 Hieron.
521 132 172 56 alibi
636 132 248 56 Verissime
827 132 229 56 scribat.
980 132 172 56 Fateor,

292 180 199 57 Miratus
437 180 145 57 sum,
527 180 145 57 quod
618 180 254 57 quantumuis
817 180 199 57 aliquis
962 180 145 57 male
1034 180 109 57 scri

291 237 188 56 pserit,
428 237 188 56 inuenit
565 237 188 56 similem
702 237 205 56 lectorem
856 237 137 56 sui.
942 237 120 56 Ait
1010 237 171 56 quidem

298 288 309 59 Chrysostomus
549 288 193 59 Homis.
684 288 135 59 &7.
761 288 116 59 in
819 288 155 59 Ioa.
916 288 271 59 Mendacium,

301 324 141 61 etsi
390 324 230 61 veritatem
567 324 230 61 oppugnare
743 324 212 61 videtur,
902 324 194 61 seipsum
1026 324 124 61 tamen

293 389 193 49 detegit,
438 389 81 49 &
470 389 210 49 veritatem
631 389 161 49 reddit
744 389 226 49 clariorem,
921 389 113 49 sed
986 389 145 49 illud
1066 389 81 49 ve-

286 424 140 61 rum
366 424 160 61 esse
466 424 140 61 tum
546 424 180 61 demum
666 424 280 61 experimur,
886 424 160 61 quum
986 424 100 61 a
1006 424 140 61 nobis

283 483 193 50 caecis
418 483 251 50 mendacium
610 483 135 50 pro
687 483 231 50 veritate
861 483 135 50 non
938 483 231 50 sumitur,
1092 483 58 50 &

286 519 248 66 laudatur.
477 519 134 66 Vbi
553 519 153 66 enim
649 519 172 66 semel
763 519 229 66 inhaesit
935 519 210 66 hominum
1069 519 76 66 a-

287 572 154 59 nimis
390 572 137 59 ista
476 572 240 59 sententia,
664 572 137 59 quae
750 572 103 59 de
802 572 103 59 re
853 572 172 59 aliqua
956 572 189 59 dicuntur,

290 618 102 55 ea
341 618 136 55 esse
426 618 153 55 vera,
528 618 119 55 tum
596 618 153 55 certe
698 618 153 55 (quae
800 618 119 55 vis
868 618 119 55 est
919 618 221 55 consuetudi-

286 670 131 59 nis
361 670 94 59 &
399 670 225 59 receptae
568 670 169 59 semel
680 670 131 59 iam
755 670 263 59 opintonis)
943 670 206 59 difficile

283 712 267 61 mendacium
489 712 288 61 detegitur.
715 712 144 61 Sed
797 712 144 61 cum
879 712 144 61 nox
961 712 164 61 esse
1043 712 103 61 nox

286 766 93 58 a
324 766 168 58 nobis
436 766 168 58 nullo
548 766 280 58 praeiudicio
772 766 317 58 praeoccupatis
1014 766 131 58 iudi-

285 820 141 56 cari
373 820 193 56 potest,
514 820 123 56 cum
584 820 123 56 Sol
655 820 158 56 verbi
760 820 123 56 Dei
831 820 123 56 cum
901 820 211 56 tenebris
1042 820 106 56 con-

283 862 207 53 fertur,
433 862 131 53 tum
509 862 150 53 vero
602 862 244 53 facillime
790 862 169 53 omnis
903 862 113 53 in
959 862 169 53 fidei
1053 862 94 53 do-

282 906 210 74 ctrina
429 906 294 74 impostura,
660 906 105 74 &
702 906 273 74 mendacium
892 906 252 74 deprehendi

288 972 196 46 potest.
431 972 142 46 Quod
519 972 231 46 praeclare
697 972 213 46 nobiscum
857 972 178 46 sentit
982 972 125 46 his
1035 972 107 46 ver-

280 1017 124 47 bis
351 1017 230 47 Cyprianus
528 1017 141 47 lib.
616 1017 106 47 I.
669 1017 177 47 epist.
793 1017 106 47 S.
846 1017 212 47 Mendacia
1005 1017 124 47 non
1058 1017 88 47 diu

281 1056 195 61 fallunt.
427 1056 114 61 Nox
492 1056 130 61 est,
573 1056 195 61 quousque
720 1056 130 61 dies
801 1056 228 61 illuxerit.
980 1056 195 61 Postquam

281 1107 147 58 autem
379 1107 131 58 dies
461 1107 229 58 aduenerit,
641 1107 82 58 &
674 1107 115 58 Sol
739 1107 262 58 ortusfuerit,
952 1107 82 58 &
985 1107 131 58 luci
1050 1107 82 58 te-

287 1157 162 55 nebrae
400 1157 178 55 cedunt,
530 1157 81 55 &
562 1157 162 55 noctis
676 1157 227 55 latrocinia
854 1157 195 55 cessant.
1000 1157 113 55 Imo
1049 1157 97 55 vero

286 1201 169 73 saepe
399 1201 150 73 fit,
493 1201 131 73 vt,
568 1201 282 73 quemadmodum
793 1201 113 73 ex
850 1201 244 73 Augustino
1019 1201 131 73 scri-

287 1256 125 48 bit
358 1256 267 48 Clithoneus,
572 1256 89 48 &
607 1256 142 48 ipse
696 1256 285 48 Scolasticus,
928 1256 107 48 vt
981 1256 125 48 per
1034 1256 107 48 quae

289 1302 184 55 insidias
426 1302 168 55 patitur
549 1302 184 55 veritas,
686 1302 107 55 per
748 1302 92 55 ea
793 1302 168 55 fortior
916 1302 168 55 euadat.
1023 1302 107 55 Quen-

275 1363 251 46 admodum
458 1363 206 46 nobis
595 1363 137 46 in
663 1363 160 46 hoc
755 1363 251 46 examine
915 1363 228 46 Lombardi

287 1407 218 54 contigit.
455 1407 100 54 Ex
505 1407 117 54 iis
572 1407 134 54 enim
656 1407 151 54 ipsis
756 1407 167 54 locis,
873 1407 134 54 quos
957 1407 151 54 citat
1041 1407 100 54 ipse

284 1449 126 63 pro
356 1449 126 63 se,
428 1449 305 63 deprehendimus
679 1449 179 63 falsam
804 1449 143 63 esse
894 1449 143 63 eius
966 1449 161 63 senten-

284 1498 159 53 tiam.
391 1498 195 53 Interim
532 1498 159 53 tamen
638 1498 159 53 etiam
745 1498 124 53 per
815 1498 142 53 eius
904 1498 212 53 vestigia
1045 1498 89 53 ve-

275 1550 213 55 ritatem
429 1550 174 55 eorum
546 1550 213 55 locorum
700 1550 368 55 inuestigauimus.
991 1550 135 55 Quam-

282 1592 163 61 obrem
391 1592 163 61 vitio
499 1592 163 61 nobis
608 1592 163 61 verti
717 1592 127 61 non
789 1592 199 61 potest,
934 1592 109 61 si
988 1592 145 61 hanc
1061 1592 72 61 o-

280 1653 169 53 peram
393 1653 151 53 toti
487 1653 245 53 Ecclesiae
675 1653 132 53 Dei
751 1653 282 53 impendimus,
976 1653 113 53 vt
1014 1653 113 53 quae

279 1686 129 72 sit
352 1686 165 72 horum
462 1686 257 72 scriptorum
665 1686 257 72 authoritas
867 1686 92 72 &
903 1686 184 72 fides,
1014 1686 110 72 sal
