1286 2055
266 64 203 61 ratione
413 64 258 61 recitatur:
615 64 203 61 ideoque
763 64 166 61 nutet
873 64 184 61 illius
984 64 147 61 totius

268 115 261 61 conclusionis
480 115 212 61 firmitas.
642 115 147 61 Saepe
740 115 147 61 etiam
838 115 130 61 sit,
919 115 98 61 vt
968 115 98 61 in
1001 115 114 61 alie-

270 169 147 52 num
354 169 210 52 sensum
501 169 357 52 detorqueatur,
795 169 105 52 &
837 169 273 52 incommode
1026 169 105 52 di-

270 216 164 54 ctum
372 216 327 54 collectumque
637 216 266 54 appareat,
842 216 164 54 quod
924 216 204 54 detracto

263 264 322 52 conclusionis
524 264 302 52 fundamento,
766 264 221 52 tanquam
927 264 161 52 basi
1007 264 121 52 sua,

273 313 268 54 proponitur,
488 313 125 54 aut
559 313 286 54 aedificatur.
792 313 233 54 Praeclare
971 313 143 54 enim
1043 313 89 54 Hi-

268 353 176 58 larius
392 353 141 58 lib.
480 353 106 58 4.
533 353 159 58 (quod
639 353 159 58 etiam
745 353 229 58 Lombardus
921 353 141 58 ipse
992 353 141 58 lib.I.

267 403 205 54 Sentent.
421 403 222 54 Distinct.
592 403 137 54 24g.
677 403 137 54 cap.
763 403 103 54 8.
814 403 154 54 Velut
917 403 171 54 auream
1019 403 120 54 plane

267 456 248 54 sententiam
462 456 301 54 transcripsit)
710 456 301 54 sntelligentia
939 456 195 54 dictorum,

274 504 128 58 ait,
354 504 96 58 ex
402 504 176 58 caussis
530 504 112 58 est
594 504 208 58 assumenda
755 504 192 58 dicendi.
899 504 192 58 Ideoque,
1043 504 128 58 idem

267 546 215 62 Hilarius
428 546 268 62 conqueritur
643 546 107 62 de
696 546 268 62 haereticis,
911 546 143 62 lib.
1000 546 107 62 9.
1036 546 107 62 Tri-

272 596 139 62 nit,
358 596 139 62 quod
445 596 260 62 adimplerent
653 596 156 62 aures
757 596 260 62 ignorantium
966 596 139 62 sola
1035 596 104 62 haec

272 650 154 61 (quae
374 650 188 61 citant)
511 650 85 61 &
545 650 137 61 nuda
631 650 256 61 memorantes,
836 650 120 61 aut
887 650 239 61 absolutioni-

272 697 111 59 bus
335 697 142 59 eorum
430 697 190 59 tacitis,
572 697 111 59 aut
635 697 190 59 caussis:
778 697 111 59 cum
841 697 190 59 dictorum
967 697 158 59 intelli-

268 743 169 72 gentia,
391 743 108 72 aut
452 743 92 72 ex
498 743 231 72 propositis,
683 743 108 72 aut
744 743 92 72 ex
791 743 277 72 consequentibus
1006 743 123 72 exspe-

273 799 206 54 ctetur.
423 799 169 54 Atqui
536 799 244 54 infinitis
723 799 169 54 locis
836 799 131 54 hoc
911 799 150 54 modo
1005 799 131 54 vel
1061 799 75 54 in

271 842 133 62 vno
347 842 133 62 hoc
423 842 170 62 primo
536 842 303 62 Sententiarum
782 842 170 62 libro
896 842 189 62 peceat
1009 842 114 62 Lom-

272 890 211 54 bardus,
425 890 115 54 vt
483 890 192 54 merito
617 890 172 54 fides
732 890 115 54 ei
789 890 249 54 propterea
981 890 134 54 sit
1038 890 96 54 de-

280 935 268 65 trahenda.
486 935 165 65 Quod
590 935 124 65 si
651 935 309 65 quemadmodum
899 935 185 65 leges
1002 935 144 65 ipsae

280 993 252 49 Romanorum
474 993 252 49 sanciunt,
668 993 136 49 qui
746 993 214 49 priuati
901 993 214 49 hominis
1037 993 97 49 te-

275 1032 233 69 stamentum
454 1032 268 69 interleuit,
669 1032 143 69 lege
758 1032 215 69 Cornelia
919 1032 107 69 de
973 1032 197 69 falsis,

272 1083 203 56 falsarius
428 1083 125 56 est,
507 1083 78 56 &
538 1083 141 56 falsi
631 1083 172 56 crimine
756 1083 187 56 tenetur,
897 1083 94 56 I.
944 1083 94 56 2.
991 1083 94 56 D.
1037 1083 94 56 ad
1069 1083 62 56 I-

276 1134 189 50 Cornel.
413 1134 103 50 de
465 1134 155 50 falsi
568 1134 137 50 quid
654 1134 103 50 de
705 1134 103 50 eo
757 1134 241 50 sentiemus,
946 1134 120 50 qui
1015 1134 103 50 in
1049 1134 86 50 pu-

274 1198 167 50 plicis
391 1198 150 50 illis
491 1198 117 50 tum
558 1198 100 50 S.
608 1198 250 50 scripturae,
808 1198 117 50 tum
875 1198 184 50 veterum
1009 1198 167 50 Patrum

284 1232 196 61 scriptis
431 1232 180 61 aliquid
561 1232 196 61 deleuit,
708 1232 114 61 aut
774 1232 196 61 adiecit,
921 1232 114 61 aut
970 1232 163 61 interle-

278 1286 146 61 uito
369 1286 109 61 Si
423 1286 127 61 qui
496 1286 182 61 nummos
624 1286 182 61 aureos
751 1286 218 61 raserit,
915 1286 127 61 vel
969 1286 164 61 instru-

274 1324 193 64 menta,
409 1324 154 64 quae
505 1324 212 64 probari
659 1324 135 64 non
736 1324 231 64 possunt,
890 1324 250 64 produxerit:

276 1375 112 56 vel
340 1375 160 56 falsas
452 1375 288 56 constitutiones
692 1375 240 56 protulerit,
883 1375 208 56 falsarius
1043 1375 128 56 est,

277 1425 100 63 &
317 1425 161 63 lege
417 1425 241 63 Cornelia
598 1425 261 63 damnatur:
799 1425 221 63 qualis,
939 1425 201 63 obsecro,

278 1473 247 56 censendus
468 1473 152 56 est,
563 1473 133 56 qui
639 1473 190 56 sancta
772 1473 190 56 Patrum
905 1473 209 56 scripta
1038 1473 95 56 ra-

273 1524 144 48 sit,
363 1524 126 48 qui
435 1524 162 48 falso
543 1524 162 48 eorum
651 1524 162 48 dicta
759 1524 234 48 protulit,
939 1524 90 48 &
975 1524 108 48 in
1011 1524 126 48 quae-

279 1568 196 52 stione
417 1568 137 52 tam
495 1568 236 52 augusta,
672 1568 216 52 (qualis
829 1568 137 52 est
907 1568 196 52 omnis,
1025 1568 118 52 quae

274 1617 110 56 de
329 1617 147 56 vera
421 1617 165 56 fide,
531 1617 92 56 &
568 1617 257 56 Christiana
770 1617 239 56 religione
935 1617 202 56 institui-

263 1672 134 59 tur
339 1672 286 59 disputatio)
568 1672 267 59 proposuito
778 1672 153 59 Plus
874 1672 172 59 etiam
988 1672 191 59 dicam,
