1282 2028
102 76 176 78 fuisse
226 76 229 78 impulsos,
402 76 123 78 quo
472 76 194 78 ipsimet
613 76 246 78 Prophetae,
807 76 123 78 dum
859 76 106 78 illa

93 136 298 70 scriberent.
331 136 159 70 Idem
431 136 159 70 enim
530 136 139 70 Dei
610 136 238 70 spiritus
768 136 199 70 vtrisque

99 182 273 58 dictauit.
309 182 168 58 Ergo
414 182 168 58 quod
519 182 231 58 quaedam
687 182 189 58 verba
792 182 168 58 mutant

89 233 270 56 nonnunquam
301 233 308 56 Euangelistae
551 233 135 56 aut
628 233 251 56 Apostoli,
821 233 116 56 id
860 233 96 56 fa-

94 285 159 55 ciunt
200 285 354 55 interpretationis
501 285 177 55 tantum
625 285 248 55 facilioris
802 285 159 55 gratia.

90 336 215 45 interea
247 336 176 45 tamen
364 336 196 45 sensum
501 336 176 45 verum
619 336 98 45 &
658 336 196 45 mentem
775 336 176 45 sequun-

89 384 155 53 tur,
185 384 174 53 atque
302 384 252 53 retinent.
495 384 213 53 Itaque,
650 384 290 53 quemadmodum
863 384 97 53 ait

92 423 279 58 Hieronymus
311 423 120 58 de
371 423 199 58 optimo
511 423 199 58 genere
650 423 279 58 interpret.
849 423 100 58 Tan

88 476 104 61 ta
140 476 225 61 sermonum.
313 476 208 61 varietas
468 476 208 61 Spiritus
624 476 190 61 vnitate
745 476 208 61 concordat.

87 519 198 53 Deinde
226 519 238 53 Apostoli
404 519 139 53 non
483 519 159 53 sunt
583 519 159 53 nudi
682 519 258 53 alienorum
860 519 99 53 ver

93 571 188 67 borum
219 571 335 67 recitatores,
491 571 314 67 quemadmodum
742 571 188 67 iste:
846 571 105 67 sed

92 619 174 61 etiam
207 619 174 61 eorum
323 619 135 61 suo
400 619 154 61 iure
497 619 309 61 interpretes,
748 619 193 61 vtpote
864 619 96 61 qui

90 667 136 51 Dei
167 667 213 51 Spiritu
322 667 194 51 sensum
458 667 136 51 non
536 667 175 51 verba
652 667 155 51 olim
730 667 213 51 loqueban-

87 711 148 54 tur:
179 711 148 54 ergo
271 711 203 54 sensum,
418 711 129 54 non
492 711 166 54 verba
584 711 277 54 quaesiuerunt.

146 763 130 54 Et
211 763 173 54 ista
319 763 216 54 quidem
471 763 130 54 de
535 763 259 54 Lombardo
730 763 108 54 &
752 763 195 54 Lombar-

96 795 164 72 dicis
205 795 218 72 scriptis
368 795 236 72 hactenus.
550 795 218 72 Sequitur
714 795 218 72 Elenchus
859 795 91 72 no-

90 865 176 57 ster,
208 865 156 57 quem
306 865 117 57 vt
364 865 176 57 verum
482 865 156 57 esse
579 865 254 57 probemus,
755 865 196 57 ipsummet

87 915 274 50 Lombardum
298 915 211 50 postea
445 915 253 50 audiemus
635 915 274 50 loquetem.
825 915 126 50 Vnum

90 954 172 62 modo
198 954 258 62 Lectorem
392 954 301 62 admonemus,
628 954 280 62 adiunctam
822 954 129 62 esse

98 1015 108 50 ad
152 1015 162 50 huius
260 1015 162 50 libri
368 1015 180 50 calcem
494 1015 216 50 Synopsin
657 1015 216 50 Veteris,
819 1015 90 50 &
837 1015 108 50 or

104 1058 207 44 thodoxae
259 1058 155 44 fidei
362 1058 104 44 de
414 1058 104 44 S.
466 1058 242 44 Trinitate,
656 1058 138 44 quae
742 1058 104 44 ex
777 1058 173 44 receptis

101 1103 209 46 Symbolis
258 1103 87 46 &
292 1103 227 46 Conciliis
467 1103 87 46 a
502 1103 157 46 nobis
606 1103 209 46 collecta
763 1103 140 46 est,
850 1103 140 46 quam

108 1149 279 64 breuissimam
332 1149 279 64 longissimae
555 1149 223 64 Lombardi
704 1149 242 64 scriptioni,

102 1196 89 56 &
138 1196 142 56 toti
227 1196 178 56 ipsius
351 1196 160 56 libro
458 1196 160 56 primo
565 1196 285 56 Sententiarum
796 1196 107 56 in
831 1196 107 56 stu-

103 1241 240 73 diosorum
283 1241 220 73 gratiam
424 1241 260 73 opposuimus.
