1277 2031
272 172 508 71 ELENCHVS
653 172 424 71 EORVM,
907 172 254 71 RVAE

329 229 227 58 ITOC
470 229 227 58 PRMO
612 229 255 58 LIBRO
754 229 397 58 SENTENTIARVM

341 300 119 48 in
401 300 219 48 citanda
560 300 139 48 tum
639 300 119 48 S.
699 300 99 48 S
739 300 239 48 riptura,
918 300 139 48 tum
997 300 199 48 Patrum

340 334 272 63 autoritate
554 334 156 63 sunt
651 334 97 63 a
690 334 117 63 P.
748 334 234 63 Lombardo
923 334 136 63 vel
982 334 175 63 addita,

350 393 143 81 uel
431 393 266 81 detracta,
636 393 143 81 vel
718 393 286 81 commutata,
943 393 143 81 vel
1004 393 143 81 lapsu

342 450 234 82 memoriae
497 450 234 82 supposita.

448 567 443 73 ADDITA

430 625 234 95 Istinctio
610 625 108 95 2.
664 625 144 95 cap.
754 625 108 95 8.
808 625 108 95 ad
862 625 180 95 dictum
970 625 180 95 Ambrosii

441 697 208 62 additur
593 697 152 62 vox,
668 697 190 62 Naturae.

295 736 168 64 ξοπαας
413 736 151 64 Dist.
513 736 101 64 2.
563 736 134 64 cap.
647 736 101 64 I.
697 736 101 64 ad
748 736 168 64 Paulum
865 736 201 64 Romanor.
1016 736 134 64 cap.
1083 736 67 64 I.

339 793 140 70 vers.
433 793 109 70 Zo.
495 793 124 70 vox,
557 793 217 70 Inuisibiles.

381 843 141 67 Cap.
469 843 105 67 8.
522 843 105 67 ad
575 843 264 67 Augustinum,
785 843 176 67 etiam.

380 896 146 59 Cap.
471 896 128 59 I4.
544 896 109 59 ad
598 896 182 59 eundem
726 896 200 59 August.
872 896 146 59 cum.

287 936 223 69 Distinct.
458 936 86 69 6
493 936 103 69 in
544 936 189 69 margine
682 936 137 69 cap.
767 936 103 69 2.
819 936 103 69 ad
870 936 223 69 Hilarium,
1025 936 120 69 neque

327 991 161 60 consilio.

288 1014 217 103 Distinct.
455 1014 100 103 8.
506 1014 134 103 cap.
589 1014 100 103 I.
639 1014 100 103 ad
690 1014 201 103 Hierong.
840 1014 134 103 Quia
924 1014 100 103 in
974 1014 134 103 eius
1041 1014 100 103 com

312 1095 217 58 paratione.

289 1121 147 83 Dist.
386 1121 98 83 9.
435 1121 130 83 cap.
517 1121 98 83 4.
566 1121 98 83 ad
615 1121 179 83 August.
729 1121 81 83 De.

340 1164 142 92 Cap.
429 1164 124 92 Io.
500 1164 106 92 ad
553 1164 248 92 Gregorium,
748 1164 124 92 sed
801 1164 248 92 halbutiendo.

338 1228 189 70 Postea
470 1228 113 70 ad
527 1228 283 70 Chrysostom.
735 1228 170 70 Semper.

330 1277 141 60 Cap.
418 1277 123 60 II.
489 1277 106 60 ad
542 1277 211 60 Origenem
700 1277 211 60 Saluator
858 1277 141 60 ergo
929 1277 158 60 noster.

287 1327 202 67 Distinct.
442 1327 109 67 I2.
504 1327 124 67 cap.
581 1327 93 67 2.
628 1327 93 67 ad
674 1327 171 67 August.
783 1327 78 67 ex.

287 1377 206 62 Distinct.
446 1377 111 62 IV.
509 1377 127 62 cap.
588 1377 111 62 I7.
652 1377 95 62 ad
699 1377 174 62 August,
826 1377 127 62 quae
890 1377 190 62 coniungit.

289 1422 235 69 Distinct.
470 1422 127 69 I9.
542 1422 145 69 cap.
633 1422 109 69 2.
687 1422 109 69 ad
741 1422 235 69 postremum
922 1422 199 69 August.
1049 1422 90 69 di-

333 1472 159 79 ctum
433 1472 179 79 addit
552 1472 199 79 falsam
692 1472 399 79 interpretationem
1011 1472 139 79 vocis

312 1522 310 64 generationum:.

290 1549 211 94 Distinct.
452 1549 114 94 3o.
517 1549 130 94 cap.
599 1549 98 94 4.
647 1549 98 94 ad
696 1549 179 94 August.
810 1549 81 94 Ei-

340 1617 140 68 Cap.
428 1617 88 68 9
463 1617 105 68 Tu
516 1617 158 68 dicis
603 1617 123 68 quod-

287 1652 218 102 Distinct.
455 1652 118 102 2I.
522 1652 134 102 cap.
606 1652 101 102 I.
657 1652 101 102 ad
707 1652 218 102 Augustin.
858 1652 101 102 Deum
