1259 2030
279 64 229 87 Distinct.
455 64 123 87 as.
526 64 141 87 cap.
614 64 106 87 4.
667 64 106 87 ex
720 64 176 87 priore
843 64 229 87 Augustini
1001 64 141 87 dicto,

317 126 116 60 sed
384 126 149 60 omnis
483 126 166 60 caussa
599 126 215 60 efficiens
764 126 199 60 estaitem
913 126 99 60 ex
946 126 199 60 posteriore

328 184 172 68 contra
448 184 189 68 Manich.
585 184 103 68 vt
637 184 154 68 prius
740 184 189 68 discant
877 184 120 68 vim
928 184 206 68 voluntatis

296 222 210 68 humanae.

329 259 98 78 Ca.
385 259 84 78 9.
427 259 84 78 N.
468 259 84 78 I.
510 259 223 78 Corporalium,
691 259 125 78 item,
775 259 223 78 visibiliter,
956 259 70 78 &
970 259 167 78 sesibiter.

285 303 219 91 Distinct.
454 303 118 91 4G.
521 303 118 91 ca.
588 303 101 91 9.
639 303 101 91 ex
689 303 168 91 priore
807 303 185 91 August.
942 303 168 91 dicto,
1043 303 101 91 quod

327 370 150 68 etiam
428 370 217 68 insideles
578 370 184 68 fatentur.

286 393 185 90 Distin.
421 393 118 90 48.
488 393 134 90 cap.
572 393 101 90 8.
622 393 101 90 ex
673 393 168 90 Agust.
790 393 101 90 id
841 393 151 90 ipsum
941 393 185 90 quidem,
1059 393 84 90 sed

328 468 134 73 ipse
412 468 117 73 per
462 468 101 73 eus.

384 520 582 87 COMMVTATA-

281 592 212 100 Distinct.
443 592 98 100 8.
492 592 130 100 cap.
574 592 98 100 8.
622 592 98 100 ex
671 592 195 100 Hilario,
818 592 98 100 in
866 592 114 100 vno
932 592 212 100 Hilarius,
1078 592 65 100 in

295 663 174 60 unum.

286 706 195 66 Distinct
432 706 97 66 8.
480 706 130 66 cap.
561 706 97 66 I.
610 706 259 66 comparatione
821 706 130 66 vere
886 706 97 66 est.

326 756 126 73 Cap.
405 756 94 73 2.
452 756 94 73 ex
499 756 157 73 Hilar.
610 756 126 73 Ecce
688 756 94 73 in
720 756 110 73 esse.

332 823 132 58 cap.
414 823 99 58 2.
464 823 99 58 ex
513 823 182 58 August.
645 823 132 58 quae
728 823 149 58 Deus:
827 823 132 58 item
909 823 132 58 modo
992 823 182 58 quodam.

327 864 128 62 cap.
407 864 96 62 8.
455 864 96 62 ex
503 864 176 62 August.
614 864 224 62 Simpliciter.

328 907 122 68 cap.
404 907 91 68 7.
449 907 91 68 ex
495 907 122 68 eod.
556 907 243 68 Intelligentia.

328 954 158 80 cap.
427 954 119 80 9.
487 954 178 80 Locos
605 954 218 80 Hilarij
764 954 99 80 &
803 954 158 80 Aug.
902 954 198 80 omnino
1021 954 119 80 per

305 1004 167 56 uertit.

284 1050 208 69 Distinct.
444 1050 96 69 9.
492 1050 128 69 cap.
572 1050 96 69 9.
620 1050 96 69 ex
667 1050 176 69 Hierony
779 1050 208 69 saepissime.

325 1101 131 66 cap.
407 1101 98 66 Io
456 1101 98 66 ex
505 1101 180 66 August.
619 1101 197 66 diuinitus.

277 1145 208 68 Distinct.
437 1145 112 68 I2.
501 1145 128 68 cap.
581 1145 96 68 8.
629 1145 96 68 ex
676 1145 128 68 Aug.
756 1145 80 68 &
788 1145 176 68 postea,
900 1145 128 68 sicut.

277 1188 209 78 Distinct.
438 1188 112 78 I4.
502 1188 128 78 cap.
582 1188 96 78 2.
630 1188 80 78 &
662 1188 96 78 2.
711 1188 145 78 dicta
807 1188 177 78 August.
935 1188 225 78 praesertim

322 1250 109 70 in
376 1250 201 70 vocibus
522 1250 182 70 eundem
650 1250 219 70 spiritum
814 1250 182 70 misere
924 1250 164 70 detora.

279 1277 208 84 Distinct.
439 1277 112 84 IG.
503 1277 128 84 cap.
583 1277 96 84 2.
631 1277 96 84 ex
678 1277 176 84 August.
790 1277 176 84 fateamur.

278 1336 226 90 Distinct.
451 1336 121 90 IV.
521 1336 139 90 cap.
607 1336 104 90 2.
659 1336 104 90 ex
712 1336 191 90 August,
850 1336 156 90 multa
937 1336 191 90 comutata.

319 1391 134 63 cap.
403 1391 118 63 II.
470 1391 151 63 prima
554 1391 202 63 autoritas.

316 1445 254 66 Augustini
512 1445 254 66 commutata
707 1445 215 66 prorsus
864 1445 156 66 cap.
962 1445 137 66 I7.
1020 1445 98 66 mu-

321 1494 145 66 tat,
412 1494 164 66 genus
521 1494 164 66 ipsum
630 1494 200 66 dicendi
775 1494 327 66 Augustinianum.

319 1534 140 67 cap.
407 1534 123 67 I8.
477 1534 158 67 prima
583 1534 228 67 Augustini
758 1534 228 67 autoritas
916 1534 158 67 euersa.

272 1567 207 77 Distinct.
431 1567 111 77 I9.
495 1567 127 77 cap.
574 1567 95 77 2.
622 1567 95 77 ex
670 1567 127 77 Aug.
749 1567 127 77 Deus
828 1567 111 77 est
892 1567 127 77 unus
956 1567 95 77 est.

278 1628 221 73 Distinct.
448 1628 119 73 32.
516 1628 136 73 cap.
601 1628 102 73 I.
652 1628 221 73 Augustini
821 1628 170 73 dictum
940 1628 102 73 ex
991 1628 136 73 lib.
1059 1628 68 73 S.

314 1673 233 86 prorsus
483 1673 233 86 euersum
653 1673 106 86 &
674 1673 212 86 mutatum:
