1291 2037
121 79 224 73 Distinct.
293 79 121 73 22.
362 79 138 73 cap.
448 79 103 73 4.
500 79 224 73 Augustini
673 79 172 73 dictum
793 79 103 73 ex
845 79 138 73 lib.
914 79 69 73 V.

172 146 208 57 Trinit.
324 146 152 57 cap.
418 146 114 57 4.
475 146 246 57 inuersum.
665 146 152 57 cap.
760 146 114 57 9.
797 146 190 57 secundum

174 194 240 62 Augustini
358 194 185 62 dictum
488 194 111 62 ex
543 194 148 62 lib.
636 194 240 62 Quaestio.
821 194 185 62 Veter.
932 194 55 62 &

157 237 158 68 Nou.
256 237 217 68 testam.
413 237 197 68 ibidem
551 237 118 68 ex
611 237 236 68 Anibrosi
788 237 236 68 Deitatem

159 284 232 68 Trinitatis.

121 327 158 79 Dist.
227 327 123 79 34.
297 327 140 79 cap.
384 327 105 79 2.
437 327 210 79 Ambrosij
595 327 158 79 verba
700 327 193 79 prorsus
822 327 158 79 mutata.

174 387 127 61 Cap
246 387 109 61 4.
301 387 181 61 dictum
428 387 200 61 Hilarij
573 387 109 61 in
627 387 236 61 principio
791 387 181 61 mutatum,

168 438 143 61 Cap.
258 438 125 61 Io.
329 438 161 61 totus
437 438 197 61 lsidori
580 438 161 61 locus
670 438 179 61 mutatus.

130 477 225 67 Distinct.
303 477 121 67 2o.
372 477 139 67 cap.
459 477 104 67 I.
511 477 191 67 Hieron.
650 477 156 67 verba
754 477 156 67 mutat
858 477 104 67 vt
892 477 87 67 est

166 533 240 65 annotatum
350 533 148 65 N.4.
443 533 148 65 cap.
535 533 111 65 S.
591 533 259 65 Hilarianae
776 533 203 65 orationis

167 575 182 65 seriem
294 575 164 65 mutat
404 575 109 65 in
459 575 164 65 voce,
550 575 164 65 quibus.

119 625 233 56 Distinct.
299 625 126 56 28.
370 625 144 56 cap.
460 625 108 56 I.
514 625 162 56 prius
622 625 233 56 Augustini
801 625 180 56 dictum
909 625 72 56 ex

174 679 205 59 persona
324 679 299 59 haereticorum
566 679 224 59 scriptum
734 679 205 59 tribuit
865 679 112 59 ipsi

117 731 261 52 Augustino:
322 731 186 52 ibidem
453 731 112 52 in
509 731 261 52 posteriore
714 731 205 52 eiusdem
844 731 131 52 dicto

156 779 184 63 mutat
278 779 328 63 affrmationem
545 779 123 63 in
606 779 307 63 negationem:
832 779 143 63 Dein-

174 816 96 68 de
222 816 128 68 Ergo
302 816 112 68 in,
366 816 160 68 autem.

125 861 147 65 Dist.
223 861 115 65 39.
288 861 131 65 cap.
370 861 98 65 2.
419 861 98 65 in
468 861 164 65 priore
583 861 180 65 August.
714 861 147 65 dicto
796 861 180 65 naturali-

173 914 136 70 ter,
258 914 153 70 esse:
360 914 102 70 in
411 914 238 70 posteriore
597 914 170 70 quoque
716 914 153 70 mutat
801 914 170 70 pleraqe-

131 967 202 63 Distinct.
287 967 109 63 2o.
349 967 124 63 cap.
426 967 93 63 2.
473 967 171 63 auferri
597 967 202 63 videatur,
752 967 124 63 item
829 967 140 63 simul
907 967 62 63 in

144 1011 190 58 similiter.

131 1056 205 76 Distinct.
289 1056 110 76 2I.
352 1056 126 76 cap.
430 1056 94 76 I.
477 1056 94 76 in
525 1056 157 76 priore
635 1056 142 76 dicto
729 1056 173 76 August.
855 1056 126 76 quae
918 1056 63 76 in

176 1104 111 71 illa
245 1104 194 71 substantia
384 1104 83 71 est.

169 1156 126 82 Cap.
248 1156 94 82 2.
295 1156 94 82 ex
342 1156 173 82 Hilario
468 1156 220 82 insinitas.
640 1156 126 82 cap.
719 1156 94 82 9.
766 1156 94 82 ex
813 1156 126 82 Aug.
876 1156 110 82 quia:

174 1206 195 61 diuersum
320 1206 130 61 enim
385 1206 98 61 est.

133 1245 198 78 Distinct.
285 1245 107 78 22.
346 1245 122 78 cap.
422 1245 91 78 4.
453 1245 91 78 qua.

134 1299 215 64 Distinct.
300 1299 99 64 as
349 1299 132 64 cap.
432 1299 99 64 2.
482 1299 99 64 ex
531 1299 182 64 Hilarij
664 1299 165 64 priore
780 1299 149 64 dicto
879 1299 99 64 in
912 1299 66 64 ea

171 1358 148 55 esse
264 1358 204 55 natura:
413 1358 148 55 item
505 1358 93 55 &
542 1358 223 55 secundum
709 1358 93 55 &
746 1358 204 55 tertium
876 1358 93 55 Hi-

164 1400 182 64 larij
285 1400 202 64 dictum
407 1400 223 64 commutat.

166 1446 140 70 Cap.
254 1446 193 70 8sensus
377 1446 315 70 contemplationem.

171 1493 136 75 Cap.
256 1493 102 75 8.
307 1493 102 75 ex
358 1493 187 75 Hilario
493 1493 153 75 Viuus
595 1493 85 75 a
629 1493 153 75 viuo:
731 1493 153 75 item,
832 1493 85 75 &
849 1493 119 75 inse-

174 1552 85 61 re
216 1552 157 61 te:item
330 1552 100 61 est
387 1552 142 61 filius
487 1552 85 61 ab
530 1552 100 61 eo,
587 1552 100 61 qui
643 1552 128 61 Pater
715 1552 85 61 est.

116 1598 216 74 Distinct.
282 1598 116 74 24.
349 1598 133 74 cap.
432 1598 100 74 2.
482 1598 149 74 Alius
581 1598 166 74 tamen.
697 1598 133 74 cap.
780 1598 100 74 4.
814 1598 149 74 dispun-

160 1639 150 79 ctio
254 1639 206 79 mutata,
404 1639 150 79 quae
498 1639 188 79 reddit
629 1639 169 79 totum
742 1639 169 79 illum
836 1639 131 79 locum

122 1692 338 69 obcurissimum:
