2682 3979
300 178 324 202 o

150 1071 205 1104 III.

101 1112 251 1145 Adhibiti

109 1153 230 1195 integri

86 1193 256 1227 Commen¬

126 1234 216 1267 tarii.

132 2645 190 2677 IV.

119 2686 198 2725 Qiue

93 2726 236 2758 deerant

91 2767 238 2808 Lychelo

63 2808 257 2849 supplerunt

128 2848 192 2879 viri

115 2889 214 2921 docti.

139 3070 183 3102 V.

85 3110 129 3141 Et
164 3119 239 3140 cum

111 3150 220 3182 laude.

130 3564 192 3599 VI.

302 280 458 322 dicatis
491 281 608 329 locis,
635 282 784 337 quibus
816 280 1119 323 miscebantur.
1143 279 1380 329 Secundus,
1405 273 1640 336 Philippus
1671 293 1696 320 a
1734 278 2057 335 Bctgnacavallo
2083 278 2130 321 in
2167 278 2389 335 (jymnasio

308 352 459 394 Veneto
484 353 742 395 ordinarius
770 354 1016 403 Pneleclor,
1042 352 1145 394 dcin
1168 352 1368 392 Minister
1392 351 1611 406 generalis
1655 352 1784 392 lotius
1832 350 2012 392 Ordinis
2052 350 2284 401 Minorum,
2315 365 2387 392 ea¬

297 420 391 462 dem
414 422 460 463 in
482 421 589 464 Urbe
608 436 724 464 anno
758 423 870 467 1505
878 423 885 472 ,
931 423 1128 477 imprimi
1159 422 1343 470 curavit,
1376 422 1552 463 insertis
1597 422 1645 462 in
1685 428 1850 462 textum
1876 419 2192 470 additionibus,
2235 420 2387 462 addito

297 492 428 533 etiam
449 492 496 534 in
522 494 721 548 margine
746 494 940 548 ctliquolo
968 494 1224 534 citationum
1251 498 1424 533 ornatu.
1455 491 1643 533 Tertiam
1657 491 1856 533 adhibuit
1877 492 2202 546 impressionem
2226 492 2388 546 priori¬

298 561 371 603 bus
397 562 643 618 digniorem
670 565 904 608 Mauritius
924 563 976 605 de
1008 564 1145 605 Portu
1171 562 1426 605 Hibernicus
1432 575 1442 616 ,
1471 561 1667 616 publicus
1694 562 1870 603 Patavii
1902 563 2150 614 Professor,
2176 575 2278 604 mox
2303 562 2389 603 Ar-

297 633 590 688 chiepiscopus
612 634 814 684 Tuamen,
838 648 953 674 anno
978 631 1088 676 1522
1094 645 1103 682 ,
1123 633 1252 673 etiam
1270 632 1317 672 in
1335 631 1443 672 Urbe
1458 631 1742 673 Venetiarum.
1768 632 1879 672 Dcin
1900 632 2046 672 mullis
2067 631 2113 672 in
2135 631 2240 672 locis
2256 643 2388 672 excu¬

294 714 387 742 sum
401 702 477 743 hoc
496 716 600 758 opus
617 704 752 745 variis
778 704 951 757 formis,
977 703 1197 756 variisque
1219 702 1496 742 incrementis
1517 707 1553 742 et
1577 700 1874 742 decrementis.
1905 700 2093 742 Tandem
2113 701 2313 742 ultimam
2329 700 2386 740 li¬

301 785 416 813 mam
430 773 562 828 plene
576 773 776 815 adhibuit
797 773 1122 814 Illustrissimus
1142 771 1358 822 Ccivellus,
1372 770 1515 813 nihilo
1533 770 1958 826 praetermisso,quod
1974 770 2183 825 adoperis
2198 769 2388 824 dignita¬

296 850 378 884 tem
403 844 493 886 sive
525 845 823 902 integritatem
852 845 988 900 possit
1015 844 1276 887 desiderari.
1302 845 1390 886 Sex
1409 852 1509 887 sunt
1542 845 1590 886 in
1624 844 1830 886 Vaticano
1873 842 2052 885 Codices
2080 843 2202 885 MSS.
2234 842 2384 898 quibus

290 928 371 970 per
409 918 557 958 omnia
587 919 676 960 hcec
702 918 835 960 editio
863 918 1059 968 cohaeret,
1096 919 1135 960 si
1172 918 1365 973 paucula
1397 917 1545 960 demas
1583 918 1734 974 exigui
1764 930 1868 958 sane
1905 918 2123 968 momenti,
2154 918 2201 959 in
2234 916 2384 972 quibus

294 990 424 1031 etiam
446 991 535 1032 hcec
564 992 658 1048 ipsa
678 992 950 1047 exemplaria
971 1004 1060 1033 non
1086 990 1368 1032 concordant.

356 1061 706 1117 Recognitionem
733 1062 860 1112 hanc,
896 1061 1090 1103 omnibus
1112 1061 1306 1103 numeris
1332 1060 1586 1110 absolutam,
1618 1060 1664 1101 in
1691 1060 1772 1101 hac
1785 1060 1975 1102 editione
1998 1060 2144 1109 secuti,
2167 1059 2386 1101 Commen¬

298 1133 433 1174 tarios
453 1131 742 1188 adjunximus
767 1131 993 1174 Francisci
1013 1132 1207 1186 Lycheti,
1233 1132 1338 1172 olim
1377 1130 1558 1172 Ordinis
1584 1129 1802 1171 Minorum
1832 1130 2028 1171 Ministri
2069 1129 2308 1180 Generalis,
2338 1129 2386 1170 in

294 1201 412 1243 Scoti
432 1201 630 1256 operibus
657 1200 957 1248 versutissimi,
984 1207 1110 1256 atque
1136 1201 1208 1242 ubi
1233 1201 1308 1242 isti
1329 1200 1526 1252 deerant,
1568 1199 1679 1241 cdios
1699 1199 1977 1241 adhibuimus
2016 1199 2239 1245 cloctoru.m
2271 1200 2383 1240 viro¬

292 1284 406 1322 rum,
437 1270 566 1325 hujus
591 1269 732 1311 nostri
755 1269 941 1324 Collegii
960 1269 1279 1323 Professorum.
1305 1269 1432 1310 Multi
1454 1275 1570 1320 sunt,
1601 1269 1676 1323 qui
1695 1268 1944 1323 opinentur,
1975 1275 2013 1310 et
2037 1268 2159 1310 nobis
2183 1269 2383 1323 aliquan¬

291 1340 344 1382 do
362 1340 628 1396 persuadere
660 1340 807 1381 conati
831 1347 929 1381 sunt
950 1341 1188 1395 Lychetum
1209 1341 1400 1396 integros
1427 1340 1476 1382 in
1503 1341 1752 1381 universum
1784 1340 1861 1381 hoc
1897 1353 2002 1395 opus
2043 1340 2382 1381 Commentarios

289 1410 470 1460 dedisse,
502 1416 541 1451 et
561 1423 654 1464 quee
666 1408 1010 1460 desiderabatur,
1034 1416 1207 1464 partem
1233 1409 1481 1451 delitescere
1496 1410 1540 1451 in
1562 1409 1779 1451 nobilibus
1801 1411 1940 1452 Italice
1956 1411 2247 1460 Bibliothecis,
2270 1423 2380 1465 prae¬

289 1481 440 1522 sertim
462 1481 510 1521 in
541 1479 761 1530 Urbinate,
795 1478 1024 1520 Codicibus
1053 1480 1179 1522 MSS.
1211 1479 1563 1522 instructissima.
1596 1479 1687 1534 Ego
1725 1486 1825 1520 ante
1851 1480 2017 1534 aliquot
2050 1493 2187 1522 annos
2214 1492 2381 1521 omnem

284 1551 413 1606 posui
433 1563 612 1606 operam
632 1557 677 1592 ut
698 1550 744 1591 in
771 1551 948 1604 optimis
969 1550 1202 1605 quibusque
1231 1550 1510 1591 Bibliothecis
1522 1549 1897 1604 perquirerentur,
1923 1556 1962 1591 et
1982 1563 2075 1592 cum
2097 1549 2381 1591 Serenissimo

287 1624 496 1679 Principe
521 1623 752 1665 Francisco
773 1622 932 1673 Maria,
966 1629 1182 1677 postremo
1214 1622 1368 1664 Urbini
1394 1622 1524 1672 Duce,
1550 1621 1616 1662 rei
1639 1621 1881 1672 litlerari.ee,
1912 1621 2180 1664 instruendis
2201 1621 2377 1670 duobus,

284 1709 377 1750 quee
397 1694 632 1744 excolebat,
669 1693 841 1744 Museis,
874 1700 913 1734 et
943 1692 1106 1734 Ordini
1139 1692 1361 1734 Minorum
1392 1691 1710 1743 addictissimo,
1739 1692 1921 1734 solerter
1959 1693 2041 1748 egi,
2071 1699 2118 1734 ut
2137 1693 2176 1734 si
2207 1691 2312 1746 quicl
2337 1692 2382 1735 in

286 1766 367 1808 hac
386 1779 433 1807 re
454 1765 628 1807 haberet
664 1764 731 1806 vel
752 1763 991 1819 aliquando
1019 1763 1227 1813 audierit,
1257 1762 1465 1805 edoceret.
1491 1763 1658 1804 Prceler
1679 1763 1798 1805 edita
1831 1764 1947 1806 nihil
1972 1764 2198 1819 scripsisse
2231 1764 2279 1805 in
2303 1764 2382 1805 hoc

284 1851 440 1894 genere
464 1840 680 1877 auctorem
702 1833 830 1883 hunc,
866 1832 1150 1887 undequaque
1171 1845 1437 1887 responsum,
1463 1831 1576 1885 quod
1599 1832 1772 1873 tandem
1799 1834 1957 1874 certius
1987 1834 2131 1889 accepi
2163 1846 2216 1874 ex
2243 1833 2381 1887 ipsius

286 1908 468 1964 Lycheti
488 1907 674 1961 Regesto,
706 1917 787 1959 quo
807 1917 895 1945 suce
921 1904 1140 1959 generalis
1177 1903 1460 1956 Praefecturae
1484 1909 1603 1956 gesta
1635 1904 1862 1958 congessit.
1899 1905 2073 1946 Etenim
2106 1918 2220 1946 anno
2248 1903 2360 1948 1520
2369 1936 2376 1944 .

285 1981 358 2022 die
369 1979 427 2025 20
453 1977 576 2020 Junii
596 1975 726 2017 editis
739 1975 930 2016 Parisiis
946 1974 1202 2029 quibusdam
1223 1971 1602 2014 constitutionibus
1621 1973 1866 2015 studiorum
1884 1975 2093 2029 regimini
2105 1974 2376 2030 opportunis,

284 2054 400 2095 inter
444 2051 558 2093 alicis
586 2049 648 2090 ita
678 2048 916 2103 praecepit:
960 2044 1029 2091 Ut
1073 2044 1375 2103 Theologiae
1422 2044 1644 2091 studiosi
1689 2047 1898 2091 tantum
1939 2059 1993 2091 se
2040 2049 2294 2104 occupent
2327 2045 2380 2091 in

280 2118 595 2168 lectionibus
620 2115 763 2163 Scoti
808 2117 858 2161 et
880 2115 1198 2161 commentis
1232 2115 1482 2174 ejusdem,
1520 2128 1633 2173 quae
1663 2114 1883 2173 praecise
1907 2118 2028 2162 sunt
2056 2116 2116 2161 ad
2150 2120 2379 2163 mentem

285 2191 445 2245 Scoti,
478 2190 553 2237 ita
582 2188 715 2248 quod
738 2187 960 2247 praecise
981 2187 1191 2233 videant
1225 2189 1442 2234 Scotum
1470 2200 1588 2232 cum
1624 2185 1958 2244 expositione
1998 2189 2184 2233 nostra
2221 2200 2381 2246 super

283 2265 474 2325 primo,
512 2260 736 2307 secundo
766 2262 817 2306 et
846 2258 1007 2306 tertio
1039 2257 1453 2309 Sententiarum,
1484 2259 1534 2303 et
1566 2270 1725 2316 super
1748 2257 2078 2316 quodlibetis,
2108 2258 2268 2304 donec
2290 2259 2379 2304 ali¬

283 2349 383 2395 qua
423 2333 528 2380 alia
568 2330 757 2376 melior
803 2329 1132 2389 apparuerit.
1167 2331 1283 2372 Obiit
1322 2337 1465 2372 autem
1501 2330 1577 2372 sub
1603 2329 1796 2385 ejusclem
1821 2331 1932 2372 anni
1965 2332 2099 2383 finem
2127 2332 2176 2372 in
2203 2332 2379 2374 civitate

282 2407 419 2449 Budae
439 2407 486 2448 in
517 2403 761 2460 Hungaria,
785 2409 880 2457 post
901 2402 1080 2443 molesta
1106 2408 1144 2442 et
1173 2401 1427 2456 longissima
1444 2413 1524 2455 per
1562 2400 1843 2442 Germaniam
1869 2408 1908 2442 et
1933 2402 2163 2443 Poloniam
2197 2403 2375 2446 itinera.

282 2477 380 2518 Non
406 2488 506 2530 ergo
539 2473 680 2529 potuit
709 2471 868 2513 librum
906 2478 1109 2526 quartum
1146 2471 1449 2526 interpretari,
1481 2483 1614 2525 neque
1650 2471 1865 2525 supplere,
1902 2484 1995 2526 quee
2038 2472 2291 2526 deficiebant
2330 2474 2378 2515 in

283 2547 457 2588 tertium
481 2542 830 2586 Commentariis.

338 2617 401 2659 Ne
435 2628 568 2670 porro
596 2615 662 2656 hae
694 2620 840 2668 partes
881 2625 960 2653 sua
998 2616 1197 2653 carerent
1223 2609 1603 2665 interpretatione,
1635 2611 1888 2652 curavimus
1931 2620 1977 2654 ut
2019 2626 2073 2654 ex
2117 2614 2197 2655 isto
2228 2620 2376 2656 nostro

288 2689 480 2743 Collegio
501 2687 672 2741 integra
696 2684 913 2740 prodiret,
943 2697 1050 2734 eam,
1083 2696 1177 2737 quee
1209 2682 1358 2724 deerat
1391 2683 1440 2723 in
1468 2683 1657 2732 tertium,
1677 2684 1795 2738 justo
1822 2684 2051 2738 complevit
2076 2686 2306 2735 volumine,
2337 2693 2377 2727 et

285 2763 440 2817 ubique
466 2763 514 2803 in
555 2760 778 2815 prioribus
819 2758 958 2808 libris,
990 2771 1095 2812 quas
1138 2758 1285 2798 omisit
1324 2757 1556 2811 Lychetus,
1594 2757 1851 2811 quaestiones
1883 2759 2121 2813 explicavit
2164 2761 2210 2802 R.
2248 2761 2299 2803 P.
2323 2761 2372 2802 F.

283 2837 470 2878 Joannes
496 2835 684 2876 Poncius
704 2833 858 2874 Lector
881 2831 1142 2885 primarius,
1183 2831 1255 2871 vir
1279 2830 1491 2880 eruditus,
1522 2830 1571 2871 in
1616 2830 1725 2872 Urbe
1750 2832 2015 2873 notissimus.
2068 2832 2277 2880 Quartum
2317 2835 2374 2876 li¬

284 2906 405 2948 brum
428 2905 563 2946 Iribus
590 2903 758 2958 magnis
780 2901 905 2942 tomis
927 2901 1240 2954 interpretatus
1266 2906 1326 2940 est
1347 2900 1394 2941 R.
1421 2900 1469 2939 P.
1505 2899 1555 2941 F.
1580 2899 1799 2940 Antonius
1826 2900 2030 2956 Hiquaeus
2051 2902 2098 2943 S.
2134 2903 2375 2958 Theologiae

284 2977 513 3030 Professor
534 2975 751 3024 emeritus,
775 2973 974 3027 apprime
997 2971 1162 3019 cloctus,
1194 2972 1318 3025 cujus
1339 2970 1514 3012 virtutis
1530 2976 1570 3011 et
1590 2970 1762 3025 ingenii
1783 2971 1876 3012 alia
1909 2978 2060 3013 extant
2097 2982 2369 3028 argumenta.

342 3046 390 3087 In
413 3045 480 3086 his
505 3043 766 3085 Commentis
786 3055 874 3083 non
903 3048 989 3082 tam
1011 3040 1325 3082 adhaerendum
1345 3040 1433 3093 fuit
1460 3039 1590 3088 nudee
1629 3040 1783 3081 litterae
1803 3041 2015 3092 Docloris,
2045 3055 2180 3098 neque
2213 3051 2375 3100 tempus

287 3116 513 3159 terendum
541 3116 591 3157 in
616 3112 887 3168 exponendis
909 3112 1123 3162 terminis,
1145 3113 1213 3152 uti
1241 3111 1419 3166 quidam
1448 3111 1668 3153 inutiliter
1700 3112 1911 3165 fecerunt,
1943 3125 2072 3166 quam
2103 3116 2378 3170 explicandae

284 3195 407 3231 erant
432 3186 749 3235 controversice,
774 3184 1030 3237 refellendae
1067 3183 1428 3224 adversariorum
1460 3183 1732 3238 objectiones,
1763 3182 2028 3225 stabilienda
2065 3187 2254 3228 auctoris
2305 3188 2377 3230 do¬

284 3263 446 3312 ctrina,
495 3267 533 3301 et
568 3259 811 3315 ponderoso
850 3256 995 3299 studio
1045 3257 1241 3312 graviter
1277 3255 1584 3309 confirmanda
1649 3269 1876 3297 sacrorum
1940 3257 2236 3301 Conciliorum
2292 3263 2378 3303 De¬

281 3333 423 3381 cretis,
459 3337 584 3385 atque
604 3335 850 3370 sanctorum
885 3326 1071 3368 Patrum
1096 3326 1336 3368 sententiis.
1385 3327 1450 3368 Ita
1470 3326 1529 3367 ad
1566 3332 1710 3367 votum
1750 3326 1932 3378 factum,
1977 3329 2053 3382 qui
2084 3330 2377 3386 prcelegerunt

279 3403 367 3446 viri
387 3402 519 3450 docti,
537 3399 835 3455 judicarunt;
863 3396 937 3437 sed
958 3403 998 3437 et
1022 3395 1304 3447 subscribent,
1335 3397 1410 3451 qui
1445 3397 1613 3438 sincere
1640 3394 1943 3449 expenderint,
1974 3404 2013 3438 et
2040 3401 2191 3453 quanti
2217 3410 2376 3445 constet

280 3475 350 3516 hic
367 3473 501 3523 labor,
527 3484 645 3526 aequo
667 3470 802 3512 velint
821 3467 994 3524 judicio
1015 3480 1313 3522 compensare.

344 3546 458 3601 Opus
501 3545 578 3586 hoc
615 3556 703 3585 non
748 3542 874 3597 plene
907 3543 1134 3597 complevit
1179 3543 1343 3593 Scotus,
1395 3555 1528 3597 neque
1555 3541 1613 3582 ad
1638 3554 1781 3582 omnes
1818 3542 2127 3586 Distinctiones
2147 3546 2362 3592 adhibuit.
