2653 3979
272 326 320 354 ac
340 314 528 355 sanctior
547 314 696 354 mundi
717 325 815 365 pars
844 314 913 352 illa
942 322 1028 352 non
1055 314 1284 363 amplecte¬

268 395 399 438 retur,
423 390 532 429 sicut
560 401 647 430 non
686 391 958 440 amplectitur
989 400 1156 429 errores
1177 390 1274 430 alia¬

270 479 359 507 rum
419 470 650 513 sectarum,
717 465 916 517 quoniam
974 464 1284 504 irrationabiles

275 546 386 582 sunt.

334 617 392 671 (b)
407 621 465 658 De
484 621 600 658 sexto
607 629 615 664 ,
637 618 792 657 scilicet
817 618 866 656 de
894 616 1282 664 irrationabilitate,

276 699 356 736 etc.
396 695 455 734 Ex
485 694 848 734 irrationabilitate
887 692 1076 732 omnium
1107 693 1283 733 aliarum

267 775 482 812 sectarum
503 775 588 811 tam
626 770 770 821 quoad
808 772 941 810 multa
978 770 1164 811 absurda
1184 780 1282 821 quse

264 847 534 898 profitentur,
558 857 686 897 quam
709 846 852 897 quoad
875 845 1093 885 defectum
1108 846 1281 885 motivo-

267 935 361 963 rum
399 921 704 962 sufficientium
736 921 790 961 ad
829 933 901 961 eas
931 920 1274 973 persuadendas,

265 1011 472 1052 magnum
509 1003 813 1050 argumentum
851 998 1016 1039 desumi
1047 1002 1191 1049 potest
1227 998 1281 1038 ad

262 1075 306 1116 id
328 1075 445 1128 quod
478 1074 754 1116 intendimus.
787 1077 889 1115 Nam
913 1075 1090 1115 evidens
1113 1077 1255 1116 morali
1265 1098 1278 1103 -

265 1156 330 1193 ter
349 1156 413 1192 est
444 1152 634 1202 aliquam
656 1163 752 1192 esse
784 1151 1024 1192 doctrinam
1062 1163 1140 1192 seu
1177 1164 1275 1203 pro¬

261 1228 510 1276 fessionem,
548 1227 593 1269 in
627 1240 711 1281 qua
755 1229 934 1268 traditur
971 1230 1111 1269 cultus
1151 1240 1280 1270 verus

264 1305 334 1345 Dei
361 1308 404 1345 et
423 1304 577 1344 modus
597 1304 651 1344 ad
688 1306 829 1356 ipsum
859 1304 1167 1356 perveniendi;
1205 1317 1279 1345 cur

265 1379 381 1419 enim
406 1379 620 1420 conderet
649 1382 765 1419 Deus
800 1380 996 1420 homines
1028 1384 1200 1431 propter
1229 1392 1275 1421 se

266 1466 427 1508 eosque
463 1455 680 1496 ordinaret
701 1456 756 1496 ad
793 1456 1016 1495 coelestem
1052 1456 1277 1496 beatitudi-

264 1541 381 1579 nem,
403 1530 479 1571 nisi
514 1530 578 1577 iis,
604 1542 687 1582 qua
716 1532 879 1571 ratione
913 1530 966 1569 ad
1001 1530 1134 1580 ipsam
1175 1543 1272 1582 per¬

266 1609 496 1657 veniretur,
520 1608 787 1649 ostenderet.
813 1607 899 1648 Sed
921 1618 1006 1647 non
1027 1610 1168 1648 minus
1186 1609 1274 1650 evi¬

263 1685 368 1726 dens
391 1688 471 1733 est,
494 1683 610 1736 quod
631 1686 698 1724 ille
723 1686 860 1725 cultus
894 1691 934 1725 et
959 1684 1114 1724 modus
1137 1686 1276 1735 potius

260 1763 303 1802 in
339 1761 532 1802 doctrina
554 1771 631 1801 seu
660 1761 928 1813 professione
951 1763 1271 1812 rationabiliori,

262 1849 391 1890 quam
411 1840 456 1879 in
484 1839 533 1877 iis
566 1850 662 1889 quse
693 1839 834 1878 minus
854 1842 954 1878 sunt
980 1839 1271 1890 rationabiles,

258 1917 516 1965 reperiatur;
549 1925 651 1967 ergo
676 1927 772 1955 cum
794 1926 944 1955 omnes
965 1919 1095 1955 sectse
1116 1920 1275 1967 praeter

261 1991 538 2032 Christianam
563 1991 876 2041 professionem
905 1993 987 2032 sint
1006 1992 1270 2032 irrationabi¬

260 2069 338 2115 les,
374 2068 565 2119 sequitur
591 2067 868 2108 Christianam
898 2067 1211 2118 professionem
1233 2073 1275 2109 et

265 2144 497 2184 doctrinam
521 2155 617 2184 esse
644 2146 753 2185 illam
775 2145 816 2184 in
840 2156 923 2195 qua
946 2156 1071 2185 verus
1092 2146 1169 2185 Dei
1191 2146 1275 2186 cul¬

265 2224 330 2262 tus
361 2224 627 2272 proponitur,
673 2227 716 2262 et
742 2223 897 2263 modus
931 2223 984 2262 ad
1017 2223 1158 2273 ipsum
1179 2236 1273 2274 per¬

263 2297 476 2339 veniendi.
505 2298 627 2347 Quod
659 2302 801 2338 autem
839 2301 1004 2338 cselerae
1038 2303 1169 2339 sectae
1192 2302 1275 2340 sint

261 2376 402 2414 minus
432 2374 708 2415 rationabiles
743 2386 871 2426 quam
910 2374 1140 2416 Christiana
1173 2389 1274 2427 pro¬

260 2449 406 2497 fessio,
446 2451 512 2490 vel
534 2461 586 2489 ex
611 2451 691 2490 hoc
712 2451 804 2502 ipso
838 2455 957 2501 patet
983 2454 1135 2503 primo,
1159 2455 1274 2506 quod

262 2527 364 2567 alias
384 2526 536 2579 major,
561 2527 712 2567 melior
733 2530 775 2566 et
796 2527 960 2567 doctior
992 2540 1090 2579 pars
1131 2533 1276 2572 mundi

264 2604 399 2654 ipsam
418 2614 505 2642 non
527 2601 816 2652 profiteretur,
835 2606 1086 2654 postpositis
1105 2619 1275 2658 praeser¬

265 2685 340 2724 tim
377 2680 516 2720 carnis
549 2682 590 2719 et
618 2679 768 2719 mundi
800 2680 962 2721 deliciis
999 2693 1049 2722 ac
1080 2685 1274 2736 volupta¬

266 2760 392 2800 tibus.

318 2837 563 2885 Dices,ante
581 2837 814 2878 adventum
828 2837 977 2877 Christi
994 2838 1131 2890 major
1148 2843 1188 2878 et
1201 2840 1272 2879 do¬

264 2913 368 2954 ctior
379 2923 475 2963 pars
496 2914 645 2953 mundi
663 2912 945 2964 profitebatur
970 2913 1270 2964 idololatriam,

262 2999 359 3040 quae
399 2991 539 3027 minus
580 2989 672 3029 sine
723 2989 852 3029 dubio
884 2989 1144 3030 rationabilis
1183 2994 1274 3031 erat

261 3077 389 3115 quam
420 3066 557 3104 cultus
577 3066 668 3106 veri
699 3067 791 3112 Dei,
815 3076 943 3117 quem
958 3066 1272 3116 profitebantur

258 3141 422 3187 Judaei;
448 3152 550 3192 ergo
574 3151 627 3180 ex
649 3152 698 3182 eo
720 3141 835 3193 quod
856 3142 990 3192 major
1022 3146 1064 3181 et
1106 3143 1272 3184 doctior

256 3228 355 3267 pars
377 3217 525 3256 mundi
554 3220 761 3268 sequatur
798 3218 984 3269 aliquam
1013 3217 1267 3268 doctrinam,

256 3304 343 3332 non
375 3292 588 3344 colligitur
621 3304 718 3332 eam
763 3303 858 3332 esse
892 3293 1266 3336 rationabiliorem.

254 3368 521 3418 Respondeo,
548 3368 757 3420 quidquid
792 3369 844 3409 sit
878 3369 931 3409 de
972 3371 1266 3419 antecedenti,

257 3445 309 3484 de
326 3458 410 3497 quo
431 3445 533 3485 mihi
554 3448 711 3487 certius
734 3447 918 3494 videtur,
944 3456 1168 3497 nunquam
1191 3449 1267 3488 do¬

257 3523 411 3562 ctiores
449 3522 727 3574 Philosophos
761 3525 957 3575 opinatos
985 3522 1118 3564 fuisse
1152 3526 1266 3566 idola

258 3608 353 3639 esse
376 3597 556 3640 colenda
595 3603 663 3640 aut
689 3599 778 3640 dari
798 3601 942 3652 plures
962 3601 1091 3648 Deos,
1114 3612 1265 3652 quam¬

1357 315 1419 354 vis
1461 313 1663 364 operibus
1698 314 2070 355 accommodarent
2098 326 2145 355 se
2181 324 2377 354 nonnun-

1359 400 1488 439 quam
1512 391 1703 441 tempori.
1743 390 1827 430 Sed
1861 390 2070 442 quidquid
2107 393 2160 432 sit
2191 390 2244 430 de
2268 391 2366 438 hoc,

1359 464 1576 517 distinguo
1629 477 1922 517 consequens;
1970 478 2020 506 ex
2072 478 2122 507 eo
2170 468 2368 518 praecise,

1360 545 1572 589 transeat;
1600 554 1648 582 ex
1672 553 1721 582 eo
1745 542 1861 594 quod
1882 548 2090 593 sequatur
2110 555 2219 591 eam,
2238 555 2369 595 quan¬

1359 616 1412 656 do
1435 620 1618 667 utraque
1651 616 1843 657 doctrina
1863 628 1941 657 seu
1979 618 2187 668 professio
2209 630 2366 670 propo¬

1357 693 1471 732 nitur
1497 692 1774 741 sufficienter,
1799 697 1842 733 et
1876 693 2047 744 quando
2082 694 2137 734 ad
2171 705 2268 734 eam
2304 705 2367 734 se¬

1358 767 1557 808 ctandam
1579 769 1787 809 deserunt
1807 781 1901 809 eam
1916 780 2046 820 quam
2074 774 2202 810 antea
2221 771 2368 811 colue¬

1355 848 1469 893 runt,
1501 857 1580 885 nec
1601 857 1654 885 ex
1672 847 1754 886 hoc
1788 846 1867 885 illis
1898 846 2189 886 emolumenta
2227 847 2368 898 aliqua

1354 922 1625 971 particularia
1641 922 1895 970 divitiarum,
1921 923 2145 970 honorum,
2167 924 2366 974 volupta¬

1355 1001 1444 1037 tum
1479 998 1751 1046 accederent,
1792 1001 1834 1037 et
1865 997 2036 1049 quando
2068 1009 2155 1038 non
2189 1004 2368 1049 apparet

1355 1073 1577 1113 evidenter
1622 1074 1782 1114 lumine
1831 1074 2015 1114 naturali
2059 1074 2218 1114 falsitas
2257 1076 2366 1126 ejus,

1354 1152 1463 1191 sicut
1491 1154 1670 1201 apparet
1690 1150 1850 1190 falsitas
1876 1151 2127 1201 pluralitatis
2164 1153 2368 1199 Deorum,

1354 1238 1462 1277 quos
1483 1227 1765 1268 admittebant
1792 1228 2039 1276 idololatrae,
2064 1240 2177 1280 nego
2211 1240 2363 1269 conse¬

1354 1304 1590 1353 quentiam.
1613 1304 1671 1342 Ex
1698 1303 1779 1342 hoc
1796 1313 1898 1354 ergo
1930 1304 2112 1343 maxime
2145 1303 2364 1344 confirma¬

1354 1384 1421 1421 tur
1460 1379 1765 1421 rationabilitas
1797 1380 2072 1430 professionis
2106 1381 2364 1431 Christianae,

1354 1459 1396 1496 et
1433 1456 1776 1497 irrationabilitas
1798 1457 1974 1496 aliarum
1998 1459 2189 1498 omnium
2224 1462 2366 1499 secta¬

1350 1544 1457 1580 rum,
1490 1534 1606 1584 quod
1646 1534 1734 1573 aliis
1771 1535 1930 1574 relictis
1969 1535 2084 1574 nulla
2121 1546 2200 1586 spe
2230 1536 2368 1576 hono¬

1350 1620 1460 1657 rum,
1491 1609 1731 1650 divitiarum
1752 1614 1823 1649 aut
1851 1611 2133 1660 voluptatum,
2171 1613 2306 1664 major
2327 1616 2368 1652 et

1352 1686 1515 1727 doctior
1537 1698 1632 1737 pars
1656 1688 1769 1727 orbis
1797 1699 1892 1727 eam
1930 1693 2215 1739 sequeretur;
2250 1691 2367 1741 quod

1350 1766 1467 1802 certe
1515 1773 1600 1803 non
1641 1767 1705 1803 est
1743 1764 1966 1804 verisimile
2014 1776 2095 1805 nec
2161 1767 2365 1807 credibile

1348 1840 1462 1879 illam
1480 1849 1575 1880 esse
1595 1839 1819 1889 facturam,
1842 1842 1923 1881 nisi
1957 1845 2072 1881 esset
2091 1842 2221 1894 longe
2241 1843 2366 1882 ratio¬

1348 1916 1533 1956 nabilior
1553 1916 1745 1956 doctrina
1765 1917 1997 1957 Christiana
2019 1928 2148 1968 quam
2177 1919 2264 1958 ulla
2285 1919 2365 1959 alia

1349 1994 1553 2039 doctrina,
1578 2005 1709 2045 quam
1737 1994 1825 2033 alise
1860 1994 2082 2034 hominum
2122 2006 2361 2047 congrega¬

1352 2073 1490 2111 tiones
1510 2070 1832 2120 profitebantur.

1402 2146 1680 2186 Confirmatur
1726 2149 1822 2196 hoc,
1858 2150 1956 2199 quia
1999 2147 2098 2189 licet
2131 2149 2365 2192 doctissimi

1347 2223 1559 2272 homines,
1593 2228 1636 2264 et
1666 2226 1790 2264 etiam
1829 2225 2147 2266 honestissimae
2187 2225 2363 2267 inclina¬

1350 2301 1472 2340 tionis
1498 2304 1828 2350 perseverarent
1847 2303 1890 2341 in
1914 2313 2052 2342 errore
2073 2303 2201 2342 etiam
2221 2304 2365 2343 absur¬

1350 2379 1403 2418 do
1425 2377 1542 2423 satis,
1574 2388 1704 2428 quem
1725 2388 1747 2416 a
1777 2377 2028 2427 parentibus
2056 2382 2099 2418 et
2128 2380 2365 2430 majoribus

1349 2456 1611 2505 acciperent,
1647 2458 1689 2493 et
1726 2455 1966 2505 praesertim
2005 2456 2195 2505 quando,
2224 2457 2304 2496 nisi
2322 2459 2368 2496 in

1351 2549 1402 2577 eo
1433 2537 1726 2588 persisterent,
1764 2536 2043 2587 probabiliter
2065 2539 2264 2579 timerent
2301 2539 2367 2579 of¬

1348 2613 1528 2654 fendere
1567 2625 1667 2654 suos
1705 2615 1864 2654 amicos
1908 2618 1979 2654 aut
2011 2616 2271 2666 superiores,
2294 2619 2368 2656 aut

1348 2691 1502 2741 privari
1522 2690 1736 2741 aliquibus
1755 2691 1895 2739 bonis,
1922 2692 2078 2741 quibus
2112 2693 2214 2733 alias
2252 2705 2358 2746 gau¬

1350 2768 1452 2807 dere
1496 2770 1688 2817 possent.
1738 2768 1786 2806 Et
1813 2768 1914 2807 licet
1945 2768 2074 2808 etiam
2113 2770 2167 2810 ob
2205 2772 2363 2812 similes

1348 2844 1535 2884 rationes
1561 2846 1697 2896 major
1722 2855 1820 2894 pars
1841 2845 2074 2884 Doctorum
2094 2847 2208 2886 orbis
2239 2859 2359 2887 eum-

1349 2921 1448 2959 dem
1488 2930 1677 2959 errorem
1712 2920 2026 2970 profiterentur,
2093 2934 2174 2963 nec
2211 2924 2254 2963 id
2287 2936 2364 2976 pro

1345 2995 1573 3048 fragilitate
1612 2996 1799 3035 humana
1827 2996 1971 3035 mirari
1992 2999 2087 3049 quis
2111 2997 2291 3040 deberet
2313 3011 2366 3040 ex

1346 3084 1429 3123 qua
1453 3072 1600 3121 oritur,
1630 3076 1677 3112 ut
1696 3073 1856 3112 bonum
1877 3072 2107 3113 honestum
2130 3078 2366 3126 postpona¬

1348 3152 1414 3189 tur
1438 3149 1553 3189 bono
1592 3150 1685 3189 utili
1723 3161 1768 3189 ac
1798 3150 2046 3191 delectabili
2085 3164 2108 3192 a
2145 3153 2366 3205 plerisque

1343 3225 1596 3268 mortalium.
1629 3227 1789 3266 Tamen
1828 3226 1946 3277 quod
1965 3227 2220 3280 religionem
2257 3232 2365 3271 anti¬

1344 3312 1474 3352 quam
1504 3313 1526 3341 a
1547 3303 1785 3354 majoribus
1815 3307 2034 3355 acceptam
2067 3309 2215 3346 contra
2247 3307 2365 3349 incli¬

1342 3378 1561 3416 nationem
1618 3385 1779 3420 nalurse
1816 3383 1858 3420 et
1902 3382 2227 3422 consuetudinis
2269 3385 2362 3424 sine

1340 3453 1542 3494 violentia
1582 3459 1655 3496 aut
1692 3467 1770 3508 spe
1808 3458 1988 3510 alicujus
2020 3458 2122 3499 boni
2147 3459 2259 3501 utilis
2282 3463 2357 3499 aut

1341 3531 1622 3580 delectabilis,
1656 3535 1749 3586 quis
1770 3536 1959 3575 mutaret
1979 3535 2023 3575 in
2053 3536 2193 3584 aliam,
2217 3538 2358 3577 mino¬

1338 3618 1431 3648 rem
1472 3608 1716 3650 concedens
1757 3611 2048 3662 voluptatibus
2101 3611 2361 3667 indulgendi
