<?xml version="1.0" encoding="UTF-8" standalone="yes"?>
<PcGts xmlns="http://schema.primaresearch.org/PAGE/gts/pagecontent/2013-07-15" xmlns:xsi="http://www.w3.org/2001/XMLSchema-instance" xsi:schemaLocation="http://schema.primaresearch.org/PAGE/gts/pagecontent/2013-07-15 http://schema.primaresearch.org/PAGE/gts/pagecontent/2013-07-15/pagecontent.xsd">
    <Metadata>
        <Creator>Transkribus</Creator>
        <Created>2020-11-20T14:45:06.073+01:00</Created>
        <LastChange>2020-12-15T19:56:53.379+01:00</LastChange>
        <Comments>
                Measurement unit: pixel
                PrimaryLanguage: English
                Language: Latin
                Producer: Transkribus
            </Comments>
        <TranskribusMetadata docId="541769" pageId="22791242" pageNr="111" tsid="50338472" status="IN_PROGRESS" userId="25065" imgUrl="https://files.transkribus.eu/Get?id=RZVDAWAJKRTPHIEUREAJWLBN&amp;fileType=view" xmlUrl="https://files.transkribus.eu/Get?id=IQANMIVJAFOLRBLGARATNVSJ" imageId="17768705"/>
    </Metadata>
    <Page imageFilename="110.jpg" imageWidth="2682" imageHeight="3979">
        <PrintSpace>
            <Coords points="114,210 2682,210 2682,3979 114,3979"/>
        </PrintSpace>
        <ReadingOrder>
            <OrderedGroup id="ro_1616597109437" caption="Regions reading order">
                <RegionRefIndexed index="0" regionRef="r_6_1"/>
                <RegionRefIndexed index="1" regionRef="r_6_2"/>
                <RegionRefIndexed index="2" regionRef="r_7_1"/>
                <RegionRefIndexed index="3" regionRef="TextRegion_1608058600230_110"/>
                <RegionRefIndexed index="4" regionRef="r_7_8"/>
            </OrderedGroup>
        </ReadingOrder>
        <TextRegion type="paragraph" id="r_6_1" custom="readingOrder {index:0;}">
            <Coords points="352,322 1373,322 1373,2946 352,2946"/>
            <TextLine id="tl_17" primaryLanguage="English" custom="readingOrder {index:0;}">
                <Coords points="412,323 1361,323 1361,375 412,375"/>
                <Baseline points="412,364 557,364 664,362 898,363 1199,361 1361,359"/>
                <Word id="w_w2aab1c11b2b1b1ab1" language="English" custom="readingOrder {index:0;}">
                    <Coords points="412,327 557,327 557,375 412,375"/>
                    <TextEquiv>
                        <Unicode>Ilaque</Unicode>
                    </TextEquiv>
                    <TextStyle fontFamily="Times New Roman" fontSize="9.5"/>
                </Word>
                <Word id="w_w2aab1c11b2b1b1ac15" language="English" custom="readingOrder {index:1;}">
                    <Coords points="579,334 664,334 664,364 579,364"/>
                    <TextEquiv>
                        <Unicode>non</Unicode>
                    </TextEquiv>
                    <TextStyle fontFamily="Times New Roman" fontSize="9.5"/>
                </Word>
                <Word id="w_w2aab1c11b2b1b1ac23" language="English" custom="readingOrder {index:2;}">
                    <Coords points="684,323 898,323 898,363 684,363"/>
                    <TextEquiv>
                        <Unicode>sufficiunt</Unicode>
                    </TextEquiv>
                    <TextStyle fontFamily="Times New Roman" fontSize="9.5"/>
                </Word>
                <Word id="w_w2aab1c11b2b1b1ac45" language="English" custom="readingOrder {index:3;}">
                    <Coords points="919,333 1199,333 1199,374 919,374"/>
                    <TextEquiv>
                        <Unicode>quoecumque</Unicode>
                    </TextEquiv>
                    <TextStyle fontFamily="Times New Roman" fontSize="9.5"/>
                </Word>
                <Word id="w_w2aab1c11b2b1b1ac67" language="English" custom="readingOrder {index:4;}">
                    <Coords points="1238,323 1361,323 1361,373 1238,373"/>
                    <TextEquiv>
                        <Unicode>signa</Unicode>
                    </TextEquiv>
                    <TextStyle fontFamily="Times New Roman" fontSize="9.5"/>
                </Word>
                <TextEquiv>
                    <Unicode>Ilaque non sufficiunt quoecumque signa</Unicode>
                </TextEquiv>
                <TextStyle fontFamily="Times New Roman" fontSize="9.5"/>
            </TextLine>
            <TextLine id="tl_18" primaryLanguage="English" custom="readingOrder {index:1;}">
                <Coords points="358,396 1365,396 1365,440 358,440"/>
                <Baseline points="358,437 469,438 532,438 918,438 1152,436 1246,435 1365,434"/>
                <Word id="w_w2aab1c11b2b1b3ab1" language="English" custom="readingOrder {index:0;}">
                    <Coords points="358,398 469,398 469,438 358,438"/>
                    <TextEquiv>
                        <Unicode>facta</Unicode>
                    </TextEquiv>
                    <TextStyle fontFamily="Times New Roman" fontSize="9.5"/>
                </Word>
                <Word id="w_w2aab1c11b2b1b3ac13" language="English" custom="readingOrder {index:1;}">
                    <Coords points="489,402 532,402 532,440 489,440"/>
                    <TextEquiv>
                        <Unicode>in</Unicode>
                    </TextEquiv>
                    <TextStyle fontFamily="Times New Roman" fontSize="9.5"/>
                </Word>
                <Word id="w_w2aab1c11b2b1b3ac19" language="English" custom="readingOrder {index:2;}">
                    <Coords points="553,398 918,398 918,438 553,438"/>
                    <TextEquiv>
                        <Unicode>confirmationem</Unicode>
                    </TextEquiv>
                    <TextStyle fontFamily="Times New Roman" fontSize="9.5"/>
                </Word>
                <Word id="w_w2aab1c11b2b1b3ac49" language="English" custom="readingOrder {index:3;}">
                    <Coords points="948,398 1152,398 1152,438 948,438"/>
                    <TextEquiv>
                        <Unicode>doclrinte</Unicode>
                    </TextEquiv>
                    <TextStyle fontFamily="Times New Roman" fontSize="9.5"/>
                </Word>
                <Word id="w_w2aab1c11b2b1b3ac69" language="English" custom="readingOrder {index:4;}">
                    <Coords points="1192,396 1246,396 1246,436 1192,436"/>
                    <TextEquiv>
                        <Unicode>ad</Unicode>
                    </TextEquiv>
                    <TextStyle fontFamily="Times New Roman" fontSize="9.5"/>
                </Word>
                <Word id="w_w2aab1c11b2b1b3ac75" language="English" custom="readingOrder {index:5;}">
                    <Coords points="1269,406 1365,406 1365,435 1269,435"/>
                    <TextEquiv>
                        <Unicode>eam</Unicode>
                    </TextEquiv>
                    <TextStyle fontFamily="Times New Roman" fontSize="9.5"/>
                </Word>
                <TextEquiv>
                    <Unicode>facta in confirmationem doclrinte ad eam</Unicode>
                </TextEquiv>
                <TextStyle fontFamily="Times New Roman" fontSize="9.5"/>
            </TextLine>
            <TextLine id="tl_19" primaryLanguage="English" custom="readingOrder {index:2;}">
                <Coords points="359,472 1366,472 1366,520 359,520"/>
                <Baseline points="359,514 707,520 843,513 1205,512 1366,509"/>
                <Word id="w_w2aab1c11b2b1b5ab1" language="English" custom="readingOrder {index:0;}">
                    <Coords points="359,474 707,474 707,520 359,520"/>
                    <TextEquiv>
                        <Unicode>confirmandam,</Unicode>
                    </TextEquiv>
                    <TextStyle fontFamily="Times New Roman" fontSize="9.5"/>
                </Word>
                <Word id="w_w2aab1c11b2b1b5ac29" language="English" custom="readingOrder {index:1;}">
                    <Coords points="771,475 843,475 843,514 771,514"/>
                    <TextEquiv>
                        <Unicode>sed</Unicode>
                    </TextEquiv>
                    <TextStyle fontFamily="Times New Roman" fontSize="9.5"/>
                </Word>
                <Word id="w_w2aab1c11b2b1b5ac37" language="English" custom="readingOrder {index:2;}">
                    <Coords points="912,472 1205,472 1205,514 912,514"/>
                    <TextEquiv>
                        <Unicode>examinanda}</Unicode>
                    </TextEquiv>
                    <TextStyle fontFamily="Times New Roman" fontSize="9.5"/>
                </Word>
                <Word id="w_w2aab1c11b2b1b5ac61" language="English" custom="readingOrder {index:3;}">
                    <Coords points="1266,474 1366,474 1366,510 1266,510"/>
                    <TextEquiv>
                        <Unicode>sunt</Unicode>
                    </TextEquiv>
                    <TextStyle fontFamily="Times New Roman" fontSize="9.5"/>
                </Word>
                <TextEquiv>
                    <Unicode>confirmandam, sed examinanda} sunt</Unicode>
                </TextEquiv>
                <TextStyle fontFamily="Times New Roman" fontSize="9.5"/>
            </TextLine>
            <TextLine id="tl_20" primaryLanguage="English" custom="readingOrder {index:3;}">
                <Coords points="357,547 1362,547 1362,598 357,598"/>
                <Baseline points="357,589 691,596 753,588 1011,588 1261,584 1362,593"/>
                <Word id="w_w2aab1c11b2b1b7ab1" language="English" custom="readingOrder {index:0;}">
                    <Coords points="357,550 691,550 691,596 357,596"/>
                    <TextEquiv>
                        <Unicode>circumstantia},</Unicode>
                    </TextEquiv>
                    <TextStyle fontFamily="Times New Roman" fontSize="9.5"/>
                </Word>
                <Word id="w_w2aab1c11b2b1b7ac33" language="English" custom="readingOrder {index:1;}">
                    <Coords points="711,552 753,552 753,588 711,588"/>
                    <TextEquiv>
                        <Unicode>et</Unicode>
                    </TextEquiv>
                    <TextStyle fontFamily="Times New Roman" fontSize="9.5"/>
                </Word>
                <Word id="w_w2aab1c11b2b1b7ac39" language="English" custom="readingOrder {index:2;}">
                    <Coords points="767,550 1011,550 1011,598 767,598"/>
                    <TextEquiv>
                        <Unicode>specialiter</Unicode>
                    </TextEquiv>
                    <TextStyle fontFamily="Times New Roman" fontSize="9.5"/>
                </Word>
                <Word id="w_w2aab1c11b2b1b7ac63" language="English" custom="readingOrder {index:3;}">
                    <Coords points="1030,547 1261,547 1261,588 1030,588"/>
                    <TextEquiv>
                        <Unicode>videndum</Unicode>
                    </TextEquiv>
                    <TextStyle fontFamily="Times New Roman" fontSize="9.5"/>
                </Word>
                <Word id="w_w2aab1c11b2b1b7ac81" language="English" custom="readingOrder {index:4;}">
                    <Coords points="1286,550 1362,550 1362,593 1286,593"/>
                    <TextEquiv>
                        <Unicode>est,</Unicode>
                    </TextEquiv>
                    <TextStyle fontFamily="Times New Roman" fontSize="9.5"/>
                </Word>
                <TextEquiv>
                    <Unicode>circumstantia}, et specialiter videndum est,</Unicode>
                </TextEquiv>
                <TextStyle fontFamily="Times New Roman" fontSize="9.5"/>
            </TextLine>
            <TextLine id="tl_21" primaryLanguage="English" custom="readingOrder {index:4;}">
                <Coords points="354,624 1364,624 1364,670 354,670"/>
                <Baseline points="354,664 497,664 713,664 810,664 1112,670 1207,662 1282,660 1364,661"/>
                <Word id="w_w2aab1c11b2b1b9ab1" language="English" custom="readingOrder {index:0;}">
                    <Coords points="354,629 497,629 497,664 354,664"/>
                    <TextEquiv>
                        <Unicode>utrum</Unicode>
                    </TextEquiv>
                    <TextStyle fontFamily="Times New Roman" fontSize="9.5"/>
                </Word>
                <Word id="w_w2aab1c11b2b1b9ac13" language="English" custom="readingOrder {index:1;}">
                    <Coords points="520,625 713,625 713,664 520,664"/>
                    <TextEquiv>
                        <Unicode>doctrina</Unicode>
                    </TextEquiv>
                    <TextStyle fontFamily="Times New Roman" fontSize="9.5"/>
                </Word>
                <Word id="w_w2aab1c11b2b1b9ac31" language="English" custom="readingOrder {index:2;}">
                    <Coords points="751,626 810,626 810,664 751,664"/>
                    <TextEquiv>
                        <Unicode>sic</Unicode>
                    </TextEquiv>
                    <TextStyle fontFamily="Times New Roman" fontSize="9.5"/>
                </Word>
                <Word id="w_w2aab1c11b2b1b9ac39" language="English" custom="readingOrder {index:3;}">
                    <Coords points="853,624 1112,624 1112,670 853,670"/>
                    <TextEquiv>
                        <Unicode>confirmata,</Unicode>
                    </TextEquiv>
                    <TextStyle fontFamily="Times New Roman" fontSize="9.5"/>
                </Word>
                <Word id="w_w2aab1c11b2b1b9ac63" language="English" custom="readingOrder {index:4;}">
                    <Coords points="1135,626 1207,626 1207,662 1135,662"/>
                    <TextEquiv>
                        <Unicode>aut</Unicode>
                    </TextEquiv>
                    <TextStyle fontFamily="Times New Roman" fontSize="9.5"/>
                </Word>
                <Word id="w_w2aab1c11b2b1b9ac71" language="English" custom="readingOrder {index:5;}">
                    <Coords points="1229,633 1282,633 1282,661 1229,661"/>
                    <TextEquiv>
                        <Unicode>ex</Unicode>
                    </TextEquiv>
                    <TextStyle fontFamily="Times New Roman" fontSize="9.5"/>
                </Word>
                <Word id="w_w2aab1c11b2b1b9ac77" language="English" custom="readingOrder {index:6;}">
                    <Coords points="1318,632 1364,632 1364,661 1318,661"/>
                    <TextEquiv>
                        <Unicode>se</Unicode>
                    </TextEquiv>
                    <TextStyle fontFamily="Times New Roman" fontSize="9.5"/>
                </Word>
                <TextEquiv>
                    <Unicode>utrum doctrina sic confirmata, aut ex se</Unicode>
                </TextEquiv>
                <TextStyle fontFamily="Times New Roman" fontSize="9.5"/>
            </TextLine>
            <TextLine id="tl_22" primaryLanguage="English" custom="readingOrder {index:5;}">
                <Coords points="356,697 1367,697 1367,746 356,746"/>
                <Baseline points="356,740 504,740 578,738 794,746 900,738 1159,737 1251,737 1367,726"/>
                <Word id="w_w2aab1c11b2b1c11ab1" language="English" custom="readingOrder {index:0;}">
                    <Coords points="356,699 504,699 504,740 356,740"/>
                    <TextEquiv>
                        <Unicode>tendat</Unicode>
                    </TextEquiv>
                    <TextStyle fontFamily="Times New Roman" fontSize="9.5"/>
                </Word>
                <Word id="w_w2aab1c11b2b1c11ac15" language="English" custom="readingOrder {index:1;}">
                    <Coords points="535,702 578,702 578,740 535,740"/>
                    <TextEquiv>
                        <Unicode>in</Unicode>
                    </TextEquiv>
                    <TextStyle fontFamily="Times New Roman" fontSize="9.5"/>
                </Word>
                <Word id="w_w2aab1c11b2b1c11ac21" language="English" custom="readingOrder {index:2;}">
                    <Coords points="621,701 794,701 794,746 621,746"/>
                    <TextEquiv>
                        <Unicode>malum,</Unicode>
                    </TextEquiv>
                    <TextStyle fontFamily="Times New Roman" fontSize="9.5"/>
                </Word>
                <Word id="w_w2aab1c11b2b1c11ac35" language="English" custom="readingOrder {index:3;}">
                    <Coords points="830,705 900,705 900,738 830,738"/>
                    <TextEquiv>
                        <Unicode>aut</Unicode>
                    </TextEquiv>
                    <TextStyle fontFamily="Times New Roman" fontSize="9.5"/>
                </Word>
                <Word id="w_w2aab1c11b2b1c11ac43" language="English" custom="readingOrder {index:4;}">
                    <Coords points="949,698 1159,698 1159,739 949,739"/>
                    <TextEquiv>
                        <Unicode>contraria</Unicode>
                    </TextEquiv>
                    <TextStyle fontFamily="Times New Roman" fontSize="9.5"/>
                </Word>
                <Word id="w_w2aab1c11b2b1c11ac63" language="English" custom="readingOrder {index:5;}">
                    <Coords points="1197,700 1251,700 1251,738 1197,738"/>
                    <TextEquiv>
                        <Unicode>sit</Unicode>
                    </TextEquiv>
                    <TextStyle fontFamily="Times New Roman" fontSize="9.5"/>
                </Word>
                <Word id="w_w2aab1c11b2b1c11ac71" language="English" custom="readingOrder {index:6;}">
                    <Coords points="1293,697 1367,697 1367,736 1293,736"/>
                    <TextEquiv>
                        <Unicode>do¬</Unicode>
                    </TextEquiv>
                    <TextStyle fontFamily="Times New Roman" fontSize="9.5"/>
                </Word>
                <TextEquiv>
                    <Unicode>tendat in malum, aut contraria sit do¬</Unicode>
                </TextEquiv>
                <TextStyle fontFamily="Times New Roman" fontSize="9.5"/>
            </TextLine>
            <TextLine id="tl_23" primaryLanguage="English" custom="readingOrder {index:6;}">
                <Coords points="355,774 1366,774 1366,826 355,826"/>
                <Baseline points="355,816 508,821 624,814 1005,814 1112,812 1366,811"/>
                <Word id="w_w2aab1c11b2b1c13ab1" language="English" custom="readingOrder {index:0;}">
                    <Coords points="355,776 508,776 508,821 355,821"/>
                    <TextEquiv>
                        <Unicode>ctrina},</Unicode>
                    </TextEquiv>
                    <TextStyle fontFamily="Times New Roman" fontSize="9.5"/>
                </Word>
                <Word id="w_w2aab1c11b2b1c13ac19" language="English" custom="readingOrder {index:1;}">
                    <Coords points="532,776 624,776 624,815 532,815"/>
                    <TextEquiv>
                        <Unicode>aliis</Unicode>
                    </TextEquiv>
                    <TextStyle fontFamily="Times New Roman" fontSize="9.5"/>
                </Word>
                <Word id="w_w2aab1c11b2b1c13ac31" language="English" custom="readingOrder {index:2;}">
                    <Coords points="645,775 1005,775 1005,826 645,826"/>
                    <TextEquiv>
                        <Unicode>aequivalenlibus</Unicode>
                    </TextEquiv>
                    <TextStyle fontFamily="Times New Roman" fontSize="9.5"/>
                </Word>
                <Word id="w_w2aab1c11b2b1c13ac63" language="English" custom="readingOrder {index:3;}">
                    <Coords points="1040,777 1112,777 1112,812 1040,812"/>
                    <TextEquiv>
                        <Unicode>aut</Unicode>
                    </TextEquiv>
                    <TextStyle fontFamily="Times New Roman" fontSize="9.5"/>
                </Word>
                <Word id="w_w2aab1c11b2b1c13ac71" language="English" custom="readingOrder {index:4;}">
                    <Coords points="1133,774 1366,774 1366,824 1133,824"/>
                    <TextEquiv>
                        <Unicode>majoribus</Unicode>
                    </TextEquiv>
                    <TextStyle fontFamily="Times New Roman" fontSize="9.5"/>
                </Word>
                <TextEquiv>
                    <Unicode>ctrina}, aliis aequivalenlibus aut majoribus</Unicode>
                </TextEquiv>
                <TextStyle fontFamily="Times New Roman" fontSize="9.5"/>
            </TextLine>
            <TextLine id="tl_24" primaryLanguage="English" custom="readingOrder {index:7;}">
                <Coords points="353,848 1364,848 1364,903 353,903"/>
                <Baseline points="353,891 486,891 773,889 924,889 979,889 1180,887 1364,888"/>
                <Word id="w_w2aab1c11b2b1c15ab1" language="English" custom="readingOrder {index:0;}">
                    <Coords points="353,852 486,852 486,903 353,903"/>
                    <TextEquiv>
                        <Unicode>signis</Unicode>
                    </TextEquiv>
                    <TextStyle fontFamily="Times New Roman" fontSize="9.5"/>
                </Word>
                <Word id="w_w2aab1c11b2b1c15ac15" language="English" custom="readingOrder {index:1;}">
                    <Coords points="503,851 773,851 773,892 503,892"/>
                    <TextEquiv>
                        <Unicode>confirmata}.</Unicode>
                    </TextEquiv>
                    <TextStyle fontFamily="Times New Roman" fontSize="9.5"/>
                </Word>
                <Word id="w_w2aab1c11b2b1c15ac41" language="English" custom="readingOrder {index:2;}">
                    <Coords points="799,849 924,849 924,898 799,898"/>
                    <TextEquiv>
                        <Unicode>Quod</Unicode>
                    </TextEquiv>
                    <TextStyle fontFamily="Times New Roman" fontSize="9.5"/>
                </Word>
                <Word id="w_w2aab1c11b2b1c15ac51" language="English" custom="readingOrder {index:3;}">
                    <Coords points="945,851 979,851 979,889 945,889"/>
                    <TextEquiv>
                        <Unicode>si</Unicode>
                    </TextEquiv>
                    <TextStyle fontFamily="Times New Roman" fontSize="9.5"/>
                </Word>
                <Word id="w_w2aab1c11b2b1c15ac57" language="English" custom="readingOrder {index:4;}">
                    <Coords points="1001,848 1180,848 1180,888 1001,888"/>
                    <TextEquiv>
                        <Unicode>alterum</Unicode>
                    </TextEquiv>
                    <TextStyle fontFamily="Times New Roman" fontSize="9.5"/>
                </Word>
                <Word id="w_w2aab1c11b2b1c15ac73" language="English" custom="readingOrder {index:5;}">
                    <Coords points="1214,850 1364,850 1364,888 1214,888"/>
                    <TextEquiv>
                        <Unicode>horum</Unicode>
                    </TextEquiv>
                    <TextStyle fontFamily="Times New Roman" fontSize="9.5"/>
                </Word>
                <TextEquiv>
                    <Unicode>signis confirmata}. Quod si alterum horum</Unicode>
                </TextEquiv>
                <TextStyle fontFamily="Times New Roman" fontSize="9.5"/>
            </TextLine>
            <TextLine id="tl_25" primaryLanguage="English" custom="readingOrder {index:8;}">
                <Coords points="354,924 1368,924 1368,980 354,980"/>
                <Baseline points="354,967 588,975 680,967 791,967 914,965 1066,964 1368,964"/>
                <Word id="w_w2aab1c11b2b1c17ab1" language="English" custom="readingOrder {index:0;}">
                    <Coords points="354,930 588,930 588,980 354,980"/>
                    <TextEquiv>
                        <Unicode>contingat,</Unicode>
                    </TextEquiv>
                    <TextStyle fontFamily="Times New Roman" fontSize="9.5"/>
                </Word>
                <Word id="w_w2aab1c11b2b1c17ac23" language="English" custom="readingOrder {index:1;}">
                    <Coords points="613,928 680,928 680,968 613,968"/>
                    <TextEquiv>
                        <Unicode>vel</Unicode>
                    </TextEquiv>
                    <TextStyle fontFamily="Times New Roman" fontSize="9.5"/>
                </Word>
                <Word id="w_w2aab1c11b2b1c17ac31" language="English" custom="readingOrder {index:2;}">
                    <Coords points="708,928 791,928 791,967 708,967"/>
                    <TextEquiv>
                        <Unicode>lioc</Unicode>
                    </TextEquiv>
                    <TextStyle fontFamily="Times New Roman" fontSize="9.5"/>
                </Word>
                <Word id="w_w2aab1c11b2b1c17ac41" language="English" custom="readingOrder {index:3;}">
                    <Coords points="824,929 914,929 914,976 824,976"/>
                    <TextEquiv>
                        <Unicode>ipso</Unicode>
                    </TextEquiv>
                    <TextStyle fontFamily="Times New Roman" fontSize="9.5"/>
                </Word>
                <Word id="w_w2aab1c11b2b1c17ac51" language="English" custom="readingOrder {index:4;}">
                    <Coords points="952,928 1066,928 1066,965 952,965"/>
                    <TextEquiv>
                        <Unicode>Deus</Unicode>
                    </TextEquiv>
                    <TextStyle fontFamily="Times New Roman" fontSize="9.5"/>
                </Word>
                <Word id="w_w2aab1c11b2b1c17ac61" language="English" custom="readingOrder {index:5;}">
                    <Coords points="1104,924 1368,924 1368,966 1104,966"/>
                    <TextEquiv>
                        <Unicode>sufficienter</Unicode>
                    </TextEquiv>
                    <TextStyle fontFamily="Times New Roman" fontSize="9.5"/>
                </Word>
                <TextEquiv>
                    <Unicode>contingat, vel lioc ipso Deus sufficienter</Unicode>
                </TextEquiv>
                <TextStyle fontFamily="Times New Roman" fontSize="9.5"/>
            </TextLine>
            <TextLine id="tl_26" primaryLanguage="English" custom="readingOrder {index:9;}">
                <Coords points="355,1000 1366,1000 1366,1054 355,1054"/>
                <Baseline points="355,1044 546,1044 628,1043 792,1041 922,1040 1052,1040 1366,1047"/>
                <Word id="w_w2aab1c11b2b1c19ab1" language="English" custom="readingOrder {index:0;}">
                    <Coords points="355,1005 546,1005 546,1044 355,1044"/>
                    <TextEquiv>
                        <Unicode>declarat</Unicode>
                    </TextEquiv>
                    <TextStyle fontFamily="Times New Roman" fontSize="9.5"/>
                </Word>
                <Word id="w_w2aab1c11b2b1c19ac19" language="English" custom="readingOrder {index:1;}">
                    <Coords points="577,1005 628,1005 628,1043 577,1043"/>
                    <TextEquiv>
                        <Unicode>iis</Unicode>
                    </TextEquiv>
                    <TextStyle fontFamily="Times New Roman" fontSize="9.5"/>
                </Word>
                <Word id="w_w2aab1c11b2b1c19ac27" language="English" custom="readingOrder {index:2;}">
                    <Coords points="657,1004 792,1004 792,1054 657,1054"/>
                    <TextEquiv>
                        <Unicode>signis</Unicode>
                    </TextEquiv>
                    <TextStyle fontFamily="Times New Roman" fontSize="9.5"/>
                </Word>
                <Word id="w_w2aab1c11b2b1c19ac41" language="English" custom="readingOrder {index:3;}">
                    <Coords points="834,1012 922,1012 922,1041 834,1041"/>
                    <TextEquiv>
                        <Unicode>non</Unicode>
                    </TextEquiv>
                    <TextStyle fontFamily="Times New Roman" fontSize="9.5"/>
                </Word>
                <Word id="w_w2aab1c11b2b1c19ac49" language="English" custom="readingOrder {index:4;}">
                    <Coords points="956,1011 1052,1011 1052,1041 956,1041"/>
                    <TextEquiv>
                        <Unicode>esse</Unicode>
                    </TextEquiv>
                    <TextStyle fontFamily="Times New Roman" fontSize="9.5"/>
                </Word>
                <Word id="w_w2aab1c11b2b1c19ac59" language="English" custom="readingOrder {index:5;}">
                    <Coords points="1085,1000 1366,1000 1366,1047 1085,1047"/>
                    <TextEquiv>
                        <Unicode>credendum,</Unicode>
                    </TextEquiv>
                    <TextStyle fontFamily="Times New Roman" fontSize="9.5"/>
                </Word>
                <TextEquiv>
                    <Unicode>declarat iis signis non esse credendum,</Unicode>
                </TextEquiv>
                <TextStyle fontFamily="Times New Roman" fontSize="9.5"/>
            </TextLine>
            <TextLine id="tl_27" primaryLanguage="English" custom="readingOrder {index:10;}">
                <Coords points="355,1074 1368,1074 1368,1126 355,1126"/>
                <Baseline points="355,1118 418,1117 641,1117 716,1115 807,1114 1051,1122 1164,1114 1368,1113"/>
                <Word id="w_w2aab1c11b2b1c21ab1" language="English" custom="readingOrder {index:0;}">
                    <Coords points="355,1079 418,1079 418,1118 355,1118"/>
                    <TextEquiv>
                        <Unicode>sin</Unicode>
                    </TextEquiv>
                    <TextStyle fontFamily="Times New Roman" fontSize="9.5"/>
                </Word>
                <Word id="w_w2aab1c11b2b1c21ab9" language="English" custom="readingOrder {index:1;}">
                    <Coords points="440,1082 641,1082 641,1118 440,1118"/>
                    <TextEquiv>
                        <Unicode>neutrum</Unicode>
                    </TextEquiv>
                    <TextStyle fontFamily="Times New Roman" fontSize="9.5"/>
                </Word>
                <Word id="w_w2aab1c11b2b1c21ac25" language="English" custom="readingOrder {index:2;}">
                    <Coords points="664,1088 716,1088 716,1116 664,1116"/>
                    <TextEquiv>
                        <Unicode>ex</Unicode>
                    </TextEquiv>
                    <TextStyle fontFamily="Times New Roman" fontSize="9.5"/>
                </Word>
                <Word id="w_w2aab1c11b2b1c21ac31" language="English" custom="readingOrder {index:3;}">
                    <Coords points="742,1077 807,1077 807,1115 742,1115"/>
                    <TextEquiv>
                        <Unicode>his</Unicode>
                    </TextEquiv>
                    <TextStyle fontFamily="Times New Roman" fontSize="9.5"/>
                </Word>
                <Word id="w_w2aab1c11b2b1c21ac39" language="English" custom="readingOrder {index:4;}">
                    <Coords points="855,1074 1051,1074 1051,1122 855,1122"/>
                    <TextEquiv>
                        <Unicode>accedat,</Unicode>
                    </TextEquiv>
                    <TextStyle fontFamily="Times New Roman" fontSize="9.5"/>
                </Word>
                <Word id="w_w2aab1c11b2b1c21ac57" language="English" custom="readingOrder {index:5;}">
                    <Coords points="1083,1086 1164,1086 1164,1114 1083,1114"/>
                    <TextEquiv>
                        <Unicode>nec</Unicode>
                    </TextEquiv>
                    <TextStyle fontFamily="Times New Roman" fontSize="9.5"/>
                </Word>
                <Word id="w_w2aab1c11b2b1c21ac65" language="English" custom="readingOrder {index:6;}">
                    <Coords points="1193,1074 1368,1074 1368,1126 1193,1126"/>
                    <TextEquiv>
                        <Unicode>aliquod</Unicode>
                    </TextEquiv>
                    <TextStyle fontFamily="Times New Roman" fontSize="9.5"/>
                </Word>
                <TextEquiv>
                    <Unicode>sin neutrum ex his accedat, nec aliquod</Unicode>
                </TextEquiv>
                <TextStyle fontFamily="Times New Roman" fontSize="9.5"/>
            </TextLine>
            <TextLine id="tl_28" primaryLanguage="English" custom="readingOrder {index:11;}">
                <Coords points="358,1150 1370,1150 1370,1200 358,1200"/>
                <Baseline points="358,1194 474,1193 743,1192 877,1190 993,1200 1219,1189 1370,1188"/>
                <Word id="w_w2aab1c11b2b1c23ab1" language="English" custom="readingOrder {index:0;}">
                    <Coords points="358,1154 474,1154 474,1194 358,1194"/>
                    <TextEquiv>
                        <Unicode>aliud</Unicode>
                    </TextEquiv>
                    <TextStyle fontFamily="Times New Roman" fontSize="9.5"/>
                </Word>
                <Word id="w_w2aab1c11b2b1c23ac13" language="English" custom="readingOrder {index:1;}">
                    <Coords points="536,1153 743,1153 743,1193 536,1193"/>
                    <TextEquiv>
                        <Unicode>indicium</Unicode>
                    </TextEquiv>
                    <TextStyle fontFamily="Times New Roman" fontSize="9.5"/>
                </Word>
                <Word id="w_w2aab1c11b2b1c23ac31" language="English" custom="readingOrder {index:2;}">
                    <Coords points="782,1150 877,1150 877,1190 782,1190"/>
                    <TextEquiv>
                        <Unicode>falsi</Unicode>
                    </TextEquiv>
                    <TextStyle fontFamily="Times New Roman" fontSize="9.5"/>
                </Word>
                <Word id="w_w2aab1c11b2b1c23ac43" language="English" custom="readingOrder {index:3;}">
                    <Coords points="886,1152 993,1152 993,1200 886,1200"/>
                    <TextEquiv>
                        <Unicode>tatis,</Unicode>
                    </TextEquiv>
                    <TextStyle fontFamily="Times New Roman" fontSize="9.5"/>
                </Word>
                <Word id="w_w2aab1c11b2b1c23ac57" language="English" custom="readingOrder {index:4;}">
                    <Coords points="1045,1152 1219,1152 1219,1190 1045,1190"/>
                    <TextEquiv>
                        <Unicode>omnino</Unicode>
                    </TextEquiv>
                    <TextStyle fontFamily="Times New Roman" fontSize="9.5"/>
                </Word>
                <Word id="w_w2aab1c11b2b1c23ac71" language="English" custom="readingOrder {index:5;}">
                    <Coords points="1271,1153 1370,1153 1370,1189 1271,1189"/>
                    <TextEquiv>
                        <Unicode>sunt</Unicode>
                    </TextEquiv>
                    <TextStyle fontFamily="Times New Roman" fontSize="9.5"/>
                </Word>
                <TextEquiv>
                    <Unicode>aliud indicium falsi tatis, omnino sunt</Unicode>
                </TextEquiv>
                <TextStyle fontFamily="Times New Roman" fontSize="9.5"/>
            </TextLine>
            <TextLine id="tl_29" primaryLanguage="English" custom="readingOrder {index:12;}">
                <Coords points="359,1226 1368,1226 1368,1280 359,1280"/>
                <Baseline points="359,1270 613,1268 768,1268 916,1267 1171,1274 1250,1265 1368,1254"/>
                <Word id="w_w2aab1c11b2b1c25ab1" language="English" custom="readingOrder {index:0;}">
                    <Coords points="359,1229 613,1229 613,1270 359,1270"/>
                    <TextEquiv>
                        <Unicode>sufficientia</Unicode>
                    </TextEquiv>
                    <TextStyle fontFamily="Times New Roman" fontSize="9.5"/>
                </Word>
                <Word id="w_w2aab1c11b2b1c25ac27" language="English" custom="readingOrder {index:1;}">
                    <Coords points="646,1231 768,1231 768,1280 646,1280"/>
                    <TextEquiv>
                        <Unicode>signa</Unicode>
                    </TextEquiv>
                    <TextStyle fontFamily="Times New Roman" fontSize="9.5"/>
                </Word>
                <Word id="w_w2aab1c11b2b1c25ac39" language="English" custom="readingOrder {index:2;}">
                    <Coords points="808,1238 916,1238 916,1268 808,1268"/>
                    <TextEquiv>
                        <Unicode>verae</Unicode>
                    </TextEquiv>
                    <TextStyle fontFamily="Times New Roman" fontSize="9.5"/>
                </Word>
                <Word id="w_w2aab1c11b2b1c25ac51" language="English" custom="readingOrder {index:3;}">
                    <Coords points="956,1226 1171,1226 1171,1274 956,1274"/>
                    <TextEquiv>
                        <Unicode>doctrinae,</Unicode>
                    </TextEquiv>
                    <TextStyle fontFamily="Times New Roman" fontSize="9.5"/>
                </Word>
                <Word id="w_w2aab1c11b2b1c25ac73" language="English" custom="readingOrder {index:4;}">
                    <Coords points="1207,1230 1250,1230 1250,1265 1207,1265"/>
                    <TextEquiv>
                        <Unicode>et</Unicode>
                    </TextEquiv>
                    <TextStyle fontFamily="Times New Roman" fontSize="9.5"/>
                </Word>
                <Word id="w_w2aab1c11b2b1c25ac79" language="English" custom="readingOrder {index:5;}">
                    <Coords points="1280,1237 1368,1237 1368,1265 1280,1265"/>
                    <TextEquiv>
                        <Unicode>mo¬</Unicode>
                    </TextEquiv>
                    <TextStyle fontFamily="Times New Roman" fontSize="9.5"/>
                </Word>
                <TextEquiv>
                    <Unicode>sufficientia signa verae doctrinae, et mo¬</Unicode>
                </TextEquiv>
                <TextStyle fontFamily="Times New Roman" fontSize="9.5"/>
            </TextLine>
            <TextLine id="tl_30" primaryLanguage="English" custom="readingOrder {index:13;}">
                <Coords points="360,1303 1371,1303 1371,1356 360,1356"/>
                <Baseline points="360,1346 460,1345 680,1344 955,1342 1046,1343 1242,1350 1371,1340"/>
                <Word id="w_w2aab1c11b2b1c27ab1" language="English" custom="readingOrder {index:0;}">
                    <Coords points="360,1317 460,1317 460,1346 360,1346"/>
                    <TextEquiv>
                        <Unicode>vere</Unicode>
                    </TextEquiv>
                    <TextStyle fontFamily="Times New Roman" fontSize="9.5"/>
                </Word>
                <Word id="w_w2aab1c11b2b1c27ac11" language="English" custom="readingOrder {index:1;}">
                    <Coords points="497,1308 680,1308 680,1356 497,1356"/>
                    <TextEquiv>
                        <Unicode>possunt</Unicode>
                    </TextEquiv>
                    <TextStyle fontFamily="Times New Roman" fontSize="9.5"/>
                </Word>
                <Word id="w_w2aab1c11b2b1c27ac27" language="English" custom="readingOrder {index:2;}">
                    <Coords points="718,1304 955,1304 955,1354 718,1354"/>
                    <TextEquiv>
                        <Unicode>prudenter</Unicode>
                    </TextEquiv>
                    <TextStyle fontFamily="Times New Roman" fontSize="9.5"/>
                </Word>
                <Word id="w_w2aab1c11b2b1c27ac47" language="English" custom="readingOrder {index:3;}">
                    <Coords points="992,1304 1046,1304 1046,1343 992,1343"/>
                    <TextEquiv>
                        <Unicode>ad</Unicode>
                    </TextEquiv>
                    <TextStyle fontFamily="Times New Roman" fontSize="9.5"/>
                </Word>
                <Word id="w_w2aab1c11b2b1c27ac53" language="English" custom="readingOrder {index:4;}">
                    <Coords points="1085,1303 1242,1303 1242,1350 1085,1350"/>
                    <TextEquiv>
                        <Unicode>fidem;</Unicode>
                    </TextEquiv>
                    <TextStyle fontFamily="Times New Roman" fontSize="9.5"/>
                </Word>
                <Word id="w_w2aab1c11b2b1c27ac67" language="English" custom="readingOrder {index:5;}">
                    <Coords points="1289,1312 1371,1312 1371,1341 1289,1341"/>
                    <TextEquiv>
                        <Unicode>nec</Unicode>
                    </TextEquiv>
                    <TextStyle fontFamily="Times New Roman" fontSize="9.5"/>
                </Word>
                <TextEquiv>
                    <Unicode>vere possunt prudenter ad fidem; nec</Unicode>
                </TextEquiv>
                <TextStyle fontFamily="Times New Roman" fontSize="9.5"/>
            </TextLine>
            <TextLine id="tl_31" primaryLanguage="English" custom="readingOrder {index:14;}">
                <Coords points="358,1378 1370,1378 1370,1433 358,1433"/>
                <Baseline points="358,1433 431,1420 500,1420 768,1428 894,1419 1032,1419 1195,1426 1263,1417 1370,1406"/>
                <Word id="w_w2aab1c11b2b1c29ab1" language="English" custom="readingOrder {index:0;}">
                    <Coords points="358,1382 431,1382 431,1433 358,1433"/>
                    <TextEquiv>
                        <Unicode>qui</Unicode>
                    </TextEquiv>
                    <TextStyle fontFamily="Times New Roman" fontSize="9.5"/>
                </Word>
                <Word id="w_w2aab1c11b2b1c29ab9" language="English" custom="readingOrder {index:1;}">
                    <Coords points="451,1382 500,1382 500,1420 451,1420"/>
                    <TextEquiv>
                        <Unicode>iis</Unicode>
                    </TextEquiv>
                    <TextStyle fontFamily="Times New Roman" fontSize="9.5"/>
                </Word>
                <Word id="w_w2aab1c11b2b1c29ac17" language="English" custom="readingOrder {index:2;}">
                    <Coords points="521,1382 768,1382 768,1428 521,1428"/>
                    <TextEquiv>
                        <Unicode>duceretur,</Unicode>
                    </TextEquiv>
                    <TextStyle fontFamily="Times New Roman" fontSize="9.5"/>
                </Word>
                <Word id="w_w2aab1c11b2b1c29ac39" language="English" custom="readingOrder {index:3;}">
                    <Coords points="790,1380 894,1380 894,1420 790,1420"/>
                    <TextEquiv>
                        <Unicode>levis</Unicode>
                    </TextEquiv>
                    <TextStyle fontFamily="Times New Roman" fontSize="9.5"/>
                </Word>
                <Word id="w_w2aab1c11b2b1c29ac51" language="English" custom="readingOrder {index:4;}">
                    <Coords points="917,1385 1032,1385 1032,1419 917,1419"/>
                    <TextEquiv>
                        <Unicode>esset</Unicode>
                    </TextEquiv>
                    <TextStyle fontFamily="Times New Roman" fontSize="9.5"/>
                </Word>
                <Word id="w_w2aab1c11b2b1c29ac63" language="English" custom="readingOrder {index:5;}">
                    <Coords points="1048,1379 1195,1379 1195,1426 1048,1426"/>
                    <TextEquiv>
                        <Unicode>corde,</Unicode>
                    </TextEquiv>
                    <TextStyle fontFamily="Times New Roman" fontSize="9.5"/>
                </Word>
                <Word id="w_w2aab1c11b2b1c29ac77" language="English" custom="readingOrder {index:6;}">
                    <Coords points="1217,1382 1263,1382 1263,1418 1217,1418"/>
                    <TextEquiv>
                        <Unicode>ut</Unicode>
                    </TextEquiv>
                    <TextStyle fontFamily="Times New Roman" fontSize="9.5"/>
                </Word>
                <Word id="w_w2aab1c11b2b1c29ac83" language="English" custom="readingOrder {index:7;}">
                    <Coords points="1312,1378 1370,1378 1370,1417 1312,1417"/>
                    <TextEquiv>
                        <Unicode>di¬</Unicode>
                    </TextEquiv>
                    <TextStyle fontFamily="Times New Roman" fontSize="9.5"/>
                </Word>
                <TextEquiv>
                    <Unicode>qui iis duceretur, levis esset corde, ut di¬</Unicode>
                </TextEquiv>
                <TextStyle fontFamily="Times New Roman" fontSize="9.5"/>
            </TextLine>
            <TextLine id="tl_32" primaryLanguage="English" custom="readingOrder {index:15;}">
                <Coords points="358,1454 1371,1454 1371,1506 358,1506"/>
                <Baseline points="358,1496 466,1496 608,1495 720,1494 841,1494 1032,1503 1184,1493 1287,1494 1371,1492"/>
                <Word id="w_w2aab1c11b2b1c31ab1" language="English" custom="readingOrder {index:0;}">
                    <Coords points="358,1459 466,1459 466,1496 358,1496"/>
                    <TextEquiv>
                        <Unicode>citur</Unicode>
                    </TextEquiv>
                    <TextStyle fontFamily="Times New Roman" fontSize="9.5"/>
                </Word>
                <Word id="w_w2aab1c11b2b1c31ac13" language="English" custom="readingOrder {index:1;}">
                    <Coords points="513,1467 608,1467 608,1496 513,1496"/>
                    <TextEquiv>
                        <Unicode>esse</Unicode>
                    </TextEquiv>
                    <TextStyle fontFamily="Times New Roman" fontSize="9.5"/>
                </Word>
                <Word id="w_w2aab1c11b2b1c31ac23" language="English" custom="readingOrder {index:2;}">
                    <Coords points="648,1457 720,1457 720,1506 648,1506"/>
                    <TextEquiv>
                        <Unicode>qui</Unicode>
                    </TextEquiv>
                    <TextStyle fontFamily="Times New Roman" fontSize="9.5"/>
                </Word>
                <Word id="w_w2aab1c11b2b1c31ac31" language="English" custom="readingOrder {index:3;}">
                    <Coords points="760,1456 841,1456 841,1494 760,1494"/>
                    <TextEquiv>
                        <Unicode>cito</Unicode>
                    </TextEquiv>
                    <TextStyle fontFamily="Times New Roman" fontSize="9.5"/>
                </Word>
                <Word id="w_w2aab1c11b2b1c31ac41" language="English" custom="readingOrder {index:4;}">
                    <Coords points="883,1454 1032,1454 1032,1503 883,1503"/>
                    <TextEquiv>
                        <Unicode>credit,</Unicode>
                    </TextEquiv>
                    <TextStyle fontFamily="Times New Roman" fontSize="9.5"/>
                </Word>
                <Word id="w_w2aab1c11b2b1c31ac57" language="English" custom="readingOrder {index:5;}">
                    <Coords points="1070,1455 1184,1455 1184,1494 1070,1494"/>
                    <TextEquiv>
                        <Unicode>Eccl.</Unicode>
                    </TextEquiv>
                    <TextStyle fontFamily="Times New Roman" fontSize="9.5"/>
                </Word>
                <Word id="w_w2aab1c11b2b1c31ac69" language="English" custom="readingOrder {index:6;}">
                    <Coords points="1228,1456 1287,1456 1287,1494 1228,1494"/>
                    <TextEquiv>
                        <Unicode>19.</Unicode>
                    </TextEquiv>
                    <TextStyle fontFamily="Times New Roman" fontSize="9.5"/>
                </Word>
                <Word id="w_w2aab1c11b2b1c31ac77" language="English" custom="readingOrder {index:7;}">
                    <Coords points="1328,1456 1371,1456 1371,1493 1328,1493"/>
                    <TextEquiv>
                        <Unicode>In</Unicode>
                    </TextEquiv>
                    <TextStyle fontFamily="Times New Roman" fontSize="9.5"/>
                </Word>
                <TextEquiv>
                    <Unicode>citur esse qui cito credit, Eccl. 19. In</Unicode>
                </TextEquiv>
                <TextStyle fontFamily="Times New Roman" fontSize="9.5"/>
            </TextLine>
            <TextLine id="tl_33" primaryLanguage="English" custom="readingOrder {index:16;}">
                <Coords points="355,1528 1370,1528 1370,1583 355,1583"/>
                <Baseline points="355,1582 578,1571 768,1570 944,1569 1035,1569 1204,1568 1370,1558"/>
                <Word id="w_w2aab1c11b2b1c33ab1" language="English" custom="readingOrder {index:0;}">
                    <Coords points="355,1534 578,1534 578,1583 355,1583"/>
                    <TextEquiv>
                        <Unicode>proposito</Unicode>
                    </TextEquiv>
                    <TextStyle fontFamily="Times New Roman" fontSize="9.5"/>
                </Word>
                <Word id="w_w2aab1c11b2b1c33ac21" language="English" custom="readingOrder {index:1;}">
                    <Coords points="623,1535 768,1535 768,1570 623,1570"/>
                    <TextEquiv>
                        <Unicode>autem</Unicode>
                    </TextEquiv>
                    <TextStyle fontFamily="Times New Roman" fontSize="9.5"/>
                </Word>
                <Word id="w_w2aab1c11b2b1c33ac33" language="English" custom="readingOrder {index:2;}">
                    <Coords points="798,1535 944,1535 944,1570 798,1570"/>
                    <TextEquiv>
                        <Unicode>nostro</Unicode>
                    </TextEquiv>
                    <TextStyle fontFamily="Times New Roman" fontSize="9.5"/>
                </Word>
                <Word id="w_w2aab1c11b2b1c33ac47" language="English" custom="readingOrder {index:3;}">
                    <Coords points="965,1529 1035,1529 1035,1569 965,1569"/>
                    <TextEquiv>
                        <Unicode>illa</Unicode>
                    </TextEquiv>
                    <TextStyle fontFamily="Times New Roman" fontSize="9.5"/>
                </Word>
                <Word id="w_w2aab1c11b2b1c33ac57" language="English" custom="readingOrder {index:4;}">
                    <Coords points="1075,1541 1204,1541 1204,1580 1075,1580"/>
                    <TextEquiv>
                        <Unicode>quam</Unicode>
                    </TextEquiv>
                    <TextStyle fontFamily="Times New Roman" fontSize="9.5"/>
                </Word>
                <Word id="w_w2aab1c11b2b1c33ac67" language="English" custom="readingOrder {index:5;}">
                    <Coords points="1238,1528 1370,1528 1370,1579 1238,1579"/>
                    <TextEquiv>
                        <Unicode>profi¬</Unicode>
                    </TextEquiv>
                    <TextStyle fontFamily="Times New Roman" fontSize="9.5"/>
                </Word>
                <TextEquiv>
                    <Unicode>proposito autem nostro illa quam profi¬</Unicode>
                </TextEquiv>
                <TextStyle fontFamily="Times New Roman" fontSize="9.5"/>
            </TextLine>
            <TextLine id="tl_34" primaryLanguage="English" custom="readingOrder {index:17;}">
                <Coords points="357,1603 1372,1603 1372,1656 357,1656"/>
                <Baseline points="357,1645 498,1644 727,1654 1010,1642 1123,1643 1299,1642 1372,1642"/>
                <Word id="w_w2aab1c11b2b1c35ab1" language="English" custom="readingOrder {index:0;}">
                    <Coords points="357,1610 498,1610 498,1646 357,1646"/>
                    <TextEquiv>
                        <Unicode>temur</Unicode>
                    </TextEquiv>
                    <TextStyle fontFamily="Times New Roman" fontSize="9.5"/>
                </Word>
                <Word id="w_w2aab1c11b2b1c35ac13" language="English" custom="readingOrder {index:1;}">
                    <Coords points="519,1605 727,1605 727,1654 519,1654"/>
                    <TextEquiv>
                        <Unicode>doctrina,</Unicode>
                    </TextEquiv>
                    <TextStyle fontFamily="Times New Roman" fontSize="9.5"/>
                </Word>
                <Word id="w_w2aab1c11b2b1c35ac33" language="English" custom="readingOrder {index:2;}">
                    <Coords points="762,1603 1010,1603 1010,1645 762,1645"/>
                    <TextEquiv>
                        <Unicode>confirmata</Unicode>
                    </TextEquiv>
                    <TextStyle fontFamily="Times New Roman" fontSize="9.5"/>
                </Word>
                <Word id="w_w2aab1c11b2b1c35ac55" language="English" custom="readingOrder {index:3;}">
                    <Coords points="1059,1607 1123,1607 1123,1643 1059,1643"/>
                    <TextEquiv>
                        <Unicode>est</Unicode>
                    </TextEquiv>
                    <TextStyle fontFamily="Times New Roman" fontSize="9.5"/>
                </Word>
                <Word id="w_w2aab1c11b2b1c35ac63" language="English" custom="readingOrder {index:4;}">
                    <Coords points="1165,1605 1299,1605 1299,1656 1165,1656"/>
                    <TextEquiv>
                        <Unicode>signis</Unicode>
                    </TextEquiv>
                    <TextStyle fontFamily="Times New Roman" fontSize="9.5"/>
                </Word>
                <Word id="w_w2aab1c11b2b1c35ac77" language="English" custom="readingOrder {index:5;}">
                    <Coords points="1328,1607 1372,1607 1372,1642 1328,1642"/>
                    <TextEquiv>
                        <Unicode>et</Unicode>
                    </TextEquiv>
                    <TextStyle fontFamily="Times New Roman" fontSize="9.5"/>
                </Word>
                <TextEquiv>
                    <Unicode>temur doctrina, confirmata est signis et</Unicode>
                </TextEquiv>
                <TextStyle fontFamily="Times New Roman" fontSize="9.5"/>
            </TextLine>
            <TextLine id="tl_35" primaryLanguage="English" custom="readingOrder {index:18;}">
                <Coords points="356,1679 1371,1679 1371,1726 356,1726"/>
                <Baseline points="356,1721 572,1720 768,1726 870,1718 945,1718 1030,1718 1271,1718 1371,1707"/>
                <Word id="w_w2aab1c11b2b1c37ab1" language="English" custom="readingOrder {index:0;}">
                    <Coords points="356,1682 572,1682 572,1721 356,1721"/>
                    <TextEquiv>
                        <Unicode>miraculis</Unicode>
                    </TextEquiv>
                    <TextStyle fontFamily="Times New Roman" fontSize="9.5"/>
                </Word>
                <Word id="w_w2aab1c11b2b1c37ac21" language="English" custom="readingOrder {index:1;}">
                    <Coords points="610,1681 768,1681 768,1726 610,1726"/>
                    <TextEquiv>
                        <Unicode>multis,</Unicode>
                    </TextEquiv>
                    <TextStyle fontFamily="Times New Roman" fontSize="9.5"/>
                </Word>
                <Word id="w_w2aab1c11b2b1c37ac37" language="English" custom="readingOrder {index:2;}">
                    <Coords points="789,1690 870,1690 870,1719 789,1719"/>
                    <TextEquiv>
                        <Unicode>nec</Unicode>
                    </TextEquiv>
                    <TextStyle fontFamily="Times New Roman" fontSize="9.5"/>
                </Word>
                <Word id="w_w2aab1c11b2b1c37ac45" language="English" custom="readingOrder {index:3;}">
                    <Coords points="902,1681 945,1681 945,1719 902,1719"/>
                    <TextEquiv>
                        <Unicode>in</Unicode>
                    </TextEquiv>
                    <TextStyle fontFamily="Times New Roman" fontSize="9.5"/>
                </Word>
                <Word id="w_w2aab1c11b2b1c37ac51" language="English" custom="readingOrder {index:4;}">
                    <Coords points="985,1690 1030,1690 1030,1718 985,1718"/>
                    <TextEquiv>
                        <Unicode>se</Unicode>
                    </TextEquiv>
                    <TextStyle fontFamily="Times New Roman" fontSize="9.5"/>
                </Word>
                <Word id="w_w2aab1c11b2b1c37ac57" language="English" custom="readingOrder {index:5;}">
                    <Coords points="1079,1682 1271,1682 1271,1719 1079,1719"/>
                    <TextEquiv>
                        <Unicode>continet</Unicode>
                    </TextEquiv>
                    <TextStyle fontFamily="Times New Roman" fontSize="9.5"/>
                </Word>
                <Word id="w_w2aab1c11b2b1c37ac75" language="English" custom="readingOrder {index:6;}">
                    <Coords points="1299,1679 1371,1679 1371,1718 1299,1718"/>
                    <TextEquiv>
                        <Unicode>ali¬</Unicode>
                    </TextEquiv>
                    <TextStyle fontFamily="Times New Roman" fontSize="9.5"/>
                </Word>
                <TextEquiv>
                    <Unicode>miraculis multis, nec in se continet ali¬</Unicode>
                </TextEquiv>
                <TextStyle fontFamily="Times New Roman" fontSize="9.5"/>
            </TextLine>
            <TextLine id="tl_36" primaryLanguage="English" custom="readingOrder {index:19;}">
                <Coords points="360,1755 1368,1755 1368,1808 360,1808"/>
                <Baseline points="360,1808 461,1796 606,1804 712,1794 945,1794 1035,1793 1130,1794 1368,1793"/>
                <Word id="w_w2aab1c11b2b1c39ab1" language="English" custom="readingOrder {index:0;}">
                    <Coords points="360,1757 461,1757 461,1808 360,1808"/>
                    <TextEquiv>
                        <Unicode>quid</Unicode>
                    </TextEquiv>
                    <TextStyle fontFamily="Times New Roman" fontSize="9.5"/>
                </Word>
                <Word id="w_w2aab1c11b2b1c39ac11" language="English" custom="readingOrder {index:1;}">
                    <Coords points="493,1757 606,1757 606,1804 493,1804"/>
                    <TextEquiv>
                        <Unicode>mali,</Unicode>
                    </TextEquiv>
                    <TextStyle fontFamily="Times New Roman" fontSize="9.5"/>
                </Word>
                <Word id="w_w2aab1c11b2b1c39ac23" language="English" custom="readingOrder {index:2;}">
                    <Coords points="629,1767 712,1767 712,1795 629,1795"/>
                    <TextEquiv>
                        <Unicode>nec</Unicode>
                    </TextEquiv>
                    <TextStyle fontFamily="Times New Roman" fontSize="9.5"/>
                </Word>
                <Word id="w_w2aab1c11b2b1c39ac31" language="English" custom="readingOrder {index:3;}">
                    <Coords points="735,1755 945,1755 945,1795 735,1795"/>
                    <TextEquiv>
                        <Unicode>contraria</Unicode>
                    </TextEquiv>
                    <TextStyle fontFamily="Times New Roman" fontSize="9.5"/>
                </Word>
                <Word id="w_w2aab1c11b2b1c39ac51" language="English" custom="readingOrder {index:4;}">
                    <Coords points="969,1758 1035,1758 1035,1793 969,1793"/>
                    <TextEquiv>
                        <Unicode>est</Unicode>
                    </TextEquiv>
                    <TextStyle fontFamily="Times New Roman" fontSize="9.5"/>
                </Word>
                <Word id="w_w2aab1c11b2b1c39ac59" language="English" custom="readingOrder {index:5;}">
                    <Coords points="1055,1755 1130,1755 1130,1794 1055,1794"/>
                    <TextEquiv>
                        <Unicode>ulli</Unicode>
                    </TextEquiv>
                    <TextStyle fontFamily="Times New Roman" fontSize="9.5"/>
                </Word>
                <Word id="w_w2aab1c11b2b1c39ac69" language="English" custom="readingOrder {index:6;}">
                    <Coords points="1161,1755 1368,1755 1368,1794 1161,1794"/>
                    <TextEquiv>
                        <Unicode>doctrinae</Unicode>
                    </TextEquiv>
                    <TextStyle fontFamily="Times New Roman" fontSize="9.5"/>
                </Word>
                <TextEquiv>
                    <Unicode>quid mali, nec contraria est ulli doctrinae</Unicode>
                </TextEquiv>
                <TextStyle fontFamily="Times New Roman" fontSize="9.5"/>
            </TextLine>
            <TextLine id="tl_37" primaryLanguage="English" custom="readingOrder {index:20;}">
                <Coords points="358,1830 1372,1830 1372,1883 358,1883"/>
                <Baseline points="358,1872 711,1871 892,1870 1231,1877 1372,1870"/>
                <Word id="w_w2aab1c11b2b1c41ab1" language="English" custom="readingOrder {index:0;}">
                    <Coords points="358,1833 711,1833 711,1883 358,1883"/>
                    <TextEquiv>
                        <Unicode>aequivalentibus</Unicode>
                    </TextEquiv>
                    <TextStyle fontFamily="Times New Roman" fontSize="9.5"/>
                </Word>
                <Word id="w_w2aab1c11b2b1c41ac33" language="English" custom="readingOrder {index:1;}">
                    <Coords points="758,1832 892,1832 892,1883 758,1883"/>
                    <TextEquiv>
                        <Unicode>signis</Unicode>
                    </TextEquiv>
                    <TextStyle fontFamily="Times New Roman" fontSize="9.5"/>
                </Word>
                <Word id="w_w2aab1c11b2b1c41ac47" language="English" custom="readingOrder {index:2;}">
                    <Coords points="959,1830 1231,1830 1231,1877 959,1877"/>
                    <TextEquiv>
                        <Unicode>confirmatae,</Unicode>
                    </TextEquiv>
                    <TextStyle fontFamily="Times New Roman" fontSize="9.5"/>
                </Word>
                <Word id="w_w2aab1c11b2b1c41ac73" language="English" custom="readingOrder {index:3;}">
                    <Coords points="1290,1842 1372,1842 1372,1870 1290,1870"/>
                    <TextEquiv>
                        <Unicode>nec</Unicode>
                    </TextEquiv>
                    <TextStyle fontFamily="Times New Roman" fontSize="9.5"/>
                </Word>
                <TextEquiv>
                    <Unicode>aequivalentibus signis confirmatae, nec</Unicode>
                </TextEquiv>
                <TextStyle fontFamily="Times New Roman" fontSize="9.5"/>
            </TextLine>
            <TextLine id="tl_38" primaryLanguage="English" custom="readingOrder {index:21;}">
                <Coords points="361,1906 1372,1906 1372,1957 361,1957"/>
                <Baseline points="361,1947 534,1947 622,1946 728,1947 889,1945 1113,1952 1273,1945 1372,1945"/>
                <Word id="w_w2aab1c11b2b1c43ab1" language="English" custom="readingOrder {index:0;}">
                    <Coords points="361,1908 534,1908 534,1948 361,1948"/>
                    <TextEquiv>
                        <Unicode>aliunde</Unicode>
                    </TextEquiv>
                    <TextStyle fontFamily="Times New Roman" fontSize="9.5"/>
                </Word>
                <Word id="w_w2aab1c11b2b1c43ac17" language="English" custom="readingOrder {index:1;}">
                    <Coords points="569,1919 622,1919 622,1947 569,1947"/>
                    <TextEquiv>
                        <Unicode>ex</Unicode>
                    </TextEquiv>
                    <TextStyle fontFamily="Times New Roman" fontSize="9.5"/>
                </Word>
                <Word id="w_w2aab1c11b2b1c43ac23" language="English" custom="readingOrder {index:2;}">
                    <Coords points="642,1908 728,1908 728,1947 642,1947"/>
                    <TextEquiv>
                        <Unicode>ullo</Unicode>
                    </TextEquiv>
                    <TextStyle fontFamily="Times New Roman" fontSize="9.5"/>
                </Word>
                <Word id="w_w2aab1c11b2b1c43ac33" language="English" custom="readingOrder {index:3;}">
                    <Coords points="752,1909 889,1909 889,1957 752,1957"/>
                    <TextEquiv>
                        <Unicode>capite</Unicode>
                    </TextEquiv>
                    <TextStyle fontFamily="Times New Roman" fontSize="9.5"/>
                </Word>
                <Word id="w_w2aab1c11b2b1c43ac47" language="English" custom="readingOrder {index:4;}">
                    <Coords points="930,1909 1113,1909 1113,1952 930,1952"/>
                    <TextEquiv>
                        <Unicode>constat,</Unicode>
                    </TextEquiv>
                    <TextStyle fontFamily="Times New Roman" fontSize="9.5"/>
                </Word>
                <Word id="w_w2aab1c11b2b1c43ac65" language="English" custom="readingOrder {index:5;}">
                    <Coords points="1156,1906 1273,1906 1273,1957 1156,1957"/>
                    <TextEquiv>
                        <Unicode>quod</Unicode>
                    </TextEquiv>
                    <TextStyle fontFamily="Times New Roman" fontSize="9.5"/>
                </Word>
                <Word id="w_w2aab1c11b2b1c43ac75" language="English" custom="readingOrder {index:6;}">
                    <Coords points="1308,1907 1372,1907 1372,1945 1308,1945"/>
                    <TextEquiv>
                        <Unicode>his</Unicode>
                    </TextEquiv>
                    <TextStyle fontFamily="Times New Roman" fontSize="9.5"/>
                </Word>
                <TextEquiv>
                    <Unicode>aliunde ex ullo capite constat, quod his</Unicode>
                </TextEquiv>
                <TextStyle fontFamily="Times New Roman" fontSize="9.5"/>
            </TextLine>
            <TextLine id="tl_39" primaryLanguage="English" custom="readingOrder {index:22;}">
                <Coords points="361,1988 1369,1988 1369,2042 361,2042"/>
                <Baseline points="361,2030 494,2030 609,2028 702,2028 1004,2033 1074,2027 1240,2036 1369,2028"/>
                <Word id="w_w2aab1c11b2b1c45ab1" language="English" custom="readingOrder {index:0;}">
                    <Coords points="361,1992 494,1992 494,2042 361,2042"/>
                    <TextEquiv>
                        <Unicode>signis</Unicode>
                    </TextEquiv>
                    <TextStyle fontFamily="Times New Roman" fontSize="9.5"/>
                </Word>
                <Word id="w_w2aab1c11b2b1c45ac15" language="English" custom="readingOrder {index:1;}">
                    <Coords points="524,2000 609,2000 609,2030 524,2030"/>
                    <TextEquiv>
                        <Unicode>non</Unicode>
                    </TextEquiv>
                    <TextStyle fontFamily="Times New Roman" fontSize="9.5"/>
                </Word>
                <Word id="w_w2aab1c11b2b1c45ac23" language="English" custom="readingOrder {index:2;}">
                    <Coords points="648,1990 702,1990 702,2028 648,2028"/>
                    <TextEquiv>
                        <Unicode>sit</Unicode>
                    </TextEquiv>
                    <TextStyle fontFamily="Times New Roman" fontSize="9.5"/>
                </Word>
                <Word id="w_w2aab1c11b2b1c45ac31" language="English" custom="readingOrder {index:3;}">
                    <Coords points="722,1988 1004,1988 1004,2033 722,2033"/>
                    <TextEquiv>
                        <Unicode>credendum,</Unicode>
                    </TextEquiv>
                    <TextStyle fontFamily="Times New Roman" fontSize="9.5"/>
                </Word>
                <Word id="w_w2aab1c11b2b1c45ac53" language="English" custom="readingOrder {index:4;}">
                    <Coords points="1029,1993 1074,1993 1074,2027 1029,2027"/>
                    <TextEquiv>
                        <Unicode>ut</Unicode>
                    </TextEquiv>
                    <TextStyle fontFamily="Times New Roman" fontSize="9.5"/>
                </Word>
                <Word id="w_w2aab1c11b2b1c45ac59" language="English" custom="readingOrder {index:5;}">
                    <Coords points="1094,1992 1240,1992 1240,2038 1094,2038"/>
                    <TextEquiv>
                        <Unicode>patet;</Unicode>
                    </TextEquiv>
                    <TextStyle fontFamily="Times New Roman" fontSize="9.5"/>
                </Word>
                <Word id="w_w2aab1c11b2b1c45ac73" language="English" custom="readingOrder {index:6;}">
                    <Coords points="1266,1999 1369,1999 1369,2040 1266,2040"/>
                    <TextEquiv>
                        <Unicode>ergo</Unicode>
                    </TextEquiv>
                    <TextStyle fontFamily="Times New Roman" fontSize="9.5"/>
                </Word>
                <TextEquiv>
                    <Unicode>signis non sit credendum, ut patet; ergo</Unicode>
                </TextEquiv>
                <TextStyle fontFamily="Times New Roman" fontSize="9.5"/>
            </TextLine>
            <TextLine id="tl_40" primaryLanguage="English" custom="readingOrder {index:23;}">
                <Coords points="359,2063 1369,2063 1369,2118 359,2118"/>
                <Baseline points="359,2107 483,2105 574,2105 829,2104 912,2103 1044,2103 1369,2093"/>
                <Word id="w_w2aab1c11b2b1c47ab1" language="English" custom="readingOrder {index:0;}">
                    <Coords points="359,2068 483,2068 483,2118 359,2118"/>
                    <TextEquiv>
                        <Unicode>signa</Unicode>
                    </TextEquiv>
                    <TextStyle fontFamily="Times New Roman" fontSize="9.5"/>
                </Word>
                <Word id="w_w2aab1c11b2b1c47ac13" language="English" custom="readingOrder {index:1;}">
                    <Coords points="504,2067 574,2067 574,2105 504,2105"/>
                    <TextEquiv>
                        <Unicode>illa</Unicode>
                    </TextEquiv>
                    <TextStyle fontFamily="Times New Roman" fontSize="9.5"/>
                </Word>
                <Word id="w_w2aab1c11b2b1c47ac23" language="English" custom="readingOrder {index:2;}">
                    <Coords points="610,2064 829,2064 829,2104 610,2104"/>
                    <TextEquiv>
                        <Unicode>sufficiunt</Unicode>
                    </TextEquiv>
                    <TextStyle fontFamily="Times New Roman" fontSize="9.5"/>
                </Word>
                <Word id="w_w2aab1c11b2b1c47ac45" language="English" custom="readingOrder {index:3;}">
                    <Coords points="856,2064 912,2064 912,2103 856,2103"/>
                    <TextEquiv>
                        <Unicode>ad</Unicode>
                    </TextEquiv>
                    <TextStyle fontFamily="Times New Roman" fontSize="9.5"/>
                </Word>
                <Word id="w_w2aab1c11b2b1c47ac51" language="English" custom="readingOrder {index:4;}">
                    <Coords points="952,2066 1044,2066 1044,2115 952,2115"/>
                    <TextEquiv>
                        <Unicode>ejus</Unicode>
                    </TextEquiv>
                    <TextStyle fontFamily="Times New Roman" fontSize="9.5"/>
                </Word>
                <Word id="w_w2aab1c11b2b1c47ac61" language="English" custom="readingOrder {index:5;}">
                    <Coords points="1083,2063 1369,2063 1369,2104 1083,2104"/>
                    <TextEquiv>
                        <Unicode>confirmatio¬</Unicode>
                    </TextEquiv>
                    <TextStyle fontFamily="Times New Roman" fontSize="9.5"/>
                </Word>
                <TextEquiv>
                    <Unicode>signa illa sufficiunt ad ejus confirmatio¬</Unicode>
                </TextEquiv>
                <TextStyle fontFamily="Times New Roman" fontSize="9.5"/>
            </TextLine>
            <TextLine id="tl_41" primaryLanguage="English" custom="readingOrder {index:24;}">
                <Coords points="359,2138 1372,2138 1372,2190 359,2190"/>
                <Baseline points="359,2182 474,2181 788,2179 918,2179 1030,2178 1260,2188 1372,2180"/>
                <Word id="w_w2aab1c11b2b1c49ab1" language="English" custom="readingOrder {index:0;}">
                    <Coords points="359,2153 474,2153 474,2182 359,2182"/>
                    <TextEquiv>
                        <Unicode>nem.</Unicode>
                    </TextEquiv>
                    <TextStyle fontFamily="Times New Roman" fontSize="9.5"/>
                </Word>
                <Word id="w_w2aab1c11b2b1c49ac11" language="English" custom="readingOrder {index:1;}">
                    <Coords points="498,2142 788,2142 788,2190 498,2190"/>
                    <TextEquiv>
                        <Unicode>Quaecumque</Unicode>
                    </TextEquiv>
                    <TextStyle fontFamily="Times New Roman" fontSize="9.5"/>
                </Word>
                <Word id="w_w2aab1c11b2b1c49ac33" language="English" custom="readingOrder {index:2;}">
                    <Coords points="817,2150 918,2150 918,2180 817,2180"/>
                    <TextEquiv>
                        <Unicode>vero</Unicode>
                    </TextEquiv>
                    <TextStyle fontFamily="Times New Roman" fontSize="9.5"/>
                </Word>
                <Word id="w_w2aab1c11b2b1c49ac43" language="English" custom="readingOrder {index:3;}">
                    <Coords points="951,2140 1030,2140 1030,2178 951,2178"/>
                    <TextEquiv>
                        <Unicode>alia</Unicode>
                    </TextEquiv>
                    <TextStyle fontFamily="Times New Roman" fontSize="9.5"/>
                </Word>
                <Word id="w_w2aab1c11b2b1c49ac53" language="English" custom="readingOrder {index:4;}">
                    <Coords points="1054,2138 1260,2138 1260,2188 1054,2188"/>
                    <TextEquiv>
                        <Unicode>doctrina,</Unicode>
                    </TextEquiv>
                    <TextStyle fontFamily="Times New Roman" fontSize="9.5"/>
                </Word>
                <Word id="w_w2aab1c11b2b1c49ac73" language="English" custom="readingOrder {index:5;}">
                    <Coords points="1279,2151 1372,2151 1372,2190 1279,2190"/>
                    <TextEquiv>
                        <Unicode>quae</Unicode>
                    </TextEquiv>
                    <TextStyle fontFamily="Times New Roman" fontSize="9.5"/>
                </Word>
                <TextEquiv>
                    <Unicode>nem. Quaecumque vero alia doctrina, quae</Unicode>
                </TextEquiv>
                <TextStyle fontFamily="Times New Roman" fontSize="9.5"/>
            </TextLine>
            <TextLine id="tl_42" primaryLanguage="English" custom="readingOrder {index:25;}">
                <Coords points="358,2215 1371,2215 1371,2267 358,2267"/>
                <Baseline points="358,2256 492,2256 675,2254 815,2253 996,2253 1296,2264 1371,2254"/>
                <Word id="w_w2aab1c11b2b1c51ab1" language="English" custom="readingOrder {index:0;}">
                    <Coords points="358,2218 492,2218 492,2257 358,2257"/>
                    <TextEquiv>
                        <Unicode>asseri</Unicode>
                    </TextEquiv>
                    <TextStyle fontFamily="Times New Roman" fontSize="9.5"/>
                </Word>
                <Word id="w_w2aab1c11b2b1c51ac15" language="English" custom="readingOrder {index:1;}">
                    <Coords points="529,2219 675,2219 675,2267 529,2267"/>
                    <TextEquiv>
                        <Unicode>potest</Unicode>
                    </TextEquiv>
                    <TextStyle fontFamily="Times New Roman" fontSize="9.5"/>
                </Word>
                <Word id="w_w2aab1c11b2b1c51ac29" language="English" custom="readingOrder {index:2;}">
                    <Coords points="720,2216 815,2216 815,2254 720,2254"/>
                    <TextEquiv>
                        <Unicode>ullis</Unicode>
                    </TextEquiv>
                    <TextStyle fontFamily="Times New Roman" fontSize="9.5"/>
                </Word>
                <Word id="w_w2aab1c11b2b1c51ac41" language="English" custom="readingOrder {index:3;}">
                    <Coords points="863,2215 996,2215 996,2266 863,2266"/>
                    <TextEquiv>
                        <Unicode>signis</Unicode>
                    </TextEquiv>
                    <TextStyle fontFamily="Times New Roman" fontSize="9.5"/>
                </Word>
                <Word id="w_w2aab1c11b2b1c51ac55" language="English" custom="readingOrder {index:4;}">
                    <Coords points="1036,2215 1296,2215 1296,2264 1036,2264"/>
                    <TextEquiv>
                        <Unicode>confirmata,</Unicode>
                    </TextEquiv>
                    <TextStyle fontFamily="Times New Roman" fontSize="9.5"/>
                </Word>
                <Word id="w_w2aab1c11b2b1c51ac79" language="English" custom="readingOrder {index:5;}">
                    <Coords points="1329,2218 1371,2218 1371,2254 1329,2254"/>
                    <TextEquiv>
                        <Unicode>in</Unicode>
                    </TextEquiv>
                    <TextStyle fontFamily="Times New Roman" fontSize="9.5"/>
                </Word>
                <TextEquiv>
                    <Unicode>asseri potest ullis signis confirmata, in</Unicode>
                </TextEquiv>
                <TextStyle fontFamily="Times New Roman" fontSize="9.5"/>
            </TextLine>
            <TextLine id="tl_43" primaryLanguage="English" custom="readingOrder {index:26;}">
                <Coords points="359,2289 1371,2289 1371,2344 359,2344"/>
                <Baseline points="359,2333 501,2333 578,2331 672,2331 1012,2329 1202,2337 1272,2330 1371,2320"/>
                <Word id="w_w2aab1c11b2b1c53ab1" language="English" custom="readingOrder {index:0;}">
                    <Coords points="359,2295 501,2295 501,2344 359,2344"/>
                    <TextEquiv>
                        <Unicode>aliqua</Unicode>
                    </TextEquiv>
                    <TextStyle fontFamily="Times New Roman" fontSize="9.5"/>
                </Word>
                <Word id="w_w2aab1c11b2b1c53ac15" language="English" custom="readingOrder {index:1;}">
                    <Coords points="525,2304 578,2304 578,2331 525,2331"/>
                    <TextEquiv>
                        <Unicode>ex</Unicode>
                    </TextEquiv>
                    <TextStyle fontFamily="Times New Roman" fontSize="9.5"/>
                </Word>
                <Word id="w_w2aab1c11b2b1c53ac21" language="English" custom="readingOrder {index:2;}">
                    <Coords points="606,2293 672,2293 672,2332 606,2332"/>
                    <TextEquiv>
                        <Unicode>his</Unicode>
                    </TextEquiv>
                    <TextStyle fontFamily="Times New Roman" fontSize="9.5"/>
                </Word>
                <Word id="w_w2aab1c11b2b1c53ac29" language="English" custom="readingOrder {index:3;}">
                    <Coords points="694,2291 1012,2291 1012,2330 694,2330"/>
                    <TextEquiv>
                        <Unicode>conditionibus</Unicode>
                    </TextEquiv>
                    <TextStyle fontFamily="Times New Roman" fontSize="9.5"/>
                </Word>
                <Word id="w_w2aab1c11b2b1c53ac57" language="English" custom="readingOrder {index:4;}">
                    <Coords points="1044,2289 1202,2289 1202,2337 1044,2337"/>
                    <TextEquiv>
                        <Unicode>deficit,</Unicode>
                    </TextEquiv>
                    <TextStyle fontFamily="Times New Roman" fontSize="9.5"/>
                </Word>
                <Word id="w_w2aab1c11b2b1c53ac75" language="English" custom="readingOrder {index:5;}">
                    <Coords points="1224,2294 1272,2294 1272,2330 1224,2330"/>
                    <TextEquiv>
                        <Unicode>ut</Unicode>
                    </TextEquiv>
                    <TextStyle fontFamily="Times New Roman" fontSize="9.5"/>
                </Word>
                <Word id="w_w2aab1c11b2b1c53ac81" language="English" custom="readingOrder {index:6;}">
                    <Coords points="1287,2291 1371,2291 1371,2332 1287,2332"/>
                    <TextEquiv>
                        <Unicode>dis¬</Unicode>
                    </TextEquiv>
                    <TextStyle fontFamily="Times New Roman" fontSize="9.5"/>
                </Word>
                <TextEquiv>
                    <Unicode>aliqua ex his conditionibus deficit, ut dis¬</Unicode>
                </TextEquiv>
                <TextStyle fontFamily="Times New Roman" fontSize="9.5"/>
            </TextLine>
            <TextLine id="tl_44" primaryLanguage="English" custom="readingOrder {index:27;}">
                <Coords points="360,2365 1371,2365 1371,2418 360,2418"/>
                <Baseline points="360,2408 571,2408 686,2406 871,2405 968,2405 1284,2414 1371,2406"/>
                <Word id="w_w2aab1c11b2b1c55ab1" language="English" custom="readingOrder {index:0;}">
                    <Coords points="360,2368 571,2368 571,2408 360,2408"/>
                    <TextEquiv>
                        <Unicode>currendo</Unicode>
                    </TextEquiv>
                    <TextStyle fontFamily="Times New Roman" fontSize="9.5"/>
                </Word>
                <Word id="w_w2aab1c11b2b1c55ac19" language="English" custom="readingOrder {index:1;}">
                    <Coords points="611,2379 686,2379 686,2418 611,2418"/>
                    <TextEquiv>
                        <Unicode>per</Unicode>
                    </TextEquiv>
                    <TextStyle fontFamily="Times New Roman" fontSize="9.5"/>
                </Word>
                <Word id="w_w2aab1c11b2b1c55ac27" language="English" custom="readingOrder {index:2;}">
                    <Coords points="719,2378 871,2378 871,2407 719,2407"/>
                    <TextEquiv>
                        <Unicode>omnes</Unicode>
                    </TextEquiv>
                    <TextStyle fontFamily="Times New Roman" fontSize="9.5"/>
                </Word>
                <Word id="w_w2aab1c11b2b1c55ac39" language="English" custom="readingOrder {index:3;}">
                    <Coords points="902,2370 968,2370 968,2406 902,2406"/>
                    <TextEquiv>
                        <Unicode>est</Unicode>
                    </TextEquiv>
                    <TextStyle fontFamily="Times New Roman" fontSize="9.5"/>
                </Word>
                <Word id="w_w2aab1c11b2b1c55ac47" language="English" custom="readingOrder {index:4;}">
                    <Coords points="993,2365 1284,2365 1284,2414 993,2414"/>
                    <TextEquiv>
                        <Unicode>manifestum,</Unicode>
                    </TextEquiv>
                    <TextStyle fontFamily="Times New Roman" fontSize="9.5"/>
                </Word>
                <Word id="w_w2aab1c11b2b1c55ac71" language="English" custom="readingOrder {index:5;}">
                    <Coords points="1331,2372 1371,2372 1371,2406 1331,2406"/>
                    <TextEquiv>
                        <Unicode>et</Unicode>
                    </TextEquiv>
                    <TextStyle fontFamily="Times New Roman" fontSize="9.5"/>
                </Word>
                <TextEquiv>
                    <Unicode>currendo per omnes est manifestum, et</Unicode>
                </TextEquiv>
                <TextStyle fontFamily="Times New Roman" fontSize="9.5"/>
            </TextLine>
            <TextLine id="tl_45" primaryLanguage="English" custom="readingOrder {index:28;}">
                <Coords points="358,2442 1368,2442 1368,2496 358,2496"/>
                <Baseline points="358,2484 582,2482 803,2481 1095,2489 1231,2482 1368,2472"/>
                <Word id="w_w2aab1c11b2b1c57ab1" language="English" custom="readingOrder {index:0;}">
                    <Coords points="358,2446 582,2446 582,2496 358,2496"/>
                    <TextEquiv>
                        <Unicode>speciatim</Unicode>
                    </TextEquiv>
                    <TextStyle fontFamily="Times New Roman" fontSize="9.5"/>
                </Word>
                <Word id="w_w2aab1c11b2b1c57ac21" language="English" custom="readingOrder {index:1;}">
                    <Coords points="609,2443 803,2443 803,2482 609,2482"/>
                    <TextEquiv>
                        <Unicode>doctrina</Unicode>
                    </TextEquiv>
                    <TextStyle fontFamily="Times New Roman" fontSize="9.5"/>
                </Word>
                <Word id="w_w2aab1c11b2b1c57ac39" language="English" custom="readingOrder {index:2;}">
                    <Coords points="833,2442 1095,2442 1095,2489 833,2489"/>
                    <TextEquiv>
                        <Unicode>Antichristi,</Unicode>
                    </TextEquiv>
                    <TextStyle fontFamily="Times New Roman" fontSize="9.5"/>
                </Word>
                <Word id="w_w2aab1c11b2b1c57ac65" language="English" custom="readingOrder {index:3;}">
                    <Coords points="1140,2453 1231,2453 1231,2493 1140,2493"/>
                    <TextEquiv>
                        <Unicode>quae</Unicode>
                    </TextEquiv>
                    <TextStyle fontFamily="Times New Roman" fontSize="9.5"/>
                </Word>
                <Word id="w_w2aab1c11b2b1c57ac75" language="English" custom="readingOrder {index:4;}">
                    <Coords points="1276,2453 1368,2453 1368,2482 1276,2482"/>
                    <TextEquiv>
                        <Unicode>ma¬</Unicode>
                    </TextEquiv>
                    <TextStyle fontFamily="Times New Roman" fontSize="9.5"/>
                </Word>
                <TextEquiv>
                    <Unicode>speciatim doctrina Antichristi, quae ma¬</Unicode>
                </TextEquiv>
                <TextStyle fontFamily="Times New Roman" fontSize="9.5"/>
            </TextLine>
            <TextLine id="tl_46" primaryLanguage="English" custom="readingOrder {index:29;}">
                <Coords points="358,2517 1365,2517 1365,2569 358,2569"/>
                <Baseline points="358,2560 469,2560 698,2557 1047,2556 1216,2565 1365,2548"/>
                <Word id="w_w2aab1c11b2b1c59ab1" language="English" custom="readingOrder {index:0;}">
                    <Coords points="358,2522 469,2522 469,2560 358,2560"/>
                    <TextEquiv>
                        <Unicode>xime</Unicode>
                    </TextEquiv>
                    <TextStyle fontFamily="Times New Roman" fontSize="9.5"/>
                </Word>
                <Word id="w_w2aab1c11b2b1c59ac11" language="English" custom="readingOrder {index:1;}">
                    <Coords points="508,2519 698,2519 698,2560 508,2560"/>
                    <TextEquiv>
                        <Unicode>omnium</Unicode>
                    </TextEquiv>
                    <TextStyle fontFamily="Times New Roman" fontSize="9.5"/>
                </Word>
                <Word id="w_w2aab1c11b2b1c59ac25" language="English" custom="readingOrder {index:2;}">
                    <Coords points="729,2517 1047,2517 1047,2558 729,2558"/>
                    <TextEquiv>
                        <Unicode>confirmabitur</Unicode>
                    </TextEquiv>
                    <TextStyle fontFamily="Times New Roman" fontSize="9.5"/>
                </Word>
                <Word id="w_w2aab1c11b2b1c59ac53" language="English" custom="readingOrder {index:3;}">
                    <Coords points="1066,2519 1216,2519 1216,2569 1066,2569"/>
                    <TextEquiv>
                        <Unicode>signis,</Unicode>
                    </TextEquiv>
                    <TextStyle fontFamily="Times New Roman" fontSize="9.5"/>
                </Word>
                <Word id="w_w2aab1c11b2b1c59ac69" language="English" custom="readingOrder {index:4;}">
                    <Coords points="1259,2518 1365,2518 1365,2558 1259,2558"/>
                    <TextEquiv>
                        <Unicode>defi¬</Unicode>
                    </TextEquiv>
                    <TextStyle fontFamily="Times New Roman" fontSize="9.5"/>
                </Word>
                <TextEquiv>
                    <Unicode>xime omnium confirmabitur signis, defi¬</Unicode>
                </TextEquiv>
                <TextStyle fontFamily="Times New Roman" fontSize="9.5"/>
            </TextLine>
            <TextLine id="tl_47" primaryLanguage="English" custom="readingOrder {index:30;}">
                <Coords points="358,2592 1368,2592 1368,2636 358,2636"/>
                <Baseline points="358,2636 441,2636 513,2634 797,2633 1155,2632 1256,2633 1368,2624"/>
                <Word id="w_w2aab1c11b2b1c61ab1" language="English" custom="readingOrder {index:0;}">
                    <Coords points="358,2598 441,2598 441,2636 358,2636"/>
                    <TextEquiv>
                        <Unicode>ciet</Unicode>
                    </TextEquiv>
                    <TextStyle fontFamily="Times New Roman" fontSize="9.5"/>
                </Word>
                <Word id="w_w2aab1c11b2b1c61ac11" language="English" custom="readingOrder {index:1;}">
                    <Coords points="470,2597 513,2597 513,2634 470,2634"/>
                    <TextEquiv>
                        <Unicode>in</Unicode>
                    </TextEquiv>
                    <TextStyle fontFamily="Times New Roman" fontSize="9.5"/>
                </Word>
                <Word id="w_w2aab1c11b2b1c61ac17" language="English" custom="readingOrder {index:2;}">
                    <Coords points="552,2595 797,2595 797,2635 552,2635"/>
                    <TextEquiv>
                        <Unicode>conditione</Unicode>
                    </TextEquiv>
                    <TextStyle fontFamily="Times New Roman" fontSize="9.5"/>
                </Word>
                <Word id="w_w2aab1c11b2b1c61ac39" language="English" custom="readingOrder {index:3;}">
                    <Coords points="851,2592 1155,2592 1155,2633 851,2633"/>
                    <TextEquiv>
                        <Unicode>conformitatis</Unicode>
                    </TextEquiv>
                    <TextStyle fontFamily="Times New Roman" fontSize="9.5"/>
                </Word>
                <Word id="w_w2aab1c11b2b1c61ac67" language="English" custom="readingOrder {index:4;}">
                    <Coords points="1201,2593 1256,2593 1256,2633 1201,2633"/>
                    <TextEquiv>
                        <Unicode>ad</Unicode>
                    </TextEquiv>
                    <TextStyle fontFamily="Times New Roman" fontSize="9.5"/>
                </Word>
                <Word id="w_w2aab1c11b2b1c61ac73" language="English" custom="readingOrder {index:5;}">
                    <Coords points="1291,2595 1368,2595 1368,2634 1291,2634"/>
                    <TextEquiv>
                        <Unicode>do¬</Unicode>
                    </TextEquiv>
                    <TextStyle fontFamily="Times New Roman" fontSize="9.5"/>
                </Word>
                <TextEquiv>
                    <Unicode>ciet in conditione conformitatis ad do¬</Unicode>
                </TextEquiv>
                <TextStyle fontFamily="Times New Roman" fontSize="9.5"/>
            </TextLine>
            <TextLine id="tl_48" primaryLanguage="English" custom="readingOrder {index:31;}">
                <Coords points="358,2671 1368,2671 1368,2719 358,2719"/>
                <Baseline points="358,2712 536,2709 743,2717 869,2708 1022,2707 1267,2709 1368,2710"/>
                <Word id="w_w2aab1c11b2b1c63ab1" language="English" custom="readingOrder {index:0;}">
                    <Coords points="358,2673 536,2673 536,2712 358,2712"/>
                    <TextEquiv>
                        <Unicode>ctrinam</Unicode>
                    </TextEquiv>
                    <TextStyle fontFamily="Times New Roman" fontSize="9.5"/>
                </Word>
                <Word id="w_w2aab1c11b2b1c63ac17" language="English" custom="readingOrder {index:1;}">
                    <Coords points="577,2671 743,2671 743,2717 577,2717"/>
                    <TextEquiv>
                        <Unicode>Christi,</Unicode>
                    </TextEquiv>
                    <TextStyle fontFamily="Times New Roman" fontSize="9.5"/>
                </Word>
                <Word id="w_w2aab1c11b2b1c63ac35" language="English" custom="readingOrder {index:2;}">
                    <Coords points="776,2680 869,2680 869,2719 776,2719"/>
                    <TextEquiv>
                        <Unicode>quae</Unicode>
                    </TextEquiv>
                    <TextStyle fontFamily="Times New Roman" fontSize="9.5"/>
                </Word>
                <Word id="w_w2aab1c11b2b1c63ac45" language="English" custom="readingOrder {index:3;}">
                    <Coords points="913,2671 1022,2671 1022,2719 913,2719"/>
                    <TextEquiv>
                        <Unicode>aequi</Unicode>
                    </TextEquiv>
                    <TextStyle fontFamily="Times New Roman" fontSize="9.5"/>
                </Word>
                <Word id="w_w2aab1c11b2b1c63ac57" language="English" custom="readingOrder {index:4;}">
                    <Coords points="1027,2671 1267,2671 1267,2710 1027,2710"/>
                    <TextEquiv>
                        <Unicode>valentibus</Unicode>
                    </TextEquiv>
                    <TextStyle fontFamily="Times New Roman" fontSize="9.5"/>
                </Word>
                <Word id="w_w2aab1c11b2b1c63ac79" language="English" custom="readingOrder {index:5;}">
                    <Coords points="1313,2671 1368,2671 1368,2710 1313,2710"/>
                    <TextEquiv>
                        <Unicode>ad</Unicode>
                    </TextEquiv>
                    <TextStyle fontFamily="Times New Roman" fontSize="9.5"/>
                </Word>
                <TextEquiv>
                    <Unicode>ctrinam Christi, quae aequi valentibus ad</Unicode>
                </TextEquiv>
                <TextStyle fontFamily="Times New Roman" fontSize="9.5"/>
            </TextLine>
            <TextLine id="tl_49" primaryLanguage="English" custom="readingOrder {index:32;}">
                <Coords points="356,2743 1368,2743 1368,2795 356,2795"/>
                <Baseline points="356,2784 493,2784 667,2782 966,2782 1068,2791 1134,2781 1196,2781 1368,2772"/>
                <Word id="w_w2aab1c11b2b1c65ab1" language="English" custom="readingOrder {index:0;}">
                    <Coords points="356,2747 493,2747 493,2784 356,2784"/>
                    <TextEquiv>
                        <Unicode>minus</Unicode>
                    </TextEquiv>
                    <TextStyle fontFamily="Times New Roman" fontSize="9.5"/>
                </Word>
                <Word id="w_w2aab1c11b2b1c65ac13" language="English" custom="readingOrder {index:1;}">
                    <Coords points="533,2743 667,2743 667,2795 533,2795"/>
                    <TextEquiv>
                        <Unicode>signis</Unicode>
                    </TextEquiv>
                    <TextStyle fontFamily="Times New Roman" fontSize="9.5"/>
                </Word>
                <Word id="w_w2aab1c11b2b1c65ac27" language="English" custom="readingOrder {index:2;}">
                    <Coords points="689,2743 966,2743 966,2792 689,2792"/>
                    <TextEquiv>
                        <Unicode>comprobata</Unicode>
                    </TextEquiv>
                    <TextStyle fontFamily="Times New Roman" fontSize="9.5"/>
                </Word>
                <Word id="w_w2aab1c11b2b1c65ac49" language="English" custom="readingOrder {index:3;}">
                    <Coords points="989,2746 1068,2746 1068,2791 989,2791"/>
                    <TextEquiv>
                        <Unicode>est,</Unicode>
                    </TextEquiv>
                    <TextStyle fontFamily="Times New Roman" fontSize="9.5"/>
                </Word>
                <Word id="w_w2aab1c11b2b1c65ac59" language="English" custom="readingOrder {index:4;}">
                    <Coords points="1092,2746 1134,2746 1134,2782 1092,2782"/>
                    <TextEquiv>
                        <Unicode>et</Unicode>
                    </TextEquiv>
                    <TextStyle fontFamily="Times New Roman" fontSize="9.5"/>
                </Word>
                <Word id="w_w2aab1c11b2b1c65ac65" language="English" custom="readingOrder {index:5;}">
                    <Coords points="1154,2745 1196,2745 1196,2781 1154,2781"/>
                    <TextEquiv>
                        <Unicode>in</Unicode>
                    </TextEquiv>
                    <TextStyle fontFamily="Times New Roman" fontSize="9.5"/>
                </Word>
                <Word id="w_w2aab1c11b2b1c65ac71" language="English" custom="readingOrder {index:6;}">
                    <Coords points="1227,2744 1368,2744 1368,2783 1227,2783"/>
                    <TextEquiv>
                        <Unicode>diffor-</Unicode>
                    </TextEquiv>
                    <TextStyle fontFamily="Times New Roman" fontSize="9.5"/>
                </Word>
                <TextEquiv>
                    <Unicode>minus signis comprobata est, et in diffor-</Unicode>
                </TextEquiv>
                <TextStyle fontFamily="Times New Roman" fontSize="9.5"/>
            </TextLine>
            <TextLine id="tl_50" primaryLanguage="English" custom="readingOrder {index:33;}">
                <Coords points="357,2820 1370,2820 1370,2870 357,2870"/>
                <Baseline points="357,2861 502,2860 592,2859 772,2857 1019,2866 1151,2858 1370,2861"/>
                <Word id="w_w2aab1c11b2b1c67ab1" language="English" custom="readingOrder {index:0;}">
                    <Coords points="357,2823 502,2823 502,2861 357,2861"/>
                    <TextEquiv>
                        <Unicode>mitate</Unicode>
                    </TextEquiv>
                    <TextStyle fontFamily="Times New Roman" fontSize="9.5"/>
                </Word>
                <Word id="w_w2aab1c11b2b1c67ac15" language="English" custom="readingOrder {index:1;}">
                    <Coords points="541,2820 592,2820 592,2860 541,2860"/>
                    <TextEquiv>
                        <Unicode>ad</Unicode>
                    </TextEquiv>
                    <TextStyle fontFamily="Times New Roman" fontSize="9.5"/>
                </Word>
                <Word id="w_w2aab1c11b2b1c67ac21" language="English" custom="readingOrder {index:2;}">
                    <Coords points="611,2822 772,2822 772,2859 611,2859"/>
                    <TextEquiv>
                        <Unicode>rectam</Unicode>
                    </TextEquiv>
                    <TextStyle fontFamily="Times New Roman" fontSize="9.5"/>
                </Word>
                <Word id="w_w2aab1c11b2b1c67ac35" language="English" custom="readingOrder {index:3;}">
                    <Coords points="794,2821 1019,2821 1019,2866 794,2866"/>
                    <TextEquiv>
                        <Unicode>rationem,</Unicode>
                    </TextEquiv>
                    <TextStyle fontFamily="Times New Roman" fontSize="9.5"/>
                </Word>
                <Word id="w_w2aab1c11b2b1c67ac55" language="English" custom="readingOrder {index:4;}">
                    <Coords points="1054,2820 1151,2820 1151,2870 1054,2870"/>
                    <TextEquiv>
                        <Unicode>quia</Unicode>
                    </TextEquiv>
                    <TextStyle fontFamily="Times New Roman" fontSize="9.5"/>
                </Word>
                <Word id="w_w2aab1c11b2b1c67ac65" language="English" custom="readingOrder {index:5;}">
                    <Coords points="1171,2821 1370,2821 1370,2861 1171,2861"/>
                    <TextEquiv>
                        <Unicode>suadebit</Unicode>
                    </TextEquiv>
                    <TextStyle fontFamily="Times New Roman" fontSize="9.5"/>
                </Word>
                <TextEquiv>
                    <Unicode>mitate ad rectam rationem, quia suadebit</Unicode>
                </TextEquiv>
                <TextStyle fontFamily="Times New Roman" fontSize="9.5"/>
            </TextLine>
            <TextLine id="tl_51" primaryLanguage="English" custom="readingOrder {index:34;}">
                <Coords points="357,2896 820,2896 820,2945 357,2945"/>
                <Baseline points="357,2938 582,2935 648,2935 820,2934"/>
                <Word id="w_w2aab1c11b2b1c69ab1" language="English" custom="readingOrder {index:0;}">
                    <Coords points="357,2898 582,2898 582,2938 357,2938"/>
                    <TextEquiv>
                        <Unicode>inhonesta</Unicode>
                    </TextEquiv>
                    <TextStyle fontFamily="Times New Roman" fontSize="9.5"/>
                </Word>
                <Word id="w_w2aab1c11b2b1c69ac21" language="English" custom="readingOrder {index:1;}">
                    <Coords points="605,2899 648,2899 648,2935 605,2935"/>
                    <TextEquiv>
                        <Unicode>et</Unicode>
                    </TextEquiv>
                    <TextStyle fontFamily="Times New Roman" fontSize="9.5"/>
                </Word>
                <Word id="w_w2aab1c11b2b1c69ac27" language="English" custom="readingOrder {index:2;}">
                    <Coords points="668,2896 820,2896 820,2945 668,2945"/>
                    <TextEquiv>
                        <Unicode>turpia.</Unicode>
                    </TextEquiv>
                    <TextStyle fontFamily="Times New Roman" fontSize="9.5"/>
                </Word>
                <TextEquiv>
                    <Unicode>inhonesta et turpia.</Unicode>
                </TextEquiv>
                <TextStyle fontFamily="Times New Roman" fontSize="9.5"/>
            </TextLine>
            <TextEquiv>
                <Unicode>Ilaque non sufficiunt quoecumque signa
facta in confirmationem doclrinte ad eam
confirmandam, sed examinanda} sunt
circumstantia}, et specialiter videndum est,
utrum doctrina sic confirmata, aut ex se
tendat in malum, aut contraria sit do¬
ctrina}, aliis aequivalenlibus aut majoribus
signis confirmata}. Quod si alterum horum
contingat, vel lioc ipso Deus sufficienter
declarat iis signis non esse credendum,
sin neutrum ex his accedat, nec aliquod
aliud indicium falsi tatis, omnino sunt
sufficientia signa verae doctrinae, et mo¬
vere possunt prudenter ad fidem; nec
qui iis duceretur, levis esset corde, ut di¬
citur esse qui cito credit, Eccl. 19. In
proposito autem nostro illa quam profi¬
temur doctrina, confirmata est signis et
miraculis multis, nec in se continet ali¬
quid mali, nec contraria est ulli doctrinae
aequivalentibus signis confirmatae, nec
aliunde ex ullo capite constat, quod his
signis non sit credendum, ut patet; ergo
signa illa sufficiunt ad ejus confirmatio¬
nem. Quaecumque vero alia doctrina, quae
asseri potest ullis signis confirmata, in
aliqua ex his conditionibus deficit, ut dis¬
currendo per omnes est manifestum, et
speciatim doctrina Antichristi, quae ma¬
xime omnium confirmabitur signis, defi¬
ciet in conditione conformitatis ad do¬
ctrinam Christi, quae aequi valentibus ad
minus signis comprobata est, et in diffor-
mitate ad rectam rationem, quia suadebit
inhonesta et turpia.</Unicode>
            </TextEquiv>
        </TextRegion>
        <TextRegion type="paragraph" id="r_6_2" custom="readingOrder {index:1;}">
            <Coords points="352,2969 1371,2969 1371,3633 352,3633"/>
            <TextLine id="tl_52" primaryLanguage="English" custom="readingOrder {index:0;}">
                <Coords points="408,2970 1364,2970 1364,3023 408,3023"/>
                <Baseline points="408,3013 658,3011 878,3010 1008,3010 1129,3011 1259,3012 1364,3001"/>
                <Word id="w_w2aab1c11b2b3b1ab1" language="English" custom="readingOrder {index:0;}">
                    <Coords points="408,2972 658,2972 658,3023 408,3023"/>
                    <TextEquiv>
                        <Unicode>Respondet</Unicode>
                    </TextEquiv>
                    <TextStyle fontFamily="Times New Roman" fontSize="9.5"/>
                </Word>
                <Word id="w_w2aab1c11b2b3b1ac21" language="English" custom="readingOrder {index:1;}">
                    <Coords points="686,2971 878,2971 878,3011 686,3011"/>
                    <TextEquiv>
                        <Unicode>secundo</Unicode>
                    </TextEquiv>
                    <TextStyle fontFamily="Times New Roman" fontSize="9.5"/>
                </Word>
                <Word id="w_w2aab1c11b2b3b1ac37" language="English" custom="readingOrder {index:2;}">
                    <Coords points="921,2982 1008,2982 1008,3010 921,3010"/>
                    <TextEquiv>
                        <Unicode>non</Unicode>
                    </TextEquiv>
                    <TextStyle fontFamily="Times New Roman" fontSize="9.5"/>
                </Word>
                <Word id="w_w2aab1c11b2b3b1ac45" language="English" custom="readingOrder {index:3;}">
                    <Coords points="1035,2970 1129,2970 1129,3011 1035,3011"/>
                    <TextEquiv>
                        <Unicode>fieri</Unicode>
                    </TextEquiv>
                    <TextStyle fontFamily="Times New Roman" fontSize="9.5"/>
                </Word>
                <Word id="w_w2aab1c11b2b3b1ac57" language="English" custom="readingOrder {index:4;}">
                    <Coords points="1164,2973 1259,2973 1259,3012 1164,3012"/>
                    <TextEquiv>
                        <Unicode>talia</Unicode>
                    </TextEquiv>
                    <TextStyle fontFamily="Times New Roman" fontSize="9.5"/>
                </Word>
                <Word id="w_w2aab1c11b2b3b1ac69" language="English" custom="readingOrder {index:5;}">
                    <Coords points="1287,2973 1364,2973 1364,3012 1287,3012"/>
                    <TextEquiv>
                        <Unicode>mi¬</Unicode>
                    </TextEquiv>
                    <TextStyle fontFamily="Times New Roman" fontSize="9.5"/>
                </Word>
                <TextEquiv>
                    <Unicode>Respondet secundo non fieri talia mi¬</Unicode>
                </TextEquiv>
                <TextStyle fontFamily="Times New Roman" fontSize="9.5"/>
            </TextLine>
            <TextLine id="tl_53" primaryLanguage="English" custom="readingOrder {index:1;}">
                <Coords points="353,3049 1368,3049 1368,3100 353,3100"/>
                <Baseline points="353,3090 501,3089 563,3088 798,3087 902,3088 1204,3096 1368,3088"/>
                <Word id="w_w2aab1c11b2b3b3ab1" language="English" custom="readingOrder {index:0;}">
                    <Coords points="353,3051 501,3051 501,3090 353,3090"/>
                    <TextEquiv>
                        <Unicode>racula</Unicode>
                    </TextEquiv>
                    <TextStyle fontFamily="Times New Roman" fontSize="9.5"/>
                </Word>
                <Word id="w_w2aab1c11b2b3b3ac15" language="English" custom="readingOrder {index:1;}">
                    <Coords points="540,3061 563,3061 563,3088 540,3088"/>
                    <TextEquiv>
                        <Unicode>a</Unicode>
                    </TextEquiv>
                    <TextStyle fontFamily="Times New Roman" fontSize="9.5"/>
                </Word>
                <Word id="w_w2aab1c11b2b3b3ac19" language="English" custom="readingOrder {index:2;}">
                    <Coords points="605,3049 798,3049 798,3088 605,3088"/>
                    <TextEquiv>
                        <Unicode>daemone</Unicode>
                    </TextEquiv>
                    <TextStyle fontFamily="Times New Roman" fontSize="9.5"/>
                </Word>
                <Word id="w_w2aab1c11b2b3b3ac35" language="English" custom="readingOrder {index:3;}">
                    <Coords points="831,3052 902,3052 902,3088 831,3088"/>
                    <TextEquiv>
                        <Unicode>aut</Unicode>
                    </TextEquiv>
                    <TextStyle fontFamily="Times New Roman" fontSize="9.5"/>
                </Word>
                <Word id="w_w2aab1c11b2b3b3ac43" language="English" custom="readingOrder {index:4;}">
                    <Coords points="931,3049 1204,3049 1204,3096 931,3096"/>
                    <TextEquiv>
                        <Unicode>Antichristo,</Unicode>
                    </TextEquiv>
                    <TextStyle fontFamily="Times New Roman" fontSize="9.5"/>
                </Word>
                <Word id="w_w2aab1c11b2b3b3ac69" language="English" custom="readingOrder {index:5;}">
                    <Coords points="1228,3050 1368,3050 1368,3100 1228,3100"/>
                    <TextEquiv>
                        <Unicode>qualia</Unicode>
                    </TextEquiv>
                    <TextStyle fontFamily="Times New Roman" fontSize="9.5"/>
                </Word>
                <TextEquiv>
                    <Unicode>racula a daemone aut Antichristo, qualia</Unicode>
                </TextEquiv>
                <TextStyle fontFamily="Times New Roman" fontSize="9.5"/>
            </TextLine>
            <TextLine id="tl_54" primaryLanguage="English" custom="readingOrder {index:2;}">
                <Coords points="355,3124 1368,3124 1368,3176 355,3176"/>
                <Baseline points="355,3167 455,3166 546,3164 660,3164 788,3163 909,3163 970,3163 1368,3164"/>
                <Word id="w_w2aab1c11b2b3b5ab1" language="English" custom="readingOrder {index:0;}">
                    <Coords points="355,3130 455,3130 455,3167 355,3167"/>
                    <TextEquiv>
                        <Unicode>sunt</Unicode>
                    </TextEquiv>
                    <TextStyle fontFamily="Times New Roman" fontSize="9.5"/>
                </Word>
                <Word id="w_w2aab1c11b2b3b5ac11" language="English" custom="readingOrder {index:1;}">
                    <Coords points="474,3127 546,3127 546,3165 474,3165"/>
                    <TextEquiv>
                        <Unicode>illa</Unicode>
                    </TextEquiv>
                    <TextStyle fontFamily="Times New Roman" fontSize="9.5"/>
                </Word>
                <Word id="w_w2aab1c11b2b3b5ac21" language="English" custom="readingOrder {index:2;}">
                    <Coords points="568,3136 660,3136 660,3176 568,3176"/>
                    <TextEquiv>
                        <Unicode>quae</Unicode>
                    </TextEquiv>
                    <TextStyle fontFamily="Times New Roman" fontSize="9.5"/>
                </Word>
                <Word id="w_w2aab1c11b2b3b5ac31" language="English" custom="readingOrder {index:3;}">
                    <Coords points="680,3124 788,3124 788,3164 680,3164"/>
                    <TextEquiv>
                        <Unicode>facta</Unicode>
                    </TextEquiv>
                    <TextStyle fontFamily="Times New Roman" fontSize="9.5"/>
                </Word>
                <Word id="w_w2aab1c11b2b3b5ac43" language="English" custom="readingOrder {index:4;}">
                    <Coords points="807,3128 909,3128 909,3163 807,3163"/>
                    <TextEquiv>
                        <Unicode>sunt</Unicode>
                    </TextEquiv>
                    <TextStyle fontFamily="Times New Roman" fontSize="9.5"/>
                </Word>
                <Word id="w_w2aab1c11b2b3b5ac53" language="English" custom="readingOrder {index:5;}">
                    <Coords points="926,3124 970,3124 970,3163 926,3163"/>
                    <TextEquiv>
                        <Unicode>in</Unicode>
                    </TextEquiv>
                    <TextStyle fontFamily="Times New Roman" fontSize="9.5"/>
                </Word>
                <Word id="w_w2aab1c11b2b3b5ac59" language="English" custom="readingOrder {index:6;}">
                    <Coords points="1001,3125 1368,3125 1368,3165 1001,3165"/>
                    <TextEquiv>
                        <Unicode>confirmationem</Unicode>
                    </TextEquiv>
                    <TextStyle fontFamily="Times New Roman" fontSize="9.5"/>
                </Word>
                <TextEquiv>
                    <Unicode>sunt illa quae facta sunt in confirmationem</Unicode>
                </TextEquiv>
                <TextStyle fontFamily="Times New Roman" fontSize="9.5"/>
            </TextLine>
            <TextLine id="tl_55" primaryLanguage="English" custom="readingOrder {index:3;}">
                <Coords points="355,3200 1370,3200 1370,3248 355,3248"/>
                <Baseline points="355,3243 509,3241 754,3248 816,3240 1124,3240 1370,3241"/>
                <Word id="w_w2aab1c11b2b3b7ab1" language="English" custom="readingOrder {index:0;}">
                    <Coords points="355,3206 509,3206 509,3243 355,3243"/>
                    <TextEquiv>
                        <Unicode>nostrae</Unicode>
                    </TextEquiv>
                    <TextStyle fontFamily="Times New Roman" fontSize="9.5"/>
                </Word>
                <Word id="w_w2aab1c11b2b3b7ac17" language="English" custom="readingOrder {index:1;}">
                    <Coords points="531,3202 754,3202 754,3248 531,3248"/>
                    <TextEquiv>
                        <Unicode>doctrinae,</Unicode>
                    </TextEquiv>
                    <TextStyle fontFamily="Times New Roman" fontSize="9.5"/>
                </Word>
                <Word id="w_w2aab1c11b2b3b7ac39" language="English" custom="readingOrder {index:2;}">
                    <Coords points="775,3205 816,3205 816,3240 775,3240"/>
                    <TextEquiv>
                        <Unicode>et</Unicode>
                    </TextEquiv>
                    <TextStyle fontFamily="Times New Roman" fontSize="9.5"/>
                </Word>
                <Word id="w_w2aab1c11b2b3b7ac45" language="English" custom="readingOrder {index:3;}">
                    <Coords points="837,3200 1124,3200 1124,3240 837,3240"/>
                    <TextEquiv>
                        <Unicode>differentiam</Unicode>
                    </TextEquiv>
                    <TextStyle fontFamily="Times New Roman" fontSize="9.5"/>
                </Word>
                <Word id="w_w2aab1c11b2b3b7ac71" language="English" custom="readingOrder {index:4;}">
                    <Coords points="1156,3202 1370,3202 1370,3241 1156,3241"/>
                    <TextEquiv>
                        <Unicode>constituit</Unicode>
                    </TextEquiv>
                    <TextStyle fontFamily="Times New Roman" fontSize="9.5"/>
                </Word>
                <TextEquiv>
                    <Unicode>nostrae doctrinae, et differentiam constituit</Unicode>
                </TextEquiv>
                <TextStyle fontFamily="Times New Roman" fontSize="9.5"/>
            </TextLine>
            <TextLine id="tl_56" primaryLanguage="English" custom="readingOrder {index:4;}">
                <Coords points="357,3276 1369,3276 1369,3328 357,3328"/>
                <Baseline points="357,3318 407,3317 688,3316 765,3315 875,3315 1029,3316 1270,3316 1369,3317"/>
                <Word id="w_w2aab1c11b2b3b9ab1" language="English" custom="readingOrder {index:0;}">
                    <Coords points="357,3291 407,3291 407,3318 357,3318"/>
                    <TextEquiv>
                        <Unicode>ex</Unicode>
                    </TextEquiv>
                    <TextStyle fontFamily="Times New Roman" fontSize="9.5"/>
                </Word>
                <Word id="w_w2aab1c11b2b3b9ab7" language="English" custom="readingOrder {index:1;}">
                    <Coords points="446,3278 688,3278 688,3328 446,3328"/>
                    <TextEquiv>
                        <Unicode>Augustino</Unicode>
                    </TextEquiv>
                    <TextStyle fontFamily="Times New Roman" fontSize="9.5"/>
                </Word>
                <Word id="w_w2aab1c11b2b3b9ac27" language="English" custom="readingOrder {index:2;}">
                    <Coords points="722,3278 765,3278 765,3315 722,3315"/>
                    <TextEquiv>
                        <Unicode>in</Unicode>
                    </TextEquiv>
                    <TextStyle fontFamily="Times New Roman" fontSize="9.5"/>
                </Word>
                <Word id="w_w2aab1c11b2b3b9ac33" language="English" custom="readingOrder {index:3;}">
                    <Coords points="793,3276 875,3276 875,3315 793,3315"/>
                    <TextEquiv>
                        <Unicode>hoc</Unicode>
                    </TextEquiv>
                    <TextStyle fontFamily="Times New Roman" fontSize="9.5"/>
                </Word>
                <Word id="w_w2aab1c11b2b3b9ac41" language="English" custom="readingOrder {index:4;}">
                    <Coords points="913,3277 1029,3277 1029,3327 913,3327"/>
                    <TextEquiv>
                        <Unicode>quod</Unicode>
                    </TextEquiv>
                    <TextStyle fontFamily="Times New Roman" fontSize="9.5"/>
                </Word>
                <Word id="w_w2aab1c11b2b3b9ac51" language="English" custom="readingOrder {index:5;}">
                    <Coords points="1067,3277 1270,3277 1270,3317 1067,3317"/>
                    <TextEquiv>
                        <Unicode>miracula</Unicode>
                    </TextEquiv>
                    <TextStyle fontFamily="Times New Roman" fontSize="9.5"/>
                </Word>
                <Word id="w_w2aab1c11b2b3b9ac69" language="English" custom="readingOrder {index:6;}">
                    <Coords points="1298,3278 1369,3278 1369,3317 1298,3317"/>
                    <TextEquiv>
                        <Unicode>illa</Unicode>
                    </TextEquiv>
                    <TextStyle fontFamily="Times New Roman" fontSize="9.5"/>
                </Word>
                <TextEquiv>
                    <Unicode>ex Augustino in hoc quod miracula illa</Unicode>
                </TextEquiv>
                <TextStyle fontFamily="Times New Roman" fontSize="9.5"/>
            </TextLine>
            <TextLine id="tl_57" primaryLanguage="English" custom="readingOrder {index:5;}">
                <Coords points="358,3353 1366,3353 1366,3406 358,3406"/>
                <Baseline points="358,3406 450,3394 573,3393 791,3399 869,3390 1091,3392 1152,3391 1366,3400"/>
                <Word id="w_w2aab1c11b2b3c11ab1" language="English" custom="readingOrder {index:0;}">
                    <Coords points="358,3365 450,3365 450,3406 358,3406"/>
                    <TextEquiv>
                        <Unicode>quae</Unicode>
                    </TextEquiv>
                    <TextStyle fontFamily="Times New Roman" fontSize="9.5"/>
                </Word>
                <Word id="w_w2aab1c11b2b3c11ac11" language="English" custom="readingOrder {index:1;}">
                    <Coords points="477,3353 573,3353 573,3393 477,3393"/>
                    <TextEquiv>
                        <Unicode>facit</Unicode>
                    </TextEquiv>
                    <TextStyle fontFamily="Times New Roman" fontSize="9.5"/>
                </Word>
                <Word id="w_w2aab1c11b2b3c11ac23" language="English" custom="readingOrder {index:2;}">
                    <Coords points="611,3353 791,3353 791,3399 611,3399"/>
                    <TextEquiv>
                        <Unicode>daemon,</Unicode>
                    </TextEquiv>
                    <TextStyle fontFamily="Times New Roman" fontSize="9.5"/>
                </Word>
                <Word id="w_w2aab1c11b2b3c11ac39" language="English" custom="readingOrder {index:3;}">
                    <Coords points="827,3355 869,3355 869,3390 827,3390"/>
                    <TextEquiv>
                        <Unicode>et</Unicode>
                    </TextEquiv>
                    <TextStyle fontFamily="Times New Roman" fontSize="9.5"/>
                </Word>
                <Word id="w_w2aab1c11b2b3c11ac45" language="English" custom="readingOrder {index:4;}">
                    <Coords points="909,3353 1091,3353 1091,3392 909,3392"/>
                    <TextEquiv>
                        <Unicode>tendunt</Unicode>
                    </TextEquiv>
                    <TextStyle fontFamily="Times New Roman" fontSize="9.5"/>
                </Word>
                <Word id="w_w2aab1c11b2b3c11ac61" language="English" custom="readingOrder {index:5;}">
                    <Coords points="1110,3354 1152,3354 1152,3392 1110,3392"/>
                    <TextEquiv>
                        <Unicode>in</Unicode>
                    </TextEquiv>
                    <TextStyle fontFamily="Times New Roman" fontSize="9.5"/>
                </Word>
                <Word id="w_w2aab1c11b2b3c11ac67" language="English" custom="readingOrder {index:6;}">
                    <Coords points="1187,3355 1366,3355 1366,3400 1187,3400"/>
                    <TextEquiv>
                        <Unicode>malum,</Unicode>
                    </TextEquiv>
                    <TextStyle fontFamily="Times New Roman" fontSize="9.5"/>
                </Word>
                <TextEquiv>
                    <Unicode>quae facit daemon, et tendunt in malum,</Unicode>
                </TextEquiv>
                <TextStyle fontFamily="Times New Roman" fontSize="9.5"/>
            </TextLine>
            <TextLine id="tl_58" primaryLanguage="English" custom="readingOrder {index:6;}">
                <Coords points="354,3428 1367,3428 1367,3476 354,3476"/>
                <Baseline points="354,3470 680,3466 882,3466 1101,3476 1219,3467 1367,3459"/>
                <Word id="w_w2aab1c11b2b3c13ab1" language="English" custom="readingOrder {index:0;}">
                    <Coords points="354,3430 680,3430 680,3470 354,3470"/>
                    <TextEquiv>
                        <Unicode>admirationem</Unicode>
                    </TextEquiv>
                    <TextStyle fontFamily="Times New Roman" fontSize="9.5"/>
                </Word>
                <Word id="w_w2aab1c11b2b3c13ac27" language="English" custom="readingOrder {index:1;}">
                    <Coords points="719,3432 882,3432 882,3466 719,3466"/>
                    <TextEquiv>
                        <Unicode>tantum</Unicode>
                    </TextEquiv>
                    <TextStyle fontFamily="Times New Roman" fontSize="9.5"/>
                </Word>
                <Word id="w_w2aab1c11b2b3c13ac41" language="English" custom="readingOrder {index:2;}">
                    <Coords points="921,3428 1101,3428 1101,3476 921,3476"/>
                    <TextEquiv>
                        <Unicode>pariant,</Unicode>
                    </TextEquiv>
                    <TextStyle fontFamily="Times New Roman" fontSize="9.5"/>
                </Word>
                <Word id="w_w2aab1c11b2b3c13ac59" language="English" custom="readingOrder {index:3;}">
                    <Coords points="1132,3440 1219,3440 1219,3469 1132,3469"/>
                    <TextEquiv>
                        <Unicode>non</Unicode>
                    </TextEquiv>
                    <TextStyle fontFamily="Times New Roman" fontSize="9.5"/>
                </Word>
                <Word id="w_w2aab1c11b2b3c13ac67" language="English" custom="readingOrder {index:4;}">
                    <Coords points="1267,3430 1367,3430 1367,3468 1267,3468"/>
                    <TextEquiv>
                        <Unicode>affe¬</Unicode>
                    </TextEquiv>
                    <TextStyle fontFamily="Times New Roman" fontSize="9.5"/>
                </Word>
                <TextEquiv>
                    <Unicode>admirationem tantum pariant, non affe¬</Unicode>
                </TextEquiv>
                <TextStyle fontFamily="Times New Roman" fontSize="9.5"/>
            </TextLine>
            <TextLine id="tl_59" primaryLanguage="English" custom="readingOrder {index:7;}">
                <Coords points="355,3503 1368,3503 1368,3550 355,3550"/>
                <Baseline points="355,3545 469,3543 649,3542 714,3541 973,3550 1078,3542 1368,3535"/>
                <Word id="w_w2aab1c11b2b3c15ab1" language="English" custom="readingOrder {index:0;}">
                    <Coords points="355,3510 469,3510 469,3545 355,3545"/>
                    <TextEquiv>
                        <Unicode>ctum</Unicode>
                    </TextEquiv>
                    <TextStyle fontFamily="Times New Roman" fontSize="9.5"/>
                </Word>
                <Word id="w_w2aab1c11b2b3c15ac11" language="English" custom="readingOrder {index:1;}">
                    <Coords points="486,3506 649,3506 649,3544 486,3544"/>
                    <TextEquiv>
                        <Unicode>bonum</Unicode>
                    </TextEquiv>
                    <TextStyle fontFamily="Times New Roman" fontSize="9.5"/>
                </Word>
                <Word id="w_w2aab1c11b2b3c15ac23" language="English" custom="readingOrder {index:2;}">
                    <Coords points="672,3506 714,3506 714,3542 672,3542"/>
                    <TextEquiv>
                        <Unicode>et</Unicode>
                    </TextEquiv>
                    <TextStyle fontFamily="Times New Roman" fontSize="9.5"/>
                </Word>
                <Word id="w_w2aab1c11b2b3c15ac29" language="English" custom="readingOrder {index:3;}">
                    <Coords points="727,3503 973,3503 973,3550 727,3550"/>
                    <TextEquiv>
                        <Unicode>honestum,</Unicode>
                    </TextEquiv>
                    <TextStyle fontFamily="Times New Roman" fontSize="9.5"/>
                </Word>
                <Word id="w_w2aab1c11b2b3c15ac49" language="English" custom="readingOrder {index:4;}">
                    <Coords points="996,3514 1078,3514 1078,3542 996,3542"/>
                    <TextEquiv>
                        <Unicode>nec</Unicode>
                    </TextEquiv>
                    <TextStyle fontFamily="Times New Roman" fontSize="9.5"/>
                </Word>
                <Word id="w_w2aab1c11b2b3c15ac57" language="English" custom="readingOrder {index:5;}">
                    <Coords points="1099,3504 1368,3504 1368,3544 1099,3544"/>
                    <TextEquiv>
                        <Unicode>benevolen¬</Unicode>
                    </TextEquiv>
                    <TextStyle fontFamily="Times New Roman" fontSize="9.5"/>
                </Word>
                <TextEquiv>
                    <Unicode>ctum bonum et honestum, nec benevolen¬</Unicode>
                </TextEquiv>
                <TextStyle fontFamily="Times New Roman" fontSize="9.5"/>
            </TextLine>
            <TextLine id="tl_60" primaryLanguage="English" custom="readingOrder {index:8;}">
                <Coords points="353,3578 1369,3578 1369,3632 353,3632"/>
                <Baseline points="353,3622 454,3621 548,3620 778,3617 1072,3627 1168,3619 1369,3620"/>
                <Word id="w_w2aab1c11b2b3c17ab1" language="English" custom="readingOrder {index:0;}">
                    <Coords points="353,3582 454,3582 454,3622 353,3622"/>
                    <TextEquiv>
                        <Unicode>tiam</Unicode>
                    </TextEquiv>
                    <TextStyle fontFamily="Times New Roman" fontSize="9.5"/>
                </Word>
                <Word id="w_w2aab1c11b2b3c17ac11" language="English" custom="readingOrder {index:1;}">
                    <Coords points="500,3592 548,3592 548,3620 500,3620"/>
                    <TextEquiv>
                        <Unicode>ac</Unicode>
                    </TextEquiv>
                    <TextStyle fontFamily="Times New Roman" fontSize="9.5"/>
                </Word>
                <Word id="w_w2aab1c11b2b3c17ac17" language="English" custom="readingOrder {index:2;}">
                    <Coords points="595,3579 778,3579 778,3632 595,3632"/>
                    <TextEquiv>
                        <Unicode>gratiam</Unicode>
                    </TextEquiv>
                    <TextStyle fontFamily="Times New Roman" fontSize="9.5"/>
                </Word>
                <Word id="w_w2aab1c11b2b3c17ac33" language="English" custom="readingOrder {index:3;}">
                    <Coords points="826,3580 1072,3580 1072,3627 826,3627"/>
                    <TextEquiv>
                        <Unicode>conciliant,</Unicode>
                    </TextEquiv>
                    <TextStyle fontFamily="Times New Roman" fontSize="9.5"/>
                </Word>
                <Word id="w_w2aab1c11b2b3c17ac57" language="English" custom="readingOrder {index:4;}">
                    <Coords points="1121,3584 1168,3584 1168,3619 1121,3619"/>
                    <TextEquiv>
                        <Unicode>ut</Unicode>
                    </TextEquiv>
                    <TextStyle fontFamily="Times New Roman" fontSize="9.5"/>
                </Word>
                <Word id="w_w2aab1c11b2b3c17ac63" language="English" custom="readingOrder {index:5;}">
                    <Coords points="1203,3578 1369,3578 1369,3621 1203,3621"/>
                    <TextEquiv>
                        <Unicode>faciunt</Unicode>
                    </TextEquiv>
                    <TextStyle fontFamily="Times New Roman" fontSize="9.5"/>
                </Word>
                <TextEquiv>
                    <Unicode>tiam ac gratiam conciliant, ut faciunt</Unicode>
                </TextEquiv>
                <TextStyle fontFamily="Times New Roman" fontSize="9.5"/>
            </TextLine>
            <TextEquiv>
                <Unicode>Respondet secundo non fieri talia mi¬
racula a daemone aut Antichristo, qualia
sunt illa quae facta sunt in confirmationem
nostrae doctrinae, et differentiam constituit
ex Augustino in hoc quod miracula illa
quae facit daemon, et tendunt in malum,
admirationem tantum pariant, non affe¬
ctum bonum et honestum, nec benevolen¬
tiam ac gratiam conciliant, ut faciunt</Unicode>
            </TextEquiv>
        </TextRegion>
        <TextRegion type="paragraph" id="r_7_1" custom="readingOrder {index:2;}">
            <Coords points="1436,319 2449,319 2449,603 1436,603"/>
            <TextLine id="tl_61" primaryLanguage="English" custom="readingOrder {index:0;}">
                <Coords points="1439,320 2444,320 2444,368 1439,368"/>
                <Baseline points="1439,358 1641,358 1749,358 1824,358 2030,356 2308,365 2444,356"/>
                <Word id="w_w2aab1c13b2b1b1ab1" language="English" custom="readingOrder {index:0;}">
                    <Coords points="1439,320 1641,320 1641,360 1439,360"/>
                    <TextEquiv>
                        <Unicode>miracula</Unicode>
                    </TextEquiv>
                    <TextStyle fontFamily="Times New Roman" fontSize="9.5"/>
                </Word>
                <Word id="w_w2aab1c13b2b1b1ac19" language="English" custom="readingOrder {index:1;}">
                    <Coords points="1674,320 1749,320 1749,358 1674,358"/>
                    <TextEquiv>
                        <Unicode>Dei</Unicode>
                    </TextEquiv>
                    <TextStyle fontFamily="Times New Roman" fontSize="9.5"/>
                </Word>
                <Word id="w_w2aab1c13b2b1b1ac27" language="English" custom="readingOrder {index:2;}">
                    <Coords points="1782,320 1824,320 1824,359 1782,359"/>
                    <TextEquiv>
                        <Unicode>et</Unicode>
                    </TextEquiv>
                    <TextStyle fontFamily="Times New Roman" fontSize="9.5"/>
                </Word>
                <Word id="w_w2aab1c13b2b1b1ac33" language="English" custom="readingOrder {index:3;}">
                    <Coords points="1860,329 2030,329 2030,358 1860,358"/>
                    <TextEquiv>
                        <Unicode>suorum</Unicode>
                    </TextEquiv>
                    <TextStyle fontFamily="Times New Roman" fontSize="9.5"/>
                </Word>
                <Word id="w_w2aab1c13b2b1b1ac47" language="English" custom="readingOrder {index:4;}">
                    <Coords points="2061,327 2308,327 2308,365 2061,365"/>
                    <TextEquiv>
                        <Unicode>servorum;</Unicode>
                    </TextEquiv>
                    <TextStyle fontFamily="Times New Roman" fontSize="9.5"/>
                </Word>
                <Word id="w_w2aab1c13b2b1b1ac67" language="English" custom="readingOrder {index:5;}">
                    <Coords points="2347,325 2444,325 2444,368 2347,368"/>
                    <TextEquiv>
                        <Unicode>quae</Unicode>
                    </TextEquiv>
                    <TextStyle fontFamily="Times New Roman" fontSize="9.5"/>
                </Word>
                <TextEquiv>
                    <Unicode>miracula Dei et suorum servorum; quae</Unicode>
                </TextEquiv>
                <TextStyle fontFamily="Times New Roman" fontSize="9.5"/>
            </TextLine>
            <TextLine id="tl_62" primaryLanguage="English" custom="readingOrder {index:1;}">
                <Coords points="1438,394 2440,394 2440,444 1438,444"/>
                <Baseline points="1438,434 1459,434 1714,434 1864,434 2126,441 2268,432 2440,422"/>
                <Word id="w_w2aab1c13b2b1b3ab1" language="English" custom="readingOrder {index:0;}">
                    <Coords points="1438,395 1543,395 1543,434 1438,434"/>
                    <TextEquiv>
                        <Unicode>sane</Unicode>
                    </TextEquiv>
                    <TextStyle fontFamily="Times New Roman" fontSize="9.5"/>
                </Word>
                <Word id="w_w2aab1c13b2b1b3b1b1" language="English" custom="readingOrder {index:1;}">
                    <Coords points="1565,395 1804,395 1804,434 1565,434"/>
                    <TextEquiv>
                        <Unicode>differentia</Unicode>
                    </TextEquiv>
                    <TextStyle fontFamily="Times New Roman" fontSize="9.5"/>
                </Word>
                <Word id="w_w2aab1c13b2b1b3b2b1" language="English" custom="readingOrder {index:2;}">
                    <Coords points="1837,394 1922,394 1922,434 1837,434"/>
                    <TextEquiv>
                        <Unicode>non</Unicode>
                    </TextEquiv>
                    <TextStyle fontFamily="Times New Roman" fontSize="9.5"/>
                </Word>
                <Word id="w_w2aab1c13b2b1b3b3b1" language="English" custom="readingOrder {index:3;}">
                    <Coords points="1963,394 2126,394 2126,441 1963,441"/>
                    <TextEquiv>
                        <Unicode>dubito,</Unicode>
                    </TextEquiv>
                    <TextStyle fontFamily="Times New Roman" fontSize="9.5"/>
                </Word>
                <Word id="w_w2aab1c13b2b1b3b3c17" language="English" custom="readingOrder {index:4;}">
                    <Coords points="2167,395 2268,395 2268,444 2167,444"/>
                    <TextEquiv>
                        <Unicode>quin</Unicode>
                    </TextEquiv>
                    <TextStyle fontFamily="Times New Roman" fontSize="9.5"/>
                </Word>
                <Word id="w_w2aab1c13b2b1b3b3c27" language="English" custom="readingOrder {index:5;}">
                    <Coords points="2309,403 2440,403 2440,442 2309,442"/>
                    <TextEquiv>
                        <Unicode>expe¬</Unicode>
                    </TextEquiv>
                    <TextStyle fontFamily="Times New Roman" fontSize="9.5"/>
                </Word>
                <TextEquiv>
                    <Unicode>sane differentia non dubito, quin expe¬</Unicode>
                </TextEquiv>
            </TextLine>
            <TextLine id="tl_63" primaryLanguage="English" custom="readingOrder {index:2;}">
                <Coords points="1437,475 2448,475 2448,525 1437,525"/>
                <Baseline points="1437,514 1589,515 1804,515 2255,512 2448,512"/>
                <Word id="w_w2aab1c13b2b1b5ab1" language="English" custom="readingOrder {index:0;}">
                    <Coords points="1437,477 1589,477 1589,516 1437,516"/>
                    <TextEquiv>
                        <Unicode>rientia</Unicode>
                    </TextEquiv>
                    <TextStyle fontFamily="Times New Roman" fontSize="9.5"/>
                </Word>
                <Word id="w_w2aab1c13b2b1b5ac17" language="English" custom="readingOrder {index:1;}">
                    <Coords points="1609,479 1804,479 1804,516 1609,516"/>
                    <TextEquiv>
                        <Unicode>constare</Unicode>
                    </TextEquiv>
                    <TextStyle fontFamily="Times New Roman" fontSize="9.5"/>
                </Word>
                <Word id="w_w2aab1c13b2b1b5ac35" language="English" custom="readingOrder {index:2;}">
                    <Coords points="1818,475 2255,475 2255,525 1818,525"/>
                    <TextEquiv>
                        <Unicode>possetprobanlibus</Unicode>
                    </TextEquiv>
                    <TextStyle fontFamily="Times New Roman" fontSize="9.5"/>
                </Word>
                <Word id="w_w2aab1c13b2b1b5ac71" language="English" custom="readingOrder {index:3;}">
                    <Coords points="2267,478 2448,478 2448,524 2267,524"/>
                    <TextEquiv>
                        <Unicode>utraque</Unicode>
                    </TextEquiv>
                    <TextStyle fontFamily="Times New Roman" fontSize="9.5"/>
                </Word>
                <TextEquiv>
                    <Unicode>rientia constare possetprobanlibus utraque</Unicode>
                </TextEquiv>
                <TextStyle fontFamily="Times New Roman" fontSize="9.5"/>
            </TextLine>
            <TextLine id="tl_64" primaryLanguage="English" custom="readingOrder {index:3;}">
                <Coords points="1439,551 1576,551 1576,602 1439,602"/>
                <Baseline points="1439,588 1576,590"/>
                <Word id="w_w2aab1c13b2b1b7ab1" language="English" custom="readingOrder {index:0;}">
                    <Coords points="1439,551 1576,551 1576,602 1439,602"/>
                    <TextEquiv>
                        <Unicode>signa.</Unicode>
                    </TextEquiv>
                    <TextStyle fontFamily="Times New Roman" fontSize="9.5"/>
                </Word>
                <TextEquiv>
                    <Unicode>signa.</Unicode>
                </TextEquiv>
                <TextStyle fontFamily="Times New Roman" fontSize="9.5"/>
            </TextLine>
            <TextEquiv>
                <Unicode>miracula Dei et suorum servorum; quae
sane differentia non dubito, quin expe¬
rientia constare possetprobanlibus utraque
signa.</Unicode>
            </TextEquiv>
        </TextRegion>
        <TextRegion type="paragraph" id="TextRegion_1608058600230_110" custom="readingOrder {index:3;}">
            <Coords points="1436,617 2468,617 2468,2494 2455,3169 1439,3169 1436,1661"/>
            <TextLine id="line_1608058586677_82" primaryLanguage="English" custom="readingOrder {index:0;}">
                <Coords points="1491,618 2468,618 2468,676 1491,676"/>
                <Baseline points="1491,664 1739,664 1896,673 2065,664 2186,664 2395,662 2468,661"/>
                <Word id="w_w2aab1c13b2b3b1ab1" language="English" custom="readingOrder {index:0;}">
                    <Coords points="1491,625 1739,625 1739,676 1491,676"/>
                    <TextEquiv>
                        <Unicode>Respondet</Unicode>
                    </TextEquiv>
                    <TextStyle fontFamily="Times New Roman" fontSize="9.5"/>
                </Word>
                <Word id="w_w2aab1c13b2b3b1ac21" language="English" custom="readingOrder {index:1;}">
                    <Coords points="1763,627 1896,627 1896,673 1763,673"/>
                    <TextEquiv>
                        <Unicode>tertio,</Unicode>
                    </TextEquiv>
                    <TextStyle fontFamily="Times New Roman" fontSize="9.5"/>
                </Word>
                <Word id="w_w2aab1c13b2b3b1ac37" language="English" custom="readingOrder {index:2;}">
                    <Coords points="1927,626 2065,626 2065,676 1927,676"/>
                    <TextEquiv>
                        <Unicode>aliqua</Unicode>
                    </TextEquiv>
                    <TextStyle fontFamily="Times New Roman" fontSize="9.5"/>
                </Word>
                <Word id="w_w2aab1c13b2b3b1ac51" language="English" custom="readingOrder {index:3;}">
                    <Coords points="2091,635 2186,635 2186,664 2091,664"/>
                    <TextEquiv>
                        <Unicode>esse</Unicode>
                    </TextEquiv>
                    <TextStyle fontFamily="Times New Roman" fontSize="9.5"/>
                </Word>
                <Word id="w_w2aab1c13b2b3b1ac61" language="English" custom="readingOrder {index:4;}">
                    <Coords points="2220,624 2440,624 2440,669 2220,669"/>
                    <TextEquiv>
                        <Unicode>miracula,</Unicode>
                    </TextEquiv>
                    <TextStyle fontFamily="Times New Roman" fontSize="9.5"/>
                </Word>
                <TextEquiv>
                    <Unicode>Respondet tertio, aliqua esse miracula, 29. '</Unicode>
                </TextEquiv>
            </TextLine>
            <TextLine id="tl_66" primaryLanguage="English" custom="readingOrder {index:1;}">
                <Coords points="1440,699 2446,699 2446,750 1440,750"/>
                <Baseline points="1440,750 1536,738 1678,738 1806,738 1867,739 2277,738 2446,738"/>
                <Word id="w_w2aab1c13b2b3b3ab1" language="English" custom="readingOrder {index:0;}">
                    <Coords points="1440,710 1536,710 1536,750 1440,750"/>
                    <TextEquiv>
                        <Unicode>quae</Unicode>
                    </TextEquiv>
                    <TextStyle fontFamily="Times New Roman" fontSize="9.5"/>
                </Word>
                <Word id="w_w2aab1c13b2b3b3ac11" language="English" custom="readingOrder {index:1;}">
                    <Coords points="1567,699 1678,699 1678,739 1567,739"/>
                    <TextEquiv>
                        <Unicode>facta</Unicode>
                    </TextEquiv>
                    <TextStyle fontFamily="Times New Roman" fontSize="9.5"/>
                </Word>
                <Word id="w_w2aab1c13b2b3b3ac23" language="English" custom="readingOrder {index:2;}">
                    <Coords points="1707,704 1806,704 1806,739 1707,739"/>
                    <TextEquiv>
                        <Unicode>sunt</Unicode>
                    </TextEquiv>
                    <TextStyle fontFamily="Times New Roman" fontSize="9.5"/>
                </Word>
                <Word id="w_w2aab1c13b2b3b3ac33" language="English" custom="readingOrder {index:3;}">
                    <Coords points="1825,701 1867,701 1867,739 1825,739"/>
                    <TextEquiv>
                        <Unicode>in</Unicode>
                    </TextEquiv>
                    <TextStyle fontFamily="Times New Roman" fontSize="9.5"/>
                </Word>
                <Word id="w_w2aab1c13b2b3b3ac39" language="English" custom="readingOrder {index:4;}">
                    <Coords points="1911,699 2277,699 2277,740 1911,740"/>
                    <TextEquiv>
                        <Unicode>confirmationem</Unicode>
                    </TextEquiv>
                    <TextStyle fontFamily="Times New Roman" fontSize="9.5"/>
                </Word>
                <Word id="w_w2aab1c13b2b3b3ac69" language="English" custom="readingOrder {index:5;}">
                    <Coords points="2293,702 2446,702 2446,738 2293,738"/>
                    <TextEquiv>
                        <Unicode>nostrae</Unicode>
                    </TextEquiv>
                    <TextStyle fontFamily="Times New Roman" fontSize="9.5"/>
                </Word>
                <TextEquiv>
                    <Unicode>quae facta sunt in confirmationem nostrae</Unicode>
                </TextEquiv>
                <TextStyle fontFamily="Times New Roman" fontSize="9.5"/>
            </TextLine>
            <TextLine id="line_1608058586680_84" primaryLanguage="English" custom="readingOrder {index:2;}">
                <Coords points="1441,751 2468,751 2468,836 1441,836"/>
                <Baseline points="1441,814 1656,821 1773,815 2026,814 2330,813 2443,803 2468,806"/>
                <Word id="word_1608058586682_86" language="English" custom="readingOrder {index:0;}">
                    <Coords points="2458,751 2468,751 2468,836 2458,836"/>
                    <TextEquiv>
                        <Unicode>^‘cuia*</Unicode>
                    </TextEquiv>
                    <TextStyle fontFamily="Times New Roman" fontSize="9.5"/>
                </Word>
                <Word id="w_w2aab1c13b2b3b5ab1" language="English" custom="readingOrder {index:1;}">
                    <Coords points="1441,774 1656,774 1656,821 1441,821"/>
                    <TextEquiv>
                        <Unicode>doctrinae,</Unicode>
                    </TextEquiv>
                    <TextStyle fontFamily="Times New Roman" fontSize="9.5"/>
                </Word>
                <Word id="w_w2aab1c13b2b3b5ac23" language="English" custom="readingOrder {index:2;}">
                    <Coords points="1680,786 1773,786 1773,826 1680,826"/>
                    <TextEquiv>
                        <Unicode>quae</Unicode>
                    </TextEquiv>
                    <TextStyle fontFamily="Times New Roman" fontSize="9.5"/>
                </Word>
                <Word id="w_w2aab1c13b2b3b5ac33" language="English" custom="readingOrder {index:3;}">
                    <Coords points="1809,776 2026,776 2026,816 1809,816"/>
                    <TextEquiv>
                        <Unicode>excedunt</Unicode>
                    </TextEquiv>
                    <TextStyle fontFamily="Times New Roman" fontSize="9.5"/>
                </Word>
                <Word id="w_w2aab1c13b2b3b5ac51" language="English" custom="readingOrder {index:4;}">
                    <Coords points="2047,777 2330,777 2330,826 2047,826"/>
                    <TextEquiv>
                        <Unicode>capacitatem</Unicode>
                    </TextEquiv>
                    <TextStyle fontFamily="Times New Roman" fontSize="9.5"/>
                </Word>
                <Word id="w_w2aab1c13b2b3b5ac75" language="English" custom="readingOrder {index:5;}">
                    <Coords points="2353,773 2443,773 2443,813 2353,813"/>
                    <TextEquiv>
                        <Unicode>dia-</Unicode>
                    </TextEquiv>
                    <TextStyle fontFamily="Times New Roman" fontSize="9.5"/>
                </Word>
                <TextEquiv>
                    <Unicode>doctrinae, quae excedunt capacitatem dia- ^‘cuia* |</Unicode>
                </TextEquiv>
            </TextLine>
            <TextLine id="line_1608058586685_88" primaryLanguage="English" custom="readingOrder {index:3;}">
                <Coords points="1437,842 2468,842 2468,912 1437,912"/>
                <Baseline points="1437,889 1523,888 1583,889 1738,890 1941,898 2008,889 2256,889 2372,888 2468,867"/>
                <Word id="word_1608058586686_90" language="English" custom="readingOrder {index:0;}">
                    <Coords points="2464,842 2468,842 2468,872 2464,872"/>
                    <TextEquiv>
                        <Unicode>neq</Unicode>
                    </TextEquiv>
                    <TextStyle fontFamily="Times New Roman" fontSize="9.5" superscript="true"/>
                </Word>
                <Word id="w_w2aab1c13b2b3b7ab1" language="English" custom="readingOrder {index:1;}">
                    <Coords points="1437,851 1523,851 1523,890 1437,890"/>
                    <TextEquiv>
                        <Unicode>boli</Unicode>
                    </TextEquiv>
                    <TextStyle fontFamily="Times New Roman" fontSize="9.5"/>
                </Word>
                <Word id="w_w2aab1c13b2b3b7ac11" language="English" custom="readingOrder {index:2;}">
                    <Coords points="1541,856 1583,856 1583,889 1541,889"/>
                    <TextEquiv>
                        <Unicode>et</Unicode>
                    </TextEquiv>
                    <TextStyle fontFamily="Times New Roman" fontSize="9.5"/>
                </Word>
                <Word id="w_w2aab1c13b2b3b7ac17" language="English" custom="readingOrder {index:3;}">
                    <Coords points="1613,851 1738,851 1738,890 1613,890"/>
                    <TextEquiv>
                        <Unicode>totius</Unicode>
                    </TextEquiv>
                    <TextStyle fontFamily="Times New Roman" fontSize="9.5"/>
                </Word>
                <Word id="w_w2aab1c13b2b3b7ac31" language="English" custom="readingOrder {index:4;}">
                    <Coords points="1769,854 1941,854 1941,898 1769,898"/>
                    <TextEquiv>
                        <Unicode>naturae,</Unicode>
                    </TextEquiv>
                    <TextStyle fontFamily="Times New Roman" fontSize="9.5"/>
                </Word>
                <Word id="w_w2aab1c13b2b3b7ac49" language="English" custom="readingOrder {index:5;}">
                    <Coords points="1966,854 2008,854 2008,890 1966,890"/>
                    <TextEquiv>
                        <Unicode>et</Unicode>
                    </TextEquiv>
                    <TextStyle fontFamily="Times New Roman" fontSize="9.5"/>
                </Word>
                <Word id="w_w2aab1c13b2b3b7ac55" language="English" custom="readingOrder {index:6;}">
                    <Coords points="2027,854 2256,854 2256,901 2027,901"/>
                    <TextEquiv>
                        <Unicode>propterea</Unicode>
                    </TextEquiv>
                    <TextStyle fontFamily="Times New Roman" fontSize="9.5"/>
                </Word>
                <Word id="w_w2aab1c13b2b3b7ac75" language="English" custom="readingOrder {index:7;}">
                    <Coords points="2278,843 2448,843 2448,889 2278,889"/>
                    <TextEquiv>
                        <Unicode>refundi</Unicode>
                    </TextEquiv>
                    <TextStyle fontFamily="Times New Roman" fontSize="9.5"/>
                </Word>
                <TextEquiv>
                    <Unicode>boli et totius naturae, et propterea refundi neqboiUs Jl</Unicode>
                </TextEquiv>
            </TextLine>
            <TextLine id="line_1608058586688_92" primaryLanguage="English" custom="readingOrder {index:4;}">
                <Coords points="1441,922 2468,922 2468,996 1441,996"/>
                <Baseline points="1441,963 1601,964 1672,962 1846,964 2078,964 2151,964 2417,962 2446,970 2468,972"/>
                <Word id="w_w2aab1c13b2b3b9ab1" language="English" custom="readingOrder {index:0;}">
                    <Coords points="1441,924 1601,924 1601,964 1441,964"/>
                    <TextEquiv>
                        <Unicode>debent</Unicode>
                    </TextEquiv>
                    <TextStyle fontFamily="Times New Roman" fontSize="9.5"/>
                </Word>
                <Word id="w_w2aab1c13b2b3b9ac15" language="English" custom="readingOrder {index:1;}">
                    <Coords points="1627,924 1672,924 1672,963 1627,963"/>
                    <TextEquiv>
                        <Unicode>in</Unicode>
                    </TextEquiv>
                    <TextStyle fontFamily="Times New Roman" fontSize="9.5"/>
                </Word>
                <Word id="w_w2aab1c13b2b3b9ac21" language="English" custom="readingOrder {index:2;}">
                    <Coords points="1713,926 1846,926 1846,964 1713,964"/>
                    <TextEquiv>
                        <Unicode>Deum</Unicode>
                    </TextEquiv>
                    <TextStyle fontFamily="Times New Roman" fontSize="9.5"/>
                </Word>
                <Word id="w_w2aab1c13b2b3b9ac31" language="English" custom="readingOrder {index:3;}">
                    <Coords points="1881,929 2078,929 2078,976 1881,976"/>
                    <TextEquiv>
                        <Unicode>tanquam</Unicode>
                    </TextEquiv>
                    <TextStyle fontFamily="Times New Roman" fontSize="9.5"/>
                </Word>
                <Word id="w_w2aab1c13b2b3b9ac47" language="English" custom="readingOrder {index:4;}">
                    <Coords points="2109,926 2151,926 2151,964 2109,964"/>
                    <TextEquiv>
                        <Unicode>in</Unicode>
                    </TextEquiv>
                    <TextStyle fontFamily="Times New Roman" fontSize="9.5"/>
                </Word>
                <Word id="w_w2aab1c13b2b3b9ac53" language="English" custom="readingOrder {index:5;}">
                    <Coords points="2199,928 2417,928 2417,964 2199,964"/>
                    <TextEquiv>
                        <Unicode>auctorem</Unicode>
                    </TextEquiv>
                    <TextStyle fontFamily="Times New Roman" fontSize="9.5"/>
                </Word>
                <Word id="w_w2aab1c13b2b3b9ac71" language="English" custom="readingOrder {index:6;}">
                    <Coords points="2436,935 2446,935 2446,970 2436,970"/>
                    <TextEquiv>
                        <Unicode>;</Unicode>
                    </TextEquiv>
                    <TextStyle fontFamily="Times New Roman" fontSize="9.5"/>
                </Word>
                <TextEquiv>
                    <Unicode>debent in Deum tanquam in auctorem ; ^spoa-z</Unicode>
                </TextEquiv>
                <TextStyle fontFamily="Times New Roman" fontSize="9.5"/>
            </TextLine>
            <TextLine id="line_1608058586691_94" primaryLanguage="English" custom="readingOrder {index:5;}">
                <Coords points="1440,984 2468,984 2468,1060 1440,1060"/>
                <Baseline points="1440,1039 1556,1038 1798,1039 1996,1038 2088,1040 2188,1040 2366,1038 2468,1030"/>
                <Word id="w_w2aab1c13b2b3c11ab1" language="English" custom="readingOrder {index:0;}">
                    <Coords points="1440,999 1556,999 1556,1039 1440,1039"/>
                    <TextEquiv>
                        <Unicode>unde</Unicode>
                    </TextEquiv>
                    <TextStyle fontFamily="Times New Roman" fontSize="9.5"/>
                </Word>
                <Word id="w_w2aab1c13b2b3c11ac11" language="English" custom="readingOrder {index:1;}">
                    <Coords points="1601,1002 1798,1002 1798,1049 1601,1049"/>
                    <TextEquiv>
                        <Unicode>sequitur</Unicode>
                    </TextEquiv>
                    <TextStyle fontFamily="Times New Roman" fontSize="9.5"/>
                </Word>
                <Word id="w_w2aab1c13b2b3c11ac29" language="English" custom="readingOrder {index:2;}">
                    <Coords points="1843,1001 1996,1001 1996,1040 1843,1040"/>
                    <TextEquiv>
                        <Unicode>saltem</Unicode>
                    </TextEquiv>
                    <TextStyle fontFamily="Times New Roman" fontSize="9.5"/>
                </Word>
                <Word id="w_w2aab1c13b2b3c11ac43" language="English" custom="readingOrder {index:3;}">
                    <Coords points="2036,1011 2088,1011 2088,1040 2036,1040"/>
                    <TextEquiv>
                        <Unicode>ex</Unicode>
                    </TextEquiv>
                    <TextStyle fontFamily="Times New Roman" fontSize="9.5"/>
                </Word>
                <Word id="w_w2aab1c13b2b3c11ac49" language="English" custom="readingOrder {index:4;}">
                    <Coords points="2124,1001 2188,1001 2188,1040 2124,1040"/>
                    <TextEquiv>
                        <Unicode>his</Unicode>
                    </TextEquiv>
                    <TextStyle fontFamily="Times New Roman" fontSize="9.5"/>
                </Word>
                <Word id="w_w2aab1c13b2b3c11ac57" language="English" custom="readingOrder {index:5;}">
                    <Coords points="2235,999 2449,999 2449,1039 2235,1039"/>
                    <TextEquiv>
                        <Unicode>miraculis</Unicode>
                    </TextEquiv>
                    <TextStyle fontFamily="Times New Roman" fontSize="9.5"/>
                </Word>
                <TextEquiv>
                    <Unicode>unde sequitur saltem ex his miraculis sio3*fi[</Unicode>
                </TextEquiv>
            </TextLine>
            <TextLine id="tl_71" primaryLanguage="English" custom="readingOrder {index:6;}">
                <Coords points="1442,1074 2451,1074 2451,1125 1442,1125"/>
                <Baseline points="1442,1114 1632,1112 1899,1114 2017,1114 2216,1122 2451,1112"/>
                <Word id="w_w2aab1c13b2b3c13ab1" language="English" custom="readingOrder {index:0;}">
                    <Coords points="1442,1077 1632,1077 1632,1115 1442,1115"/>
                    <TextEquiv>
                        <Unicode>nostram</Unicode>
                    </TextEquiv>
                    <TextStyle fontFamily="Times New Roman" fontSize="9.5"/>
                </Word>
                <Word id="w_w2aab1c13b2b3c13ac17" language="English" custom="readingOrder {index:1;}">
                    <Coords points="1662,1075 1899,1075 1899,1114 1662,1114"/>
                    <TextEquiv>
                        <Unicode>doctrinam</Unicode>
                    </TextEquiv>
                    <TextStyle fontFamily="Times New Roman" fontSize="9.5"/>
                </Word>
                <Word id="w_w2aab1c13b2b3c13ac37" language="English" custom="readingOrder {index:2;}">
                    <Coords points="1922,1086 2017,1086 2017,1115 1922,1115"/>
                    <TextEquiv>
                        <Unicode>esse</Unicode>
                    </TextEquiv>
                    <TextStyle fontFamily="Times New Roman" fontSize="9.5"/>
                </Word>
                <Word id="w_w2aab1c13b2b3c13ac47" language="English" custom="readingOrder {index:3;}">
                    <Coords points="2055,1085 2216,1085 2216,1122 2055,1122"/>
                    <TextEquiv>
                        <Unicode>veram,</Unicode>
                    </TextEquiv>
                    <TextStyle fontFamily="Times New Roman" fontSize="9.5"/>
                </Word>
                <Word id="w_w2aab1c13b2b3c13ac61" language="English" custom="readingOrder {index:4;}">
                    <Coords points="2257,1074 2451,1074 2451,1125 2257,1125"/>
                    <TextEquiv>
                        <Unicode>quamvis</Unicode>
                    </TextEquiv>
                    <TextStyle fontFamily="Times New Roman" fontSize="9.5"/>
                </Word>
                <TextEquiv>
                    <Unicode>nostram doctrinam esse veram, quamvis</Unicode>
                </TextEquiv>
                <TextStyle fontFamily="Times New Roman" fontSize="9.5"/>
            </TextLine>
            <TextLine id="tl_72" primaryLanguage="English" custom="readingOrder {index:7;}">
                <Coords points="1440,1149 2454,1149 2454,1201 1440,1201"/>
                <Baseline points="1440,1190 1528,1188 1696,1187 1836,1190 1919,1189 2031,1189 2278,1188 2454,1176"/>
                <Word id="w_w2aab1c13b2b3c15ab1" language="English" custom="readingOrder {index:0;}">
                    <Coords points="1440,1160 1528,1160 1528,1190 1440,1190"/>
                    <TextEquiv>
                        <Unicode>non</Unicode>
                    </TextEquiv>
                    <TextStyle fontFamily="Times New Roman" fontSize="9.5"/>
                </Word>
                <Word id="w_w2aab1c13b2b3c15ab9" language="English" custom="readingOrder {index:1;}">
                    <Coords points="1550,1153 1696,1153 1696,1198 1550,1198"/>
                    <TextEquiv>
                        <Unicode>posset</Unicode>
                    </TextEquiv>
                    <TextStyle fontFamily="Times New Roman" fontSize="9.5"/>
                </Word>
                <Word id="w_w2aab1c13b2b3c15ac23" language="English" custom="readingOrder {index:2;}">
                    <Coords points="1711,1152 1836,1152 1836,1200 1711,1200"/>
                    <TextEquiv>
                        <Unicode>sequi</Unicode>
                    </TextEquiv>
                    <TextStyle fontFamily="Times New Roman" fontSize="9.5"/>
                </Word>
                <Word id="w_w2aab1c13b2b3c15ac35" language="English" custom="readingOrder {index:3;}">
                    <Coords points="1867,1161 1919,1161 1919,1189 1867,1189"/>
                    <TextEquiv>
                        <Unicode>ex</Unicode>
                    </TextEquiv>
                    <TextStyle fontFamily="Times New Roman" fontSize="9.5"/>
                </Word>
                <Word id="w_w2aab1c13b2b3c15ac41" language="English" custom="readingOrder {index:4;}">
                    <Coords points="1940,1150 2031,1150 2031,1189 1940,1189"/>
                    <TextEquiv>
                        <Unicode>aliis</Unicode>
                    </TextEquiv>
                    <TextStyle fontFamily="Times New Roman" fontSize="9.5"/>
                </Word>
                <Word id="w_w2aab1c13b2b3c15ac53" language="English" custom="readingOrder {index:5;}">
                    <Coords points="2049,1150 2278,1150 2278,1190 2049,1190"/>
                    <TextEquiv>
                        <Unicode>miraculis.</Unicode>
                    </TextEquiv>
                    <TextStyle fontFamily="Times New Roman" fontSize="9.5"/>
                </Word>
                <Word id="w_w2aab1c13b2b3c15ac75" language="English" custom="readingOrder {index:6;}">
                    <Coords points="2303,1149 2454,1149 2454,1201 2303,1201"/>
                    <TextEquiv>
                        <Unicode>Hujus¬</Unicode>
                    </TextEquiv>
                    <TextStyle fontFamily="Times New Roman" fontSize="9.5"/>
                </Word>
                <TextEquiv>
                    <Unicode>non posset sequi ex aliis miraculis. Hujus¬</Unicode>
                </TextEquiv>
                <TextStyle fontFamily="Times New Roman" fontSize="9.5"/>
            </TextLine>
            <TextLine id="tl_73" primaryLanguage="English" custom="readingOrder {index:8;}">
                <Coords points="1442,1225 2455,1225 2455,1276 1442,1276"/>
                <Baseline points="1442,1266 1559,1267 1703,1267 2070,1264 2205,1266 2455,1263"/>
                <Word id="w_w2aab1c13b2b3c17ab1" language="English" custom="readingOrder {index:0;}">
                    <Coords points="1442,1227 1559,1227 1559,1268 1442,1268"/>
                    <TextEquiv>
                        <Unicode>modi</Unicode>
                    </TextEquiv>
                    <TextStyle fontFamily="Times New Roman" fontSize="9.5"/>
                </Word>
                <Word id="w_w2aab1c13b2b3c17ac11" language="English" custom="readingOrder {index:1;}">
                    <Coords points="1603,1237 1703,1237 1703,1267 1603,1267"/>
                    <TextEquiv>
                        <Unicode>vero</Unicode>
                    </TextEquiv>
                    <TextStyle fontFamily="Times New Roman" fontSize="9.5"/>
                </Word>
                <Word id="w_w2aab1c13b2b3c17ac21" language="English" custom="readingOrder {index:2;}">
                    <Coords points="1767,1226 2070,1226 2070,1266 1767,1266"/>
                    <TextEquiv>
                        <Unicode>miraculorum</Unicode>
                    </TextEquiv>
                    <TextStyle fontFamily="Times New Roman" fontSize="9.5"/>
                </Word>
                <Word id="w_w2aab1c13b2b3c17ac45" language="English" custom="readingOrder {index:3;}">
                    <Coords points="2122,1225 2205,1225 2205,1266 2122,1266"/>
                    <TextEquiv>
                        <Unicode>duo</Unicode>
                    </TextEquiv>
                    <TextStyle fontFamily="Times New Roman" fontSize="9.5"/>
                </Word>
                <Word id="w_w2aab1c13b2b3c17ac53" language="English" custom="readingOrder {index:4;}">
                    <Coords points="2252,1227 2455,1227 2455,1276 2252,1276"/>
                    <TextEquiv>
                        <Unicode>proponit</Unicode>
                    </TextEquiv>
                    <TextStyle fontFamily="Times New Roman" fontSize="9.5"/>
                </Word>
                <TextEquiv>
                    <Unicode>modi vero miraculorum duo proponit</Unicode>
                </TextEquiv>
                <TextStyle fontFamily="Times New Roman" fontSize="9.5"/>
            </TextLine>
            <TextLine id="tl_74" primaryLanguage="English" custom="readingOrder {index:9;}">
                <Coords points="1442,1300 2451,1300 2451,1354 1442,1354"/>
                <Baseline points="1442,1354 1622,1351 1793,1341 2082,1339 2163,1339 2451,1339"/>
                <Word id="w_w2aab1c13b2b3c19ab1" language="English" custom="readingOrder {index:0;}">
                    <Coords points="1442,1313 1622,1313 1622,1354 1442,1354"/>
                    <TextEquiv>
                        <Unicode>genera,</Unicode>
                    </TextEquiv>
                    <TextStyle fontFamily="Times New Roman" fontSize="9.5"/>
                </Word>
                <Word id="w_w2aab1c13b2b3c19ac17" language="English" custom="readingOrder {index:1;}">
                    <Coords points="1659,1312 1793,1312 1793,1341 1659,1341"/>
                    <TextEquiv>
                        <Unicode>unum</Unicode>
                    </TextEquiv>
                    <TextStyle fontFamily="Times New Roman" fontSize="9.5"/>
                </Word>
                <Word id="w_w2aab1c13b2b3c19ac27" language="English" custom="readingOrder {index:2;}">
                    <Coords points="1842,1302 2082,1302 2082,1341 1842,1341"/>
                    <TextEquiv>
                        <Unicode>consistens</Unicode>
                    </TextEquiv>
                    <TextStyle fontFamily="Times New Roman" fontSize="9.5"/>
                </Word>
                <Word id="w_w2aab1c13b2b3c19ac49" language="English" custom="readingOrder {index:3;}">
                    <Coords points="2120,1302 2163,1302 2163,1340 2120,1340"/>
                    <TextEquiv>
                        <Unicode>in</Unicode>
                    </TextEquiv>
                    <TextStyle fontFamily="Times New Roman" fontSize="9.5"/>
                </Word>
                <Word id="w_w2aab1c13b2b3c19ac55" language="English" custom="readingOrder {index:4;}">
                    <Coords points="2200,1300 2451,1300 2451,1350 2200,1350"/>
                    <TextEquiv>
                        <Unicode>praevisione</Unicode>
                    </TextEquiv>
                    <TextStyle fontFamily="Times New Roman" fontSize="9.5"/>
                </Word>
                <TextEquiv>
                    <Unicode>genera, unum consistens in praevisione</Unicode>
                </TextEquiv>
                <TextStyle fontFamily="Times New Roman" fontSize="9.5"/>
            </TextLine>
            <TextLine id="tl_75" primaryLanguage="English" custom="readingOrder {index:10;}">
                <Coords points="1438,1376 2452,1376 2452,1428 1438,1428"/>
                <Baseline points="1438,1416 1678,1416 2059,1424 2182,1415 2297,1415 2452,1413"/>
                <Word id="w_w2aab1c13b2b3c21ab1" language="English" custom="readingOrder {index:0;}">
                    <Coords points="1438,1377 1678,1377 1678,1418 1438,1418"/>
                    <TextEquiv>
                        <Unicode>futurorum</Unicode>
                    </TextEquiv>
                    <TextStyle fontFamily="Times New Roman" fontSize="9.5"/>
                </Word>
                <Word id="w_w2aab1c13b2b3c21ac21" language="English" custom="readingOrder {index:1;}">
                    <Coords points="1701,1376 2059,1376 2059,1428 1701,1428"/>
                    <TextEquiv>
                        <Unicode>contingentium,</Unicode>
                    </TextEquiv>
                    <TextStyle fontFamily="Times New Roman" fontSize="9.5"/>
                </Word>
                <Word id="w_w2aab1c13b2b3c21ac51" language="English" custom="readingOrder {index:2;}">
                    <Coords points="2084,1386 2182,1386 2182,1426 2084,1426"/>
                    <TextEquiv>
                        <Unicode>quae</Unicode>
                    </TextEquiv>
                    <TextStyle fontFamily="Times New Roman" fontSize="9.5"/>
                </Word>
                <Word id="w_w2aab1c13b2b3c21ac61" language="English" custom="readingOrder {index:3;}">
                    <Coords points="2206,1378 2297,1378 2297,1415 2206,1415"/>
                    <TextEquiv>
                        <Unicode>sine</Unicode>
                    </TextEquiv>
                    <TextStyle fontFamily="Times New Roman" fontSize="9.5"/>
                </Word>
                <Word id="w_w2aab1c13b2b3c21ac71" language="English" custom="readingOrder {index:4;}">
                    <Coords points="2321,1376 2452,1376 2452,1415 2321,1415"/>
                    <TextEquiv>
                        <Unicode>dubio</Unicode>
                    </TextEquiv>
                    <TextStyle fontFamily="Times New Roman" fontSize="9.5"/>
                </Word>
                <TextEquiv>
                    <Unicode>futurorum contingentium, quae sine dubio</Unicode>
                </TextEquiv>
                <TextStyle fontFamily="Times New Roman" fontSize="9.5"/>
            </TextLine>
            <TextLine id="tl_76" primaryLanguage="English" custom="readingOrder {index:11;}">
                <Coords points="1441,1452 2454,1452 2454,1504 1441,1504"/>
                <Baseline points="1441,1493 1533,1493 1654,1493 1816,1492 1954,1492 2031,1492 2357,1500 2454,1490"/>
                <Word id="w_w2aab1c13b2b3c23ab1" language="English" custom="readingOrder {index:0;}">
                    <Coords points="1441,1453 1533,1453 1533,1493 1441,1493"/>
                    <TextEquiv>
                        <Unicode>fieri</Unicode>
                    </TextEquiv>
                    <TextStyle fontFamily="Times New Roman" fontSize="9.5"/>
                </Word>
                <Word id="w_w2aab1c13b2b3c23ac13" language="English" custom="readingOrder {index:1;}">
                    <Coords points="1568,1465 1654,1465 1654,1494 1568,1494"/>
                    <TextEquiv>
                        <Unicode>non</Unicode>
                    </TextEquiv>
                    <TextStyle fontFamily="Times New Roman" fontSize="9.5"/>
                </Word>
                <Word id="w_w2aab1c13b2b3c23ac21" language="English" custom="readingOrder {index:2;}">
                    <Coords points="1675,1457 1816,1457 1816,1504 1675,1504"/>
                    <TextEquiv>
                        <Unicode>potest</Unicode>
                    </TextEquiv>
                    <TextStyle fontFamily="Times New Roman" fontSize="9.5"/>
                </Word>
                <Word id="w_w2aab1c13b2b3c23ac35" language="English" custom="readingOrder {index:3;}">
                    <Coords points="1838,1456 1954,1456 1954,1492 1838,1492"/>
                    <TextEquiv>
                        <Unicode>certo</Unicode>
                    </TextEquiv>
                    <TextStyle fontFamily="Times New Roman" fontSize="9.5"/>
                </Word>
                <Word id="w_w2aab1c13b2b3c23ac47" language="English" custom="readingOrder {index:4;}">
                    <Coords points="1989,1457 2031,1457 2031,1492 1989,1492"/>
                    <TextEquiv>
                        <Unicode>et</Unicode>
                    </TextEquiv>
                    <TextStyle fontFamily="Times New Roman" fontSize="9.5"/>
                </Word>
                <Word id="w_w2aab1c13b2b3c23ac53" language="English" custom="readingOrder {index:5;}">
                    <Coords points="2054,1452 2357,1452 2357,1500 2054,1500"/>
                    <TextEquiv>
                        <Unicode>determinate,</Unicode>
                    </TextEquiv>
                    <TextStyle fontFamily="Times New Roman" fontSize="9.5"/>
                </Word>
                <Word id="w_w2aab1c13b2b3c23ac79" language="English" custom="readingOrder {index:6;}">
                    <Coords points="2374,1452 2454,1452 2454,1492 2374,1492"/>
                    <TextEquiv>
                        <Unicode>nisi</Unicode>
                    </TextEquiv>
                    <TextStyle fontFamily="Times New Roman" fontSize="9.5"/>
                </Word>
                <TextEquiv>
                    <Unicode>fieri non potest certo et determinate, nisi</Unicode>
                </TextEquiv>
                <TextStyle fontFamily="Times New Roman" fontSize="9.5"/>
            </TextLine>
            <TextLine id="tl_77" primaryLanguage="English" custom="readingOrder {index:12;}">
                <Coords points="1440,1535 2454,1535 2454,1584 1440,1584"/>
                <Baseline points="1440,1573 1529,1574 1772,1573 1800,1583 2015,1572 2227,1572 2300,1573 2454,1571"/>
                <Word id="w_w2aab1c13b2b3c25ab1" language="English" custom="readingOrder {index:0;}">
                    <Coords points="1440,1536 1529,1536 1529,1574 1440,1574"/>
                    <TextEquiv>
                        <Unicode>Deo</Unicode>
                    </TextEquiv>
                    <TextStyle fontFamily="Times New Roman" fontSize="9.5"/>
                </Word>
                <Word id="w_w2aab1c13b2b3c25ab9" language="English" custom="readingOrder {index:1;}">
                    <Coords points="1552,1536 1772,1536 1772,1576 1552,1576"/>
                    <TextEquiv>
                        <Unicode>revelante</Unicode>
                    </TextEquiv>
                    <TextStyle fontFamily="Times New Roman" fontSize="9.5"/>
                </Word>
                <Word id="w_w2aab1c13b2b3c25ac29" language="English" custom="readingOrder {index:2;}">
                    <Coords points="1791,1548 1800,1548 1800,1583 1791,1583"/>
                    <TextEquiv>
                        <Unicode>;</Unicode>
                    </TextEquiv>
                    <TextStyle fontFamily="Times New Roman" fontSize="9.5"/>
                </Word>
                <Word id="w_w2aab1c13b2b3c25ac33" language="English" custom="readingOrder {index:3;}">
                    <Coords points="1833,1535 2015,1535 2015,1573 1833,1573"/>
                    <TextEquiv>
                        <Unicode>alterum</Unicode>
                    </TextEquiv>
                    <TextStyle fontFamily="Times New Roman" fontSize="9.5"/>
                </Word>
                <Word id="w_w2aab1c13b2b3c25ac49" language="English" custom="readingOrder {index:4;}">
                    <Coords points="2036,1535 2227,1535 2227,1573 2036,1573"/>
                    <TextEquiv>
                        <Unicode>consistit</Unicode>
                    </TextEquiv>
                    <TextStyle fontFamily="Times New Roman" fontSize="9.5"/>
                </Word>
                <Word id="w_w2aab1c13b2b3c25ac69" language="English" custom="readingOrder {index:5;}">
                    <Coords points="2258,1535 2300,1535 2300,1573 2258,1573"/>
                    <TextEquiv>
                        <Unicode>in</Unicode>
                    </TextEquiv>
                    <TextStyle fontFamily="Times New Roman" fontSize="9.5"/>
                </Word>
                <Word id="w_w2aab1c13b2b3c25ac75" language="English" custom="readingOrder {index:6;}">
                    <Coords points="2330,1539 2454,1539 2454,1584 2330,1584"/>
                    <TextEquiv>
                        <Unicode>raptu</Unicode>
                    </TextEquiv>
                    <TextStyle fontFamily="Times New Roman" fontSize="9.5"/>
                </Word>
                <TextEquiv>
                    <Unicode>Deo revelante ; alterum consistit in raptu</Unicode>
                </TextEquiv>
                <TextStyle fontFamily="Times New Roman" fontSize="9.5"/>
            </TextLine>
            <TextLine id="tl_78" primaryLanguage="English" custom="readingOrder {index:13;}">
                <Coords points="1442,1609 2452,1609 2452,1660 1442,1660"/>
                <Baseline points="1442,1649 1557,1649 1614,1651 1740,1650 1827,1650 1892,1649 2027,1657 2115,1648 2347,1648 2452,1649"/>
                <Word id="w_w2aab1c13b2b3c27ab1" language="English" custom="readingOrder {index:0;}">
                    <Coords points="1442,1611 1557,1611 1557,1651 1442,1651"/>
                    <TextEquiv>
                        <Unicode>Pauli</Unicode>
                    </TextEquiv>
                    <TextStyle fontFamily="Times New Roman" fontSize="9.5"/>
                </Word>
                <Word id="w_w2aab1c13b2b3c27ac13" language="English" custom="readingOrder {index:1;}">
                    <Coords points="1575,1612 1614,1612 1614,1651 1575,1651"/>
                    <TextEquiv>
                        <Unicode>2.</Unicode>
                    </TextEquiv>
                    <TextStyle fontFamily="Times New Roman" fontSize="9.5"/>
                </Word>
                <Word id="w_w2aab1c13b2b3c27ac19" language="English" custom="readingOrder {index:2;}">
                    <Coords points="1647,1610 1740,1610 1740,1650 1647,1650"/>
                    <TextEquiv>
                        <Unicode>Cor.</Unicode>
                    </TextEquiv>
                    <TextStyle fontFamily="Times New Roman" fontSize="9.5"/>
                </Word>
                <Word id="w_w2aab1c13b2b3c27ac29" language="English" custom="readingOrder {index:3;}">
                    <Coords points="1767,1612 1827,1612 1827,1650 1767,1650"/>
                    <TextEquiv>
                        <Unicode>12.</Unicode>
                    </TextEquiv>
                    <TextStyle fontFamily="Times New Roman" fontSize="9.5"/>
                </Word>
                <Word id="w_w2aab1c13b2b3c27ac37" language="English" custom="readingOrder {index:4;}">
                    <Coords points="1850,1611 1892,1611 1892,1649 1850,1649"/>
                    <TextEquiv>
                        <Unicode>in</Unicode>
                    </TextEquiv>
                    <TextStyle fontFamily="Times New Roman" fontSize="9.5"/>
                </Word>
                <Word id="w_w2aab1c13b2b3c27ac43" language="English" custom="readingOrder {index:5;}">
                    <Coords points="1927,1621 2027,1621 2027,1660 1927,1660"/>
                    <TextEquiv>
                        <Unicode>quo,</Unicode>
                    </TextEquiv>
                    <TextStyle fontFamily="Times New Roman" fontSize="9.5"/>
                </Word>
                <Word id="w_w2aab1c13b2b3c27ac53" language="English" custom="readingOrder {index:6;}">
                    <Coords points="2070,1613 2115,1613 2115,1648 2070,1648"/>
                    <TextEquiv>
                        <Unicode>ut</Unicode>
                    </TextEquiv>
                    <TextStyle fontFamily="Times New Roman" fontSize="9.5"/>
                </Word>
                <Word id="w_w2aab1c13b2b3c27ac59" language="English" custom="readingOrder {index:7;}">
                    <Coords points="2143,1612 2347,1612 2347,1660 2143,1660"/>
                    <TextEquiv>
                        <Unicode>supponit</Unicode>
                    </TextEquiv>
                    <TextStyle fontFamily="Times New Roman" fontSize="9.5"/>
                </Word>
                <Word id="w_w2aab1c13b2b3c27ac77" language="English" custom="readingOrder {index:8;}">
                    <Coords points="2384,1609 2452,1609 2452,1649 2384,1649"/>
                    <TextEquiv>
                        <Unicode>hic</Unicode>
                    </TextEquiv>
                    <TextStyle fontFamily="Times New Roman" fontSize="9.5"/>
                </Word>
                <TextEquiv>
                    <Unicode>Pauli 2. Cor. 12. in quo, ut supponit hic</Unicode>
                </TextEquiv>
                <TextStyle fontFamily="Times New Roman" fontSize="9.5"/>
            </TextLine>
            <TextLine id="tl_79" primaryLanguage="English" custom="readingOrder {index:14;}">
                <Coords points="1442,1686 2454,1686 2454,1738 1442,1738"/>
                <Baseline points="1442,1727 1612,1735 1738,1726 1989,1725 2221,1734 2369,1725 2454,1716"/>
                <Word id="w_w2aab1c13b2b5b1ab1" language="English" custom="readingOrder {index:0;}">
                    <Coords points="1442,1689 1612,1689 1612,1735 1442,1735"/>
                    <TextEquiv>
                        <Unicode>Doctor,</Unicode>
                    </TextEquiv>
                    <TextStyle fontFamily="Times New Roman" fontSize="9.5"/>
                </Word>
                <Word id="w_w2aab1c13b2b5b1ac17" language="English" custom="readingOrder {index:1;}">
                    <Coords points="1636,1687 1738,1687 1738,1728 1636,1728"/>
                    <TextEquiv>
                        <Unicode>vidit</Unicode>
                    </TextEquiv>
                    <TextStyle fontFamily="Times New Roman" fontSize="9.5"/>
                </Word>
                <Word id="w_w2aab1c13b2b5b1ac29" language="English" custom="readingOrder {index:2;}">
                    <Coords points="1759,1688 1989,1688 1989,1726 1759,1726"/>
                    <TextEquiv>
                        <Unicode>essentiam</Unicode>
                    </TextEquiv>
                    <TextStyle fontFamily="Times New Roman" fontSize="9.5"/>
                </Word>
                <Word id="w_w2aab1c13b2b5b1ac49" language="English" custom="readingOrder {index:3;}">
                    <Coords points="2024,1686 2221,1686 2221,1734 2024,1734"/>
                    <TextEquiv>
                        <Unicode>divinam,</Unicode>
                    </TextEquiv>
                    <TextStyle fontFamily="Times New Roman" fontSize="9.5"/>
                </Word>
                <Word id="w_w2aab1c13b2b5b1ac67" language="English" custom="readingOrder {index:4;}">
                    <Coords points="2246,1687 2369,1687 2369,1738 2246,1738"/>
                    <TextEquiv>
                        <Unicode>cujus</Unicode>
                    </TextEquiv>
                    <TextStyle fontFamily="Times New Roman" fontSize="9.5"/>
                </Word>
                <Word id="w_w2aab1c13b2b5b1ac79" language="English" custom="readingOrder {index:5;}">
                    <Coords points="2389,1686 2454,1686 2454,1726 2389,1726"/>
                    <TextEquiv>
                        <Unicode>vi-</Unicode>
                    </TextEquiv>
                    <TextStyle fontFamily="Times New Roman" fontSize="9.5"/>
                </Word>
                <TextEquiv>
                    <Unicode>Doctor, vidit essentiam divinam, cujus vi-</Unicode>
                </TextEquiv>
                <TextStyle fontFamily="Times New Roman" fontSize="9.5"/>
            </TextLine>
            <TextLine id="line_1608058586697_96" primaryLanguage="English" custom="readingOrder {index:15;}">
                <Coords points="1443,1762 2468,1762 2468,1824 1443,1824"/>
                <Baseline points="1443,1804 1574,1803 1753,1802 1906,1800 2142,1800 2362,1801 2452,1790 2468,1792"/>
                <Word id="w_w2aab1c13b2b9b1ab1" language="English" custom="readingOrder {index:0;}">
                    <Coords points="1443,1765 1574,1765 1574,1804 1443,1804"/>
                    <TextEquiv>
                        <Unicode>sionis</Unicode>
                    </TextEquiv>
                    <TextStyle fontFamily="Times New Roman" fontSize="9.5"/>
                </Word>
                <Word id="w_w2aab1c13b2b9b1ac15" language="English" custom="readingOrder {index:1;}">
                    <Coords points="1604,1766 1753,1766 1753,1813 1604,1813"/>
                    <TextEquiv>
                        <Unicode>postea</Unicode>
                    </TextEquiv>
                    <TextStyle fontFamily="Times New Roman" fontSize="9.5"/>
                </Word>
                <Word id="w_w2aab1c13b2b9b1ac29" language="English" custom="readingOrder {index:2;}">
                    <Coords points="1776,1765 1906,1765 1906,1802 1776,1802"/>
                    <TextEquiv>
                        <Unicode>etiam</Unicode>
                    </TextEquiv>
                    <TextStyle fontFamily="Times New Roman" fontSize="9.5"/>
                </Word>
                <Word id="w_w2aab1c13b2b9b1ac41" language="English" custom="readingOrder {index:3;}">
                    <Coords points="1935,1767 2142,1767 2142,1802 1935,1802"/>
                    <TextEquiv>
                        <Unicode>meminit.</Unicode>
                    </TextEquiv>
                    <TextStyle fontFamily="Times New Roman" fontSize="9.5"/>
                </Word>
                <Word id="w_w2aab1c13b2b9b1ac59" language="English" custom="readingOrder {index:4;}">
                    <Coords points="2177,1762 2362,1762 2362,1802 2177,1802"/>
                    <TextEquiv>
                        <Unicode>Evidens</Unicode>
                    </TextEquiv>
                    <TextStyle fontFamily="Times New Roman" fontSize="9.5"/>
                </Word>
                <Word id="w_w2aab1c13b2b9b1ac75" language="English" custom="readingOrder {index:5;}">
                    <Coords points="2382,1773 2452,1773 2452,1801 2382,1801"/>
                    <TextEquiv>
                        <Unicode>au-</Unicode>
                    </TextEquiv>
                    <TextStyle fontFamily="Times New Roman" fontSize="9.5"/>
                </Word>
                <TextEquiv>
                    <Unicode>sionis postea etiam meminit. Evidens au- dit es-|</Unicode>
                </TextEquiv>
            </TextLine>
            <TextLine id="line_1608058586700_98" primaryLanguage="English" custom="readingOrder {index:16;}">
                <Coords points="1446,1824 2468,1824 2468,1900 1446,1900"/>
                <Baseline points="1446,1880 1531,1878 1632,1887 1751,1877 2006,1886 2118,1876 2269,1877 2334,1877 2468,1882"/>
                <Word id="w_w2aab1c13b2c11b1ab1" language="English" custom="readingOrder {index:0;}">
                    <Coords points="1446,1844 1531,1844 1531,1880 1446,1880"/>
                    <TextEquiv>
                        <Unicode>tem</Unicode>
                    </TextEquiv>
                    <TextStyle fontFamily="Times New Roman" fontSize="9.5"/>
                </Word>
                <Word id="w_w2aab1c13b2c11b1ab9" language="English" custom="readingOrder {index:1;}">
                    <Coords points="1553,1842 1632,1842 1632,1887 1553,1887"/>
                    <TextEquiv>
                        <Unicode>est,</Unicode>
                    </TextEquiv>
                    <TextStyle fontFamily="Times New Roman" fontSize="9.5"/>
                </Word>
                <Word id="w_w2aab1c13b2c11b1ac19" language="English" custom="readingOrder {index:2;}">
                    <Coords points="1668,1850 1751,1850 1751,1878 1668,1878"/>
                    <TextEquiv>
                        <Unicode>nec</Unicode>
                    </TextEquiv>
                    <TextStyle fontFamily="Times New Roman" fontSize="9.5"/>
                </Word>
                <Word id="w_w2aab1c13b2c11b1ac27" language="English" custom="readingOrder {index:3;}">
                    <Coords points="1774,1839 2006,1839 2006,1886 1774,1886"/>
                    <TextEquiv>
                        <Unicode>diabolum,</Unicode>
                    </TextEquiv>
                    <TextStyle fontFamily="Times New Roman" fontSize="9.5"/>
                </Word>
                <Word id="w_w2aab1c13b2c11b1ac47" language="English" custom="readingOrder {index:4;}">
                    <Coords points="2039,1849 2118,1849 2118,1878 2039,1878"/>
                    <TextEquiv>
                        <Unicode>nec</Unicode>
                    </TextEquiv>
                    <TextStyle fontFamily="Times New Roman" fontSize="9.5"/>
                </Word>
                <Word id="w_w2aab1c13b2c11b1ac55" language="English" custom="readingOrder {index:5;}">
                    <Coords points="2138,1839 2269,1839 2269,1878 2138,1878"/>
                    <TextEquiv>
                        <Unicode>ullam</Unicode>
                    </TextEquiv>
                    <TextStyle fontFamily="Times New Roman" fontSize="9.5"/>
                </Word>
                <Word id="w_w2aab1c13b2c11b1ac67" language="English" custom="readingOrder {index:6;}">
                    <Coords points="2289,1841 2452,1841 2452,1885 2289,1885"/>
                    <TextEquiv>
                        <Unicode>creatu-</Unicode>
                    </TextEquiv>
                    <TextStyle fontFamily="Times New Roman" fontSize="9.5"/>
                </Word>
                <TextEquiv>
                    <Unicode>tem est, nec diabolum, nec ullam creatu- T1Qunl| I</Unicode>
                </TextEquiv>
            </TextLine>
            <TextLine id="tl_83" primaryLanguage="English" custom="readingOrder {index:17;}">
                <Coords points="1443,1915 2456,1915 2456,1966 1443,1966"/>
                <Baseline points="1443,1955 1535,1954 1694,1954 2050,1954 2214,1953 2456,1953"/>
                <Word id="w_w2aab1c13b2c11b3ab1" language="English" custom="readingOrder {index:0;}">
                    <Coords points="1443,1927 1535,1927 1535,1956 1443,1956"/>
                    <TextEquiv>
                        <Unicode>ram</Unicode>
                    </TextEquiv>
                    <TextStyle fontFamily="Times New Roman" fontSize="9.5"/>
                </Word>
                <Word id="w_w2aab1c13b2c11b3ab9" language="English" custom="readingOrder {index:1;}">
                    <Coords points="1565,1926 1694,1926 1694,1966 1565,1966"/>
                    <TextEquiv>
                        <Unicode>posse</Unicode>
                    </TextEquiv>
                    <TextStyle fontFamily="Times New Roman" fontSize="9.5"/>
                </Word>
                <Word id="w_w2aab1c13b2c11b3ac21" language="English" custom="readingOrder {index:2;}">
                    <Coords points="1730,1917 2050,1917 2050,1954 1730,1954"/>
                    <TextEquiv>
                        <Unicode>communicare</Unicode>
                    </TextEquiv>
                    <TextStyle fontFamily="Times New Roman" fontSize="9.5"/>
                </Word>
                <Word id="w_w2aab1c13b2c11b3ac45" language="English" custom="readingOrder {index:3;}">
                    <Coords points="2086,1916 2214,1916 2214,1954 2086,1954"/>
                    <TextEquiv>
                        <Unicode>talem</Unicode>
                    </TextEquiv>
                    <TextStyle fontFamily="Times New Roman" fontSize="9.5"/>
                </Word>
                <Word id="w_w2aab1c13b2c11b3ac57" language="English" custom="readingOrder {index:4;}">
                    <Coords points="2251,1915 2456,1915 2456,1955 2251,1955"/>
                    <TextEquiv>
                        <Unicode>visionem</Unicode>
                    </TextEquiv>
                    <TextStyle fontFamily="Times New Roman" fontSize="9.5"/>
                </Word>
                <TextEquiv>
                    <Unicode>ram posse communicare talem visionem</Unicode>
                </TextEquiv>
                <TextStyle fontFamily="Times New Roman" fontSize="9.5"/>
            </TextLine>
            <TextLine id="tl_84" primaryLanguage="English" custom="readingOrder {index:18;}">
                <Coords points="1445,1991 2455,1991 2455,2041 1445,2041"/>
                <Baseline points="1445,2033 1643,2032 1812,2030 1838,2039 1979,2030 2116,2032 2231,2031 2455,2017"/>
                <Word id="w_w2aab1c13b2c11b5ab1" language="English" custom="readingOrder {index:0;}">
                    <Coords points="1445,1994 1643,1994 1643,2033 1445,2033"/>
                    <TextEquiv>
                        <Unicode>essentiae</Unicode>
                    </TextEquiv>
                    <TextStyle fontFamily="Times New Roman" fontSize="9.5"/>
                </Word>
                <Word id="w_w2aab1c13b2c11b5ac21" language="English" custom="readingOrder {index:1;}">
                    <Coords points="1659,1992 1812,1992 1812,2032 1659,2032"/>
                    <TextEquiv>
                        <Unicode>divinae</Unicode>
                    </TextEquiv>
                    <TextStyle fontFamily="Times New Roman" fontSize="9.5"/>
                </Word>
                <Word id="w_w2aab1c13b2c11b5ac37" language="English" custom="readingOrder {index:2;}">
                    <Coords points="1831,2004 1838,2004 1838,2039 1831,2039"/>
                    <TextEquiv>
                        <Unicode>;</Unicode>
                    </TextEquiv>
                    <TextStyle fontFamily="Times New Roman" fontSize="9.5"/>
                </Word>
                <Word id="w_w2aab1c13b2c11b5ac41" language="English" custom="readingOrder {index:3;}">
                    <Coords points="1862,1991 1979,1991 1979,2031 1862,2031"/>
                    <TextEquiv>
                        <Unicode>unde</Unicode>
                    </TextEquiv>
                    <TextStyle fontFamily="Times New Roman" fontSize="9.5"/>
                </Word>
                <Word id="w_w2aab1c13b2c11b5ac51" language="English" custom="readingOrder {index:4;}">
                    <Coords points="2000,1993 2116,1993 2116,2032 2000,2032"/>
                    <TextEquiv>
                        <Unicode>Deus</Unicode>
                    </TextEquiv>
                    <TextStyle fontFamily="Times New Roman" fontSize="9.5"/>
                </Word>
                <Word id="w_w2aab1c13b2c11b5ac61" language="English" custom="readingOrder {index:5;}">
                    <Coords points="2137,1992 2231,1992 2231,2041 2137,2041"/>
                    <TextEquiv>
                        <Unicode>ipse</Unicode>
                    </TextEquiv>
                    <TextStyle fontFamily="Times New Roman" fontSize="9.5"/>
                </Word>
                <Word id="w_w2aab1c13b2c11b5ac71" language="English" custom="readingOrder {index:6;}">
                    <Coords points="2254,2001 2455,2001 2455,2032 2254,2032"/>
                    <TextEquiv>
                        <Unicode>necessa¬</Unicode>
                    </TextEquiv>
                    <TextStyle fontFamily="Times New Roman" fontSize="9.5"/>
                </Word>
                <TextEquiv>
                    <Unicode>essentiae divinae ; unde Deus ipse necessa¬</Unicode>
                </TextEquiv>
                <TextStyle fontFamily="Times New Roman" fontSize="9.5"/>
            </TextLine>
            <TextLine id="tl_85" primaryLanguage="English" custom="readingOrder {index:19;}">
                <Coords points="1444,2067 2458,2067 2458,2118 1444,2118"/>
                <Baseline points="1444,2107 1504,2108 1755,2106 1854,2106 2015,2106 2142,2106 2458,2107"/>
                <Word id="w_w2aab1c13b2c11b7ab1" language="English" custom="readingOrder {index:0;}">
                    <Coords points="1444,2069 1504,2069 1504,2108 1444,2108"/>
                    <TextEquiv>
                        <Unicode>rio</Unicode>
                    </TextEquiv>
                    <TextStyle fontFamily="Times New Roman" fontSize="9.5"/>
                </Word>
                <Word id="w_w2aab1c13b2c11b7ab9" language="English" custom="readingOrder {index:1;}">
                    <Coords points="1540,2067 1755,2067 1755,2107 1540,2107"/>
                    <TextEquiv>
                        <Unicode>dicendus</Unicode>
                    </TextEquiv>
                    <TextStyle fontFamily="Times New Roman" fontSize="9.5"/>
                </Word>
                <Word id="w_w2aab1c13b2c11b7ac27" language="English" custom="readingOrder {index:2;}">
                    <Coords points="1788,2071 1854,2071 1854,2106 1788,2106"/>
                    <TextEquiv>
                        <Unicode>est</Unicode>
                    </TextEquiv>
                    <TextStyle fontFamily="Times New Roman" fontSize="9.5"/>
                </Word>
                <Word id="w_w2aab1c13b2c11b7ac35" language="English" custom="readingOrder {index:3;}">
                    <Coords points="1888,2078 2015,2078 2015,2107 1888,2107"/>
                    <TextEquiv>
                        <Unicode>causa</Unicode>
                    </TextEquiv>
                    <TextStyle fontFamily="Times New Roman" fontSize="9.5"/>
                </Word>
                <Word id="w_w2aab1c13b2c11b7ac47" language="English" custom="readingOrder {index:4;}">
                    <Coords points="2047,2077 2142,2077 2142,2117 2047,2117"/>
                    <TextEquiv>
                        <Unicode>quae</Unicode>
                    </TextEquiv>
                    <TextStyle fontFamily="Times New Roman" fontSize="9.5"/>
                </Word>
                <Word id="w_w2aab1c13b2c11b7ac57" language="English" custom="readingOrder {index:5;}">
                    <Coords points="2164,2069 2458,2069 2458,2118 2164,2118"/>
                    <TextEquiv>
                        <Unicode>principaliter</Unicode>
                    </TextEquiv>
                    <TextStyle fontFamily="Times New Roman" fontSize="9.5"/>
                </Word>
                <TextEquiv>
                    <Unicode>rio dicendus est causa quae principaliter</Unicode>
                </TextEquiv>
                <TextStyle fontFamily="Times New Roman" fontSize="9.5"/>
            </TextLine>
            <TextLine id="tl_86" primaryLanguage="English" custom="readingOrder {index:20;}">
                <Coords points="1446,2143 2451,2143 2451,2193 1446,2193"/>
                <Baseline points="1446,2183 1773,2181 1958,2182 2141,2182 2260,2182 2451,2172"/>
                <Word id="w_w2aab1c13b2c11b9ab1" language="English" custom="readingOrder {index:0;}">
                    <Coords points="1446,2144 1773,2144 1773,2184 1446,2184"/>
                    <TextEquiv>
                        <Unicode>communicavit</Unicode>
                    </TextEquiv>
                    <TextStyle fontFamily="Times New Roman" fontSize="9.5"/>
                </Word>
                <Word id="w_w2aab1c13b2c11b9ac27" language="English" custom="readingOrder {index:1;}">
                    <Coords points="1806,2144 1958,2144 1958,2193 1806,2193"/>
                    <TextEquiv>
                        <Unicode>ipsam.</Unicode>
                    </TextEquiv>
                    <TextStyle fontFamily="Times New Roman" fontSize="9.5"/>
                </Word>
                <Word id="w_w2aab1c13b2c11b9ac41" language="English" custom="readingOrder {index:2;}">
                    <Coords points="1987,2143 2141,2143 2141,2183 1987,2183"/>
                    <TextEquiv>
                        <Unicode>Contra</Unicode>
                    </TextEquiv>
                    <TextStyle fontFamily="Times New Roman" fontSize="9.5"/>
                </Word>
                <Word id="w_w2aab1c13b2c11b9ac55" language="English" custom="readingOrder {index:3;}">
                    <Coords points="2180,2144 2260,2144 2260,2183 2180,2183"/>
                    <TextEquiv>
                        <Unicode>hoc</Unicode>
                    </TextEquiv>
                    <TextStyle fontFamily="Times New Roman" fontSize="9.5"/>
                </Word>
                <Word id="w_w2aab1c13b2c11b9ac63" language="English" custom="readingOrder {index:4;}">
                    <Coords points="2292,2155 2451,2155 2451,2183 2292,2183"/>
                    <TextEquiv>
                        <Unicode>secun¬</Unicode>
                    </TextEquiv>
                    <TextStyle fontFamily="Times New Roman" fontSize="9.5"/>
                </Word>
                <TextEquiv>
                    <Unicode>communicavit ipsam. Contra hoc secun¬</Unicode>
                </TextEquiv>
                <TextStyle fontFamily="Times New Roman" fontSize="9.5"/>
            </TextLine>
            <TextLine id="tl_87" primaryLanguage="English" custom="readingOrder {index:21;}">
                <Coords points="1445,2219 2452,2219 2452,2270 1445,2270"/>
                <Baseline points="1445,2260 1548,2260 1831,2258 1951,2258 2114,2258 2339,2268 2452,2248"/>
                <Word id="w_w2aab1c13b2c11c11ab1" language="English" custom="readingOrder {index:0;}">
                    <Coords points="1445,2221 1548,2221 1548,2260 1445,2260"/>
                    <TextEquiv>
                        <Unicode>dum</Unicode>
                    </TextEquiv>
                    <TextStyle fontFamily="Times New Roman" fontSize="9.5"/>
                </Word>
                <Word id="w_w2aab1c13b2c11c11ab9" language="English" custom="readingOrder {index:1;}">
                    <Coords points="1577,2220 1831,2220 1831,2259 1577,2259"/>
                    <TextEquiv>
                        <Unicode>miraculum</Unicode>
                    </TextEquiv>
                    <TextStyle fontFamily="Times New Roman" fontSize="9.5"/>
                </Word>
                <Word id="w_w2aab1c13b2c11c11ac29" language="English" custom="readingOrder {index:2;}">
                    <Coords points="1867,2219 1951,2219 1951,2258 1867,2258"/>
                    <TextEquiv>
                        <Unicode>duo</Unicode>
                    </TextEquiv>
                    <TextStyle fontFamily="Times New Roman" fontSize="9.5"/>
                </Word>
                <Word id="w_w2aab1c13b2c11c11ac37" language="English" custom="readingOrder {index:3;}">
                    <Coords points="1986,2219 2114,2219 2114,2270 1986,2270"/>
                    <TextEquiv>
                        <Unicode>objici</Unicode>
                    </TextEquiv>
                    <TextStyle fontFamily="Times New Roman" fontSize="9.5"/>
                </Word>
                <Word id="w_w2aab1c13b2c11c11ac51" language="English" custom="readingOrder {index:4;}">
                    <Coords points="2135,2224 2339,2224 2339,2269 2135,2269"/>
                    <TextEquiv>
                        <Unicode>possunt;</Unicode>
                    </TextEquiv>
                    <TextStyle fontFamily="Times New Roman" fontSize="9.5"/>
                </Word>
                <Word id="w_w2aab1c13b2c11c11ac69" language="English" custom="readingOrder {index:5;}">
                    <Coords points="2373,2220 2452,2220 2452,2270 2373,2270"/>
                    <TextEquiv>
                        <Unicode>pri¬</Unicode>
                    </TextEquiv>
                    <TextStyle fontFamily="Times New Roman" fontSize="9.5"/>
                </Word>
                <TextEquiv>
                    <Unicode>dum miraculum duo objici possunt; pri¬</Unicode>
                </TextEquiv>
                <TextStyle fontFamily="Times New Roman" fontSize="9.5"/>
            </TextLine>
            <TextLine id="tl_88" primaryLanguage="English" custom="readingOrder {index:22;}">
                <Coords points="1443,2296 2452,2296 2452,2347 1443,2347"/>
                <Baseline points="1443,2336 1513,2336 1670,2336 1872,2334 2200,2342 2452,2335"/>
                <Word id="w_w2aab1c13b2c11c13ab1" language="English" custom="readingOrder {index:0;}">
                    <Coords points="1443,2308 1513,2308 1513,2336 1443,2336"/>
                    <TextEquiv>
                        <Unicode>mo</Unicode>
                    </TextEquiv>
                    <TextStyle fontFamily="Times New Roman" fontSize="9.5"/>
                </Word>
                <Word id="w_w2aab1c13b2c11c13ab7" language="English" custom="readingOrder {index:1;}">
                    <Coords points="1553,2296 1670,2296 1670,2347 1553,2347"/>
                    <TextEquiv>
                        <Unicode>quod</Unicode>
                    </TextEquiv>
                    <TextStyle fontFamily="Times New Roman" fontSize="9.5"/>
                </Word>
                <Word id="w_w2aab1c13b2c11c13ac17" language="English" custom="readingOrder {index:2;}">
                    <Coords points="1719,2296 1872,2296 1872,2335 1719,2335"/>
                    <TextEquiv>
                        <Unicode>Paulus</Unicode>
                    </TextEquiv>
                    <TextStyle fontFamily="Times New Roman" fontSize="9.5"/>
                </Word>
                <Word id="w_w2aab1c13b2c11c13ac31" language="English" custom="readingOrder {index:3;}">
                    <Coords points="1923,2297 2200,2297 2200,2342 1923,2342"/>
                    <TextEquiv>
                        <Unicode>mentiretur;</Unicode>
                    </TextEquiv>
                    <TextStyle fontFamily="Times New Roman" fontSize="9.5"/>
                </Word>
                <Word id="w_w2aab1c13b2c11c13ac55" language="English" custom="readingOrder {index:4;}">
                    <Coords points="2258,2297 2452,2297 2452,2336 2258,2336"/>
                    <TextEquiv>
                        <Unicode>secundo</Unicode>
                    </TextEquiv>
                    <TextStyle fontFamily="Times New Roman" fontSize="9.5"/>
                </Word>
                <TextEquiv>
                    <Unicode>mo quod Paulus mentiretur; secundo</Unicode>
                </TextEquiv>
                <TextStyle fontFamily="Times New Roman" fontSize="9.5"/>
            </TextLine>
            <TextLine id="tl_89" primaryLanguage="English" custom="readingOrder {index:23;}">
                <Coords points="1445,2369 2447,2369 2447,2422 1445,2422"/>
                <Baseline points="1445,2422 1562,2410 1748,2409 1912,2408 2165,2409 2243,2409 2447,2410"/>
                <Word id="w_w2aab1c13b2c11c15ab1" language="English" custom="readingOrder {index:0;}">
                    <Coords points="1445,2371 1562,2371 1562,2422 1445,2422"/>
                    <TextEquiv>
                        <Unicode>quod</Unicode>
                    </TextEquiv>
                    <TextStyle fontFamily="Times New Roman" fontSize="9.5"/>
                </Word>
                <Word id="w_w2aab1c13b2c11c15ac11" language="English" custom="readingOrder {index:1;}">
                    <Coords points="1601,2374 1748,2374 1748,2421 1601,2421"/>
                    <TextEquiv>
                        <Unicode>posset</Unicode>
                    </TextEquiv>
                    <TextStyle fontFamily="Times New Roman" fontSize="9.5"/>
                </Word>
                <Word id="w_w2aab1c13b2c11c15ac25" language="English" custom="readingOrder {index:2;}">
                    <Coords points="1774,2370 1912,2370 1912,2420 1774,2420"/>
                    <TextEquiv>
                        <Unicode>decipi</Unicode>
                    </TextEquiv>
                    <TextStyle fontFamily="Times New Roman" fontSize="9.5"/>
                </Word>
                <Word id="w_w2aab1c13b2c11c15ac39" language="English" custom="readingOrder {index:3;}">
                    <Coords points="1927,2369 2165,2369 2165,2421 1927,2421"/>
                    <TextEquiv>
                        <Unicode>judicando</Unicode>
                    </TextEquiv>
                    <TextStyle fontFamily="Times New Roman" fontSize="9.5"/>
                </Word>
                <Word id="w_w2aab1c13b2c11c15ac59" language="English" custom="readingOrder {index:4;}">
                    <Coords points="2198,2381 2243,2381 2243,2409 2198,2409"/>
                    <TextEquiv>
                        <Unicode>se</Unicode>
                    </TextEquiv>
                    <TextStyle fontFamily="Times New Roman" fontSize="9.5"/>
                </Word>
                <Word id="w_w2aab1c13b2c11c15ac65" language="English" custom="readingOrder {index:5;}">
                    <Coords points="2289,2370 2447,2370 2447,2411 2289,2411"/>
                    <TextEquiv>
                        <Unicode>vidisse</Unicode>
                    </TextEquiv>
                    <TextStyle fontFamily="Times New Roman" fontSize="9.5"/>
                </Word>
                <TextEquiv>
                    <Unicode>quod posset decipi judicando se vidisse</Unicode>
                </TextEquiv>
                <TextStyle fontFamily="Times New Roman" fontSize="9.5"/>
            </TextLine>
            <TextLine id="tl_90" primaryLanguage="English" custom="readingOrder {index:24;}">
                <Coords points="1445,2446 2448,2446 2448,2493 1445,2493"/>
                <Baseline points="1445,2486 1630,2484 1898,2493 2029,2483 2158,2483 2264,2485 2448,2486"/>
                <Word id="w_w2aab1c13b2c11c17ab1" language="English" custom="readingOrder {index:0;}">
                    <Coords points="1445,2447 1630,2447 1630,2486 1445,2486"/>
                    <TextEquiv>
                        <Unicode>divinam</Unicode>
                    </TextEquiv>
                    <TextStyle fontFamily="Times New Roman" fontSize="9.5"/>
                </Word>
                <Word id="w_w2aab1c13b2c11c17ac17" language="English" custom="readingOrder {index:1;}">
                    <Coords points="1652,2447 1898,2447 1898,2493 1652,2493"/>
                    <TextEquiv>
                        <Unicode>essentiam,</Unicode>
                    </TextEquiv>
                    <TextStyle fontFamily="Times New Roman" fontSize="9.5"/>
                </Word>
                <Word id="w_w2aab1c13b2c11c17ac39" language="English" custom="readingOrder {index:2;}">
                    <Coords points="1937,2456 2029,2456 2029,2484 1937,2484"/>
                    <TextEquiv>
                        <Unicode>cum</Unicode>
                    </TextEquiv>
                    <TextStyle fontFamily="Times New Roman" fontSize="9.5"/>
                </Word>
                <Word id="w_w2aab1c13b2c11c17ac47" language="English" custom="readingOrder {index:3;}">
                    <Coords points="2061,2456 2158,2456 2158,2484 2061,2484"/>
                    <TextEquiv>
                        <Unicode>eam</Unicode>
                    </TextEquiv>
                    <TextStyle fontFamily="Times New Roman" fontSize="9.5"/>
                </Word>
                <Word id="w_w2aab1c13b2c11c17ac55" language="English" custom="readingOrder {index:4;}">
                    <Coords points="2178,2456 2264,2456 2264,2485 2178,2485"/>
                    <TextEquiv>
                        <Unicode>non</Unicode>
                    </TextEquiv>
                    <TextStyle fontFamily="Times New Roman" fontSize="9.5"/>
                </Word>
                <Word id="w_w2aab1c13b2c11c17ac63" language="English" custom="readingOrder {index:5;}">
                    <Coords points="2281,2446 2448,2446 2448,2486 2281,2486"/>
                    <TextEquiv>
                        <Unicode>viderit.</Unicode>
                    </TextEquiv>
                    <TextStyle fontFamily="Times New Roman" fontSize="9.5"/>
                </Word>
                <TextEquiv>
                    <Unicode>divinam essentiam, cum eam non viderit.</Unicode>
                </TextEquiv>
                <TextStyle fontFamily="Times New Roman" fontSize="9.5"/>
            </TextLine>
            <TextLine id="tl_91" primaryLanguage="English" custom="readingOrder {index:25;}">
                <Coords points="1443,2520 2452,2520 2452,2572 1443,2572"/>
                <Baseline points="1443,2560 1527,2560 1668,2559 2058,2559 2262,2560 2452,2560"/>
                <Word id="w_w2aab1c13b2c13b1ab1" language="English" custom="readingOrder {index:0;}">
                    <Coords points="1443,2521 1527,2521 1527,2560 1443,2560"/>
                    <TextEquiv>
                        <Unicode>Sed</Unicode>
                    </TextEquiv>
                    <TextStyle fontFamily="Times New Roman" fontSize="9.5"/>
                </Word>
                <Word id="w_w2aab1c13b2c13b1ab9" language="English" custom="readingOrder {index:1;}">
                    <Coords points="1543,2520 1668,2520 1668,2560 1543,2560"/>
                    <TextEquiv>
                        <Unicode>facile</Unicode>
                    </TextEquiv>
                    <TextStyle fontFamily="Times New Roman" fontSize="9.5"/>
                </Word>
                <Word id="w_w2aab1c13b2c13b1ac23" language="English" custom="readingOrder {index:2;}">
                    <Coords points="1688,2520 2058,2520 2058,2570 1688,2570"/>
                    <TextEquiv>
                        <Unicode>respondetur,ad</Unicode>
                    </TextEquiv>
                    <TextStyle fontFamily="Times New Roman" fontSize="9.5"/>
                </Word>
                <Word id="w_w2aab1c13b2c13b1ac53" language="English" custom="readingOrder {index:3;}">
                    <Coords points="2081,2523 2262,2523 2262,2570 2081,2570"/>
                    <TextEquiv>
                        <Unicode>primum</Unicode>
                    </TextEquiv>
                    <TextStyle fontFamily="Times New Roman" fontSize="9.5"/>
                </Word>
                <Word id="w_w2aab1c13b2c13b1ac67" language="English" custom="readingOrder {index:4;}">
                    <Coords points="2279,2522 2452,2522 2452,2572 2279,2572"/>
                    <TextEquiv>
                        <Unicode>quidem</Unicode>
                    </TextEquiv>
                    <TextStyle fontFamily="Times New Roman" fontSize="9.5"/>
                </Word>
                <TextEquiv>
                    <Unicode>Sed facile respondetur,ad primum quidem</Unicode>
                </TextEquiv>
                <TextStyle fontFamily="Times New Roman" fontSize="9.5"/>
            </TextLine>
            <TextLine id="tl_92" primaryLanguage="English" custom="readingOrder {index:26;}">
                <Coords points="1443,2595 2452,2595 2452,2648 1443,2648"/>
                <Baseline points="1443,2648 1560,2636 1636,2636 1892,2634 2026,2634 2120,2635 2323,2644 2452,2640"/>
                <Word id="w_w2aab1c13b2c13b3ab1" language="English" custom="readingOrder {index:0;}">
                    <Coords points="1443,2597 1560,2597 1560,2648 1443,2648"/>
                    <TextEquiv>
                        <Unicode>quod</Unicode>
                    </TextEquiv>
                    <TextStyle fontFamily="Times New Roman" fontSize="9.5"/>
                </Word>
                <Word id="w_w2aab1c13b2c13b3ac11" language="English" custom="readingOrder {index:1;}">
                    <Coords points="1580,2598 1636,2598 1636,2636 1580,2636"/>
                    <TextEquiv>
                        <Unicode>sic</Unicode>
                    </TextEquiv>
                    <TextStyle fontFamily="Times New Roman" fontSize="9.5"/>
                </Word>
                <Word id="w_w2aab1c13b2c13b3ac19" language="English" custom="readingOrder {index:2;}">
                    <Coords points="1658,2599 1892,2599 1892,2647 1658,2647"/>
                    <TextEquiv>
                        <Unicode>negaretur</Unicode>
                    </TextEquiv>
                    <TextStyle fontFamily="Times New Roman" fontSize="9.5"/>
                </Word>
                <Word id="w_w2aab1c13b2c13b3ac39" language="English" custom="readingOrder {index:3;}">
                    <Coords points="1918,2595 2026,2595 2026,2635 1918,2635"/>
                    <TextEquiv>
                        <Unicode>fides</Unicode>
                    </TextEquiv>
                    <TextStyle fontFamily="Times New Roman" fontSize="9.5"/>
                </Word>
                <Word id="w_w2aab1c13b2c13b3ac51" language="English" custom="readingOrder {index:4;}">
                    <Coords points="2046,2597 2120,2597 2120,2635 2046,2635"/>
                    <TextEquiv>
                        <Unicode>ulli</Unicode>
                    </TextEquiv>
                    <TextStyle fontFamily="Times New Roman" fontSize="9.5"/>
                </Word>
                <Word id="w_w2aab1c13b2c13b3ac61" language="English" custom="readingOrder {index:5;}">
                    <Coords points="2147,2597 2323,2597 2323,2644 2147,2644"/>
                    <TextEquiv>
                        <Unicode>homini,</Unicode>
                    </TextEquiv>
                    <TextStyle fontFamily="Times New Roman" fontSize="9.5"/>
                </Word>
                <Word id="w_w2aab1c13b2c13b3ac77" language="English" custom="readingOrder {index:6;}">
                    <Coords points="2347,2598 2452,2598 2452,2640 2347,2640"/>
                    <TextEquiv>
                        <Unicode>nulli</Unicode>
                    </TextEquiv>
                    <TextStyle fontFamily="Times New Roman" fontSize="9.5"/>
                </Word>
                <TextEquiv>
                    <Unicode>quod sic negaretur fides ulli homini, nulli</Unicode>
                </TextEquiv>
                <TextStyle fontFamily="Times New Roman" fontSize="9.5"/>
            </TextLine>
            <TextLine id="tl_93" primaryLanguage="English" custom="readingOrder {index:27;}">
                <Coords points="1443,2671 2454,2671 2454,2723 1443,2723"/>
                <Baseline points="1443,2712 1556,2711 1711,2710 1870,2710 2019,2711 2299,2712 2454,2721"/>
                <Word id="w_w2aab1c13b2c13b5ab1" language="English" custom="readingOrder {index:0;}">
                    <Coords points="1443,2674 1556,2674 1556,2712 1443,2712"/>
                    <TextEquiv>
                        <Unicode>enim</Unicode>
                    </TextEquiv>
                    <TextStyle fontFamily="Times New Roman" fontSize="9.5"/>
                </Word>
                <Word id="w_w2aab1c13b2c13b5ac11" language="English" custom="readingOrder {index:1;}">
                    <Coords points="1572,2674 1711,2674 1711,2723 1572,2723"/>
                    <TextEquiv>
                        <Unicode>potius</Unicode>
                    </TextEquiv>
                    <TextStyle fontFamily="Times New Roman" fontSize="9.5"/>
                </Word>
                <Word id="w_w2aab1c13b2c13b5ac25" language="English" custom="readingOrder {index:2;}">
                    <Coords points="1745,2683 1870,2683 1870,2722 1745,2722"/>
                    <TextEquiv>
                        <Unicode>quam</Unicode>
                    </TextEquiv>
                    <TextStyle fontFamily="Times New Roman" fontSize="9.5"/>
                </Word>
                <Word id="w_w2aab1c13b2c13b5ac35" language="English" custom="readingOrder {index:3;}">
                    <Coords points="1892,2671 2019,2671 2019,2711 1892,2711"/>
                    <TextEquiv>
                        <Unicode>Paulo</Unicode>
                    </TextEquiv>
                    <TextStyle fontFamily="Times New Roman" fontSize="9.5"/>
                </Word>
                <Word id="w_w2aab1c13b2c13b5ac47" language="English" custom="readingOrder {index:4;}">
                    <Coords points="2037,2672 2299,2672 2299,2712 2037,2712"/>
                    <TextEquiv>
                        <Unicode>credendum</Unicode>
                    </TextEquiv>
                    <TextStyle fontFamily="Times New Roman" fontSize="9.5"/>
                </Word>
                <Word id="w_w2aab1c13b2c13b5ac67" language="English" custom="readingOrder {index:5;}">
                    <Coords points="2323,2676 2454,2676 2454,2721 2323,2721"/>
                    <TextEquiv>
                        <Unicode>esset,</Unicode>
                    </TextEquiv>
                    <TextStyle fontFamily="Times New Roman" fontSize="9.5"/>
                </Word>
                <TextEquiv>
                    <Unicode>enim potius quam Paulo credendum esset,</Unicode>
                </TextEquiv>
                <TextStyle fontFamily="Times New Roman" fontSize="9.5"/>
            </TextLine>
            <TextLine id="tl_94" primaryLanguage="English" custom="readingOrder {index:28;}">
                <Coords points="1443,2748 2452,2748 2452,2789 1443,2789"/>
                <Baseline points="1443,2788 1540,2787 1648,2787 1867,2786 2025,2787 2320,2788 2452,2778"/>
                <Word id="w_w2aab1c13b2c13b7ab1" language="English" custom="readingOrder {index:0;}">
                    <Coords points="1443,2760 1540,2760 1540,2788 1443,2788"/>
                    <TextEquiv>
                        <Unicode>cum</Unicode>
                    </TextEquiv>
                    <TextStyle fontFamily="Times New Roman" fontSize="9.5"/>
                </Word>
                <Word id="w_w2aab1c13b2c13b7ab9" language="English" custom="readingOrder {index:1;}">
                    <Coords points="1562,2759 1648,2759 1648,2787 1562,2787"/>
                    <TextEquiv>
                        <Unicode>non</Unicode>
                    </TextEquiv>
                    <TextStyle fontFamily="Times New Roman" fontSize="9.5"/>
                </Word>
                <Word id="w_w2aab1c13b2c13b7ac17" language="English" custom="readingOrder {index:2;}">
                    <Coords points="1668,2748 1867,2748 1867,2787 1668,2787"/>
                    <TextEquiv>
                        <Unicode>habuerit</Unicode>
                    </TextEquiv>
                    <TextStyle fontFamily="Times New Roman" fontSize="9.5"/>
                </Word>
                <Word id="w_w2aab1c13b2c13b7ac35" language="English" custom="readingOrder {index:3;}">
                    <Coords points="1895,2748 2025,2748 2025,2787 1895,2787"/>
                    <TextEquiv>
                        <Unicode>ullam</Unicode>
                    </TextEquiv>
                    <TextStyle fontFamily="Times New Roman" fontSize="9.5"/>
                </Word>
                <Word id="w_w2aab1c13b2c13b7ac47" language="English" custom="readingOrder {index:4;}">
                    <Coords points="2047,2749 2320,2749 2320,2789 2047,2789"/>
                    <TextEquiv>
                        <Unicode>occasionem</Unicode>
                    </TextEquiv>
                    <TextStyle fontFamily="Times New Roman" fontSize="9.5"/>
                </Word>
                <Word id="w_w2aab1c13b2c13b7ac69" language="English" custom="readingOrder {index:5;}">
                    <Coords points="2349,2761 2452,2761 2452,2789 2349,2789"/>
                    <TextEquiv>
                        <Unicode>con¬</Unicode>
                    </TextEquiv>
                    <TextStyle fontFamily="Times New Roman" fontSize="9.5"/>
                </Word>
                <TextEquiv>
                    <Unicode>cum non habuerit ullam occasionem con¬</Unicode>
                </TextEquiv>
                <TextStyle fontFamily="Times New Roman" fontSize="9.5"/>
            </TextLine>
            <TextLine id="tl_95" primaryLanguage="English" custom="readingOrder {index:29;}">
                <Coords points="1440,2823 2447,2823 2447,2875 1440,2875"/>
                <Baseline points="1440,2863 1635,2863 1794,2861 2040,2862 2120,2862 2447,2855"/>
                <Word id="w_w2aab1c13b2c13b9ab1" language="English" custom="readingOrder {index:0;}">
                    <Coords points="1440,2823 1635,2823 1635,2875 1440,2875"/>
                    <TextEquiv>
                        <Unicode>fingendi</Unicode>
                    </TextEquiv>
                    <TextStyle fontFamily="Times New Roman" fontSize="9.5"/>
                </Word>
                <Word id="w_w2aab1c13b2c13b9ac19" language="English" custom="readingOrder {index:1;}">
                    <Coords points="1665,2824 1794,2824 1794,2862 1665,2862"/>
                    <TextEquiv>
                        <Unicode>talem</Unicode>
                    </TextEquiv>
                    <TextStyle fontFamily="Times New Roman" fontSize="9.5"/>
                </Word>
                <Word id="w_w2aab1c13b2c13b9ac31" language="English" custom="readingOrder {index:2;}">
                    <Coords points="1830,2823 2040,2823 2040,2863 1830,2863"/>
                    <TextEquiv>
                        <Unicode>visionem</Unicode>
                    </TextEquiv>
                    <TextStyle fontFamily="Times New Roman" fontSize="9.5"/>
                </Word>
                <Word id="w_w2aab1c13b2c13b9ac49" language="English" custom="readingOrder {index:3;}">
                    <Coords points="2065,2823 2120,2823 2120,2862 2065,2862"/>
                    <TextEquiv>
                        <Unicode>ad</Unicode>
                    </TextEquiv>
                    <TextStyle fontFamily="Times New Roman" fontSize="9.5"/>
                </Word>
                <Word id="w_w2aab1c13b2c13b9ac55" language="English" custom="readingOrder {index:4;}">
                    <Coords points="2159,2825 2447,2825 2447,2864 2159,2864"/>
                    <TextEquiv>
                        <Unicode>confirmatio¬</Unicode>
                    </TextEquiv>
                    <TextStyle fontFamily="Times New Roman" fontSize="9.5"/>
                </Word>
                <TextEquiv>
                    <Unicode>fingendi talem visionem ad confirmatio¬</Unicode>
                </TextEquiv>
                <TextStyle fontFamily="Times New Roman" fontSize="9.5"/>
            </TextLine>
            <TextLine id="tl_96" primaryLanguage="English" custom="readingOrder {index:30;}">
                <Coords points="1440,2899 2448,2899 2448,2951 1440,2951"/>
                <Baseline points="1440,2938 1542,2938 1700,2938 1940,2938 2115,2947 2214,2939 2324,2940 2448,2930"/>
                <Word id="w_w2aab1c13b2c13c11ab1" language="English" custom="readingOrder {index:0;}">
                    <Coords points="1440,2911 1542,2911 1542,2938 1440,2938"/>
                    <TextEquiv>
                        <Unicode>nem</Unicode>
                    </TextEquiv>
                    <TextStyle fontFamily="Times New Roman" fontSize="9.5"/>
                </Word>
                <Word id="w_w2aab1c13b2c13c11ab9" language="English" custom="readingOrder {index:1;}">
                    <Coords points="1578,2901 1700,2901 1700,2939 1578,2939"/>
                    <TextEquiv>
                        <Unicode>istius</Unicode>
                    </TextEquiv>
                    <TextStyle fontFamily="Times New Roman" fontSize="9.5"/>
                </Word>
                <Word id="w_w2aab1c13b2c13c11ac23" language="English" custom="readingOrder {index:2;}">
                    <Coords points="1739,2899 1940,2899 1940,2938 1739,2938"/>
                    <TextEquiv>
                        <Unicode>doctrinae</Unicode>
                    </TextEquiv>
                    <TextStyle fontFamily="Times New Roman" fontSize="9.5"/>
                </Word>
                <Word id="w_w2aab1c13b2c13c11ac43" language="English" custom="readingOrder {index:3;}">
                    <Coords points="1976,2909 2115,2909 2115,2947 1976,2947"/>
                    <TextEquiv>
                        <Unicode>novae,</Unicode>
                    </TextEquiv>
                    <TextStyle fontFamily="Times New Roman" fontSize="9.5"/>
                </Word>
                <Word id="w_w2aab1c13b2c13c11ac57" language="English" custom="readingOrder {index:4;}">
                    <Coords points="2161,2911 2214,2911 2214,2939 2161,2939"/>
                    <TextEquiv>
                        <Unicode>ex</Unicode>
                    </TextEquiv>
                    <TextStyle fontFamily="Times New Roman" fontSize="9.5"/>
                </Word>
                <Word id="w_w2aab1c13b2c13c11ac63" language="English" custom="readingOrder {index:5;}">
                    <Coords points="2241,2912 2324,2912 2324,2951 2241,2951"/>
                    <TextEquiv>
                        <Unicode>qua</Unicode>
                    </TextEquiv>
                    <TextStyle fontFamily="Times New Roman" fontSize="9.5"/>
                </Word>
                <Word id="w_w2aab1c13b2c13c11ac71" language="English" custom="readingOrder {index:6;}">
                    <Coords points="2348,2902 2448,2902 2448,2941 2348,2941"/>
                    <TextEquiv>
                        <Unicode>insi¬</Unicode>
                    </TextEquiv>
                    <TextStyle fontFamily="Times New Roman" fontSize="9.5"/>
                </Word>
                <TextEquiv>
                    <Unicode>nem istius doctrinae novae, ex qua insi¬</Unicode>
                </TextEquiv>
                <TextStyle fontFamily="Times New Roman" fontSize="9.5"/>
            </TextLine>
            <TextLine id="tl_97" primaryLanguage="English" custom="readingOrder {index:31;}">
                <Coords points="1441,2976 2452,2976 2452,3027 1441,3027"/>
                <Baseline points="1441,3016 1616,3016 1805,3015 1974,3015 2233,3017 2452,3008"/>
                <Word id="w_w2aab1c13b2c13c13ab1" language="English" custom="readingOrder {index:0;}">
                    <Coords points="1441,2977 1616,2977 1616,3016 1441,3016"/>
                    <TextEquiv>
                        <Unicode>nuanda</Unicode>
                    </TextEquiv>
                    <TextStyle fontFamily="Times New Roman" fontSize="9.5"/>
                </Word>
                <Word id="w_w2aab1c13b2c13c13ac15" language="English" custom="readingOrder {index:1;}">
                    <Coords points="1640,2976 1805,2976 1805,3016 1640,3016"/>
                    <TextEquiv>
                        <Unicode>nullum</Unicode>
                    </TextEquiv>
                    <TextStyle fontFamily="Times New Roman" fontSize="9.5"/>
                </Word>
                <Word id="w_w2aab1c13b2c13c13ac29" language="English" custom="readingOrder {index:2;}">
                    <Coords points="1825,2979 1974,2979 1974,3026 1825,3026"/>
                    <TextEquiv>
                        <Unicode>posset</Unicode>
                    </TextEquiv>
                    <TextStyle fontFamily="Times New Roman" fontSize="9.5"/>
                </Word>
                <Word id="w_w2aab1c13b2c13c13ac43" language="English" custom="readingOrder {index:3;}">
                    <Coords points="2004,2982 2233,2982 2233,3027 2004,3027"/>
                    <TextEquiv>
                        <Unicode>expectare</Unicode>
                    </TextEquiv>
                    <TextStyle fontFamily="Times New Roman" fontSize="9.5"/>
                </Word>
                <Word id="w_w2aab1c13b2c13c13ac63" language="English" custom="readingOrder {index:4;}">
                    <Coords points="2265,2989 2452,2989 2452,3018 2265,3018"/>
                    <TextEquiv>
                        <Unicode>commo¬</Unicode>
                    </TextEquiv>
                    <TextStyle fontFamily="Times New Roman" fontSize="9.5"/>
                </Word>
                <TextEquiv>
                    <Unicode>nuanda nullum posset expectare commo¬</Unicode>
                </TextEquiv>
                <TextStyle fontFamily="Times New Roman" fontSize="9.5"/>
            </TextLine>
            <TextLine id="tl_98" primaryLanguage="English" custom="readingOrder {index:32;}">
                <Coords points="1441,3051 2453,3051 2453,3103 1441,3103"/>
                <Baseline points="1441,3091 1642,3090 1814,3092 2036,3092 2377,3094 2453,3093"/>
                <Word id="w_w2aab1c13b2c13c15ab1" language="English" custom="readingOrder {index:0;}">
                    <Coords points="1441,3051 1642,3051 1642,3098 1441,3098"/>
                    <TextEquiv>
                        <Unicode>dum,sed</Unicode>
                    </TextEquiv>
                    <TextStyle fontFamily="Times New Roman" fontSize="9.5"/>
                </Word>
                <Word id="w_w2aab1c13b2c13c15ac17" language="English" custom="readingOrder {index:1;}">
                    <Coords points="1670,3054 1814,3054 1814,3101 1670,3101"/>
                    <TextEquiv>
                        <Unicode>potius</Unicode>
                    </TextEquiv>
                    <TextStyle fontFamily="Times New Roman" fontSize="9.5"/>
                </Word>
                <Word id="w_w2aab1c13b2c13c15ac31" language="English" custom="readingOrder {index:2;}">
                    <Coords points="1836,3052 2036,3052 2036,3102 1836,3102"/>
                    <TextEquiv>
                        <Unicode>plurimas</Unicode>
                    </TextEquiv>
                    <TextStyle fontFamily="Times New Roman" fontSize="9.5"/>
                </Word>
                <Word id="w_w2aab1c13b2c13c15ac49" language="English" custom="readingOrder {index:3;}">
                    <Coords points="2052,3054 2377,3054 2377,3103 2052,3103"/>
                    <TextEquiv>
                        <Unicode>persecutiones</Unicode>
                    </TextEquiv>
                    <TextStyle fontFamily="Times New Roman" fontSize="9.5"/>
                </Word>
                <Word id="w_w2aab1c13b2c13c15ac77" language="English" custom="readingOrder {index:4;}">
                    <Coords points="2410,3057 2453,3057 2453,3093 2410,3093"/>
                    <TextEquiv>
                        <Unicode>et</Unicode>
                    </TextEquiv>
                    <TextStyle fontFamily="Times New Roman" fontSize="9.5"/>
                </Word>
                <TextEquiv>
                    <Unicode>dum,sed potius plurimas persecutiones et</Unicode>
                </TextEquiv>
                <TextStyle fontFamily="Times New Roman" fontSize="9.5"/>
            </TextLine>
            <TextLine id="tl_99" primaryLanguage="English" custom="readingOrder {index:33;}">
                <Coords points="1443,3127 1728,3127 1728,3168 1443,3168"/>
                <Baseline points="1443,3168 1728,3165"/>
                <Word id="w_w2aab1c13b2c13c17ab1" language="English" custom="readingOrder {index:0;}">
                    <Coords points="1443,3127 1728,3127 1728,3168 1443,3168"/>
                    <TextEquiv>
                        <Unicode>difficultates.</Unicode>
                    </TextEquiv>
                    <TextStyle fontFamily="Times New Roman" fontSize="9.5"/>
                </Word>
                <TextEquiv>
                    <Unicode>difficultates.</Unicode>
                </TextEquiv>
                <TextStyle fontFamily="Times New Roman" fontSize="9.5"/>
            </TextLine>
            <TextEquiv>
                <Unicode>Respondet tertio, aliqua esse miracula, 29. '
quae facta sunt in confirmationem nostrae
doctrinae, quae excedunt capacitatem dia- ^‘cuia* |
boli et totius naturae, et propterea refundi neqboiUs Jl
debent in Deum tanquam in auctorem ; ^spoa-z
unde sequitur saltem ex his miraculis sio3*fi[
nostram doctrinam esse veram, quamvis
non posset sequi ex aliis miraculis. Hujus¬
modi vero miraculorum duo proponit
genera, unum consistens in praevisione
futurorum contingentium, quae sine dubio
fieri non potest certo et determinate, nisi
Deo revelante ; alterum consistit in raptu
Pauli 2. Cor. 12. in quo, ut supponit hic
Doctor, vidit essentiam divinam, cujus vi-
sionis postea etiam meminit. Evidens au- dit es-|
tem est, nec diabolum, nec ullam creatu- T1Qunl| I
ram posse communicare talem visionem
essentiae divinae ; unde Deus ipse necessa¬
rio dicendus est causa quae principaliter
communicavit ipsam. Contra hoc secun¬
dum miraculum duo objici possunt; pri¬
mo quod Paulus mentiretur; secundo
quod posset decipi judicando se vidisse
divinam essentiam, cum eam non viderit.
Sed facile respondetur,ad primum quidem
quod sic negaretur fides ulli homini, nulli
enim potius quam Paulo credendum esset,
cum non habuerit ullam occasionem con¬
fingendi talem visionem ad confirmatio¬
nem istius doctrinae novae, ex qua insi¬
nuanda nullum posset expectare commo¬
dum,sed potius plurimas persecutiones et
difficultates.</Unicode>
            </TextEquiv>
        </TextRegion>
        <TextRegion type="paragraph" id="r_7_8" custom="readingOrder {index:4;}">
            <Coords points="1437,3202 2479,3202 2479,3637 1437,3637"/>
            <TextLine id="tl_100" primaryLanguage="English" custom="readingOrder {index:0;}">
                <Coords points="1492,3203 2450,3203 2450,3257 1492,3257"/>
                <Baseline points="1492,3242 1556,3242 1819,3242 2138,3242 2309,3253 2450,3246"/>
                <Word id="w_w2aab1c13b2c15b1ab1" language="English" custom="readingOrder {index:0;}">
                    <Coords points="1492,3203 1556,3203 1556,3242 1492,3242"/>
                    <TextEquiv>
                        <Unicode>Ad</Unicode>
                    </TextEquiv>
                    <TextStyle fontFamily="Times New Roman" fontSize="9.5"/>
                </Word>
                <Word id="w_w2aab1c13b2c15b1ab7" language="English" custom="readingOrder {index:1;}">
                    <Coords points="1576,3203 1819,3203 1819,3243 1576,3243"/>
                    <TextEquiv>
                        <Unicode>secundum</Unicode>
                    </TextEquiv>
                    <TextStyle fontFamily="Times New Roman" fontSize="9.5"/>
                </Word>
                <Word id="w_w2aab1c13b2c15b1ac25" language="English" custom="readingOrder {index:2;}">
                    <Coords points="1849,3203 2138,3203 2138,3253 1849,3253"/>
                    <TextEquiv>
                        <Unicode>respondetur</Unicode>
                    </TextEquiv>
                    <TextStyle fontFamily="Times New Roman" fontSize="9.5"/>
                </Word>
                <Word id="w_w2aab1c13b2c15b1ac49" language="English" custom="readingOrder {index:3;}">
                    <Coords points="2158,3207 2309,3207 2309,3255 2158,3255"/>
                    <TextEquiv>
                        <Unicode>primo,</Unicode>
                    </TextEquiv>
                    <TextStyle fontFamily="Times New Roman" fontSize="9.5"/>
                </Word>
                <Word id="w_w2aab1c13b2c15b1ac63" language="English" custom="readingOrder {index:4;}">
                    <Coords points="2333,3206 2450,3206 2450,3257 2333,3257"/>
                    <TextEquiv>
                        <Unicode>quod</Unicode>
                    </TextEquiv>
                    <TextStyle fontFamily="Times New Roman" fontSize="9.5"/>
                </Word>
                <TextEquiv>
                    <Unicode>Ad secundum respondetur primo, quod</Unicode>
                </TextEquiv>
                <TextStyle fontFamily="Times New Roman" fontSize="9.5"/>
            </TextLine>
            <TextLine id="tl_101" primaryLanguage="English" custom="readingOrder {index:1;}">
                <Coords points="1441,3279 2452,3279 2452,3332 1441,3332"/>
                <Baseline points="1441,3318 1528,3318 1624,3318 1768,3317 2022,3318 2182,3319 2452,3321"/>
                <Word id="w_w2aab1c13b2c15b3ab1" language="English" custom="readingOrder {index:0;}">
                    <Coords points="1441,3290 1528,3290 1528,3319 1441,3319"/>
                    <TextEquiv>
                        <Unicode>non</Unicode>
                    </TextEquiv>
                    <TextStyle fontFamily="Times New Roman" fontSize="9.5"/>
                </Word>
                <Word id="w_w2aab1c13b2c15b3ab9" language="English" custom="readingOrder {index:1;}">
                    <Coords points="1557,3282 1624,3282 1624,3318 1557,3318"/>
                    <TextEquiv>
                        <Unicode>est</Unicode>
                    </TextEquiv>
                    <TextStyle fontFamily="Times New Roman" fontSize="9.5"/>
                </Word>
                <Word id="w_w2aab1c13b2c15b3ac17" language="English" custom="readingOrder {index:2;}">
                    <Coords points="1650,3279 1768,3279 1768,3318 1650,3318"/>
                    <TextEquiv>
                        <Unicode>unde</Unicode>
                    </TextEquiv>
                    <TextStyle fontFamily="Times New Roman" fontSize="9.5"/>
                </Word>
                <Word id="w_w2aab1c13b2c15b3ac27" language="English" custom="readingOrder {index:3;}">
                    <Coords points="1799,3279 2022,3279 2022,3330 1799,3330"/>
                    <TextEquiv>
                        <Unicode>colligatur</Unicode>
                    </TextEquiv>
                    <TextStyle fontFamily="Times New Roman" fontSize="9.5"/>
                </Word>
                <Word id="w_w2aab1c13b2c15b3ac49" language="English" custom="readingOrder {index:4;}">
                    <Coords points="2043,3280 2182,3280 2182,3330 2043,3330"/>
                    <TextEquiv>
                        <Unicode>ipsum</Unicode>
                    </TextEquiv>
                    <TextStyle fontFamily="Times New Roman" fontSize="9.5"/>
                </Word>
                <Word id="w_w2aab1c13b2c15b3ac61" language="English" custom="readingOrder {index:5;}">
                    <Coords points="2221,3280 2452,3280 2452,3332 2221,3332"/>
                    <TextEquiv>
                        <Unicode>deceptum</Unicode>
                    </TextEquiv>
                    <TextStyle fontFamily="Times New Roman" fontSize="9.5"/>
                </Word>
                <TextEquiv>
                    <Unicode>non est unde colligatur ipsum deceptum</Unicode>
                </TextEquiv>
                <TextStyle fontFamily="Times New Roman" fontSize="9.5"/>
            </TextLine>
            <TextLine id="tl_102" primaryLanguage="English" custom="readingOrder {index:2;}">
                <Coords points="1438,3354 2478,3354 2478,3408 1438,3408"/>
                <Baseline points="1438,3393 1587,3403 1719,3393 1837,3394 1999,3394 2154,3395 2335,3397 2478,3400"/>
                <Word id="w_w2aab1c13b2c15b5ab1" language="English" custom="readingOrder {index:0;}">
                    <Coords points="1438,3354 1587,3354 1587,3403 1438,3403"/>
                    <TextEquiv>
                        <Unicode>fuisse,</Unicode>
                    </TextEquiv>
                    <TextStyle fontFamily="Times New Roman" fontSize="9.5"/>
                </Word>
                <Word id="w_w2aab1c13b2c15b5ac17" language="English" custom="readingOrder {index:1;}">
                    <Coords points="1619,3366 1719,3366 1719,3394 1619,3394"/>
                    <TextEquiv>
                        <Unicode>nam</Unicode>
                    </TextEquiv>
                    <TextStyle fontFamily="Times New Roman" fontSize="9.5"/>
                </Word>
                <Word id="w_w2aab1c13b2c15b5ac25" language="English" custom="readingOrder {index:2;}">
                    <Coords points="1745,3354 1837,3354 1837,3394 1745,3394"/>
                    <TextEquiv>
                        <Unicode>sine</Unicode>
                    </TextEquiv>
                    <TextStyle fontFamily="Times New Roman" fontSize="9.5"/>
                </Word>
                <Word id="w_w2aab1c13b2c15b5ac35" language="English" custom="readingOrder {index:3;}">
                    <Coords points="1871,3354 1999,3354 1999,3395 1871,3395"/>
                    <TextEquiv>
                        <Unicode>dubio</Unicode>
                    </TextEquiv>
                    <TextStyle fontFamily="Times New Roman" fontSize="9.5"/>
                </Word>
                <Word id="w_w2aab1c13b2c15b5ac47" language="English" custom="readingOrder {index:4;}">
                    <Coords points="2039,3357 2154,3357 2154,3396 2039,3396"/>
                    <TextEquiv>
                        <Unicode>Deus</Unicode>
                    </TextEquiv>
                    <TextStyle fontFamily="Times New Roman" fontSize="9.5"/>
                </Word>
                <Word id="w_w2aab1c13b2c15b5ac57" language="English" custom="readingOrder {index:5;}">
                    <Coords points="2186,3362 2335,3362 2335,3407 2186,3407"/>
                    <TextEquiv>
                        <Unicode>posset</Unicode>
                    </TextEquiv>
                    <TextStyle fontFamily="Times New Roman" fontSize="9.5"/>
                </Word>
                <Word id="w_w2aab1c13b2c15b5ac71" language="English" custom="readingOrder {index:6;}">
                    <Coords points="2371,3359 2478,3359 2478,3408 2371,3408"/>
                    <TextEquiv>
                        <Unicode>ipsi.</Unicode>
                    </TextEquiv>
                    <TextStyle fontFamily="Times New Roman" fontSize="9.5"/>
                </Word>
                <TextEquiv>
                    <Unicode>fuisse, nam sine dubio Deus posset ipsi.</Unicode>
                </TextEquiv>
                <TextStyle fontFamily="Times New Roman" fontSize="9.5"/>
            </TextLine>
            <TextLine id="tl_103" primaryLanguage="English" custom="readingOrder {index:3;}">
                <Coords points="1440,3429 2445,3429 2445,3483 1440,3483"/>
                <Baseline points="1440,3469 1754,3469 1924,3469 2193,3472 2445,3483"/>
                <Word id="w_w2aab1c13b2c15b7ab1" language="English" custom="readingOrder {index:0;}">
                    <Coords points="1440,3430 1754,3430 1754,3470 1440,3470"/>
                    <TextEquiv>
                        <Unicode>communicare</Unicode>
                    </TextEquiv>
                    <TextStyle fontFamily="Times New Roman" fontSize="9.5"/>
                </Word>
                <Word id="w_w2aab1c13b2c15b7ac25" language="English" custom="readingOrder {index:1;}">
                    <Coords points="1797,3431 1924,3431 1924,3469 1797,3469"/>
                    <TextEquiv>
                        <Unicode>talem</Unicode>
                    </TextEquiv>
                    <TextStyle fontFamily="Times New Roman" fontSize="9.5"/>
                </Word>
                <Word id="w_w2aab1c13b2c15b7ac37" language="English" custom="readingOrder {index:2;}">
                    <Coords points="1970,3429 2193,3429 2193,3472 1970,3472"/>
                    <TextEquiv>
                        <Unicode>visionem.</Unicode>
                    </TextEquiv>
                    <TextStyle fontFamily="Times New Roman" fontSize="9.5"/>
                </Word>
                <Word id="w_w2aab1c13b2c15b7ac57" language="English" custom="readingOrder {index:3;}">
                    <Coords points="2225,3433 2445,3433 2445,3483 2225,3483"/>
                    <TextEquiv>
                        <Unicode>Secundo,</Unicode>
                    </TextEquiv>
                    <TextStyle fontFamily="Times New Roman" fontSize="9.5"/>
                </Word>
                <TextEquiv>
                    <Unicode>communicare talem visionem. Secundo,</Unicode>
                </TextEquiv>
                <TextStyle fontFamily="Times New Roman" fontSize="9.5"/>
            </TextLine>
            <TextLine id="tl_104" primaryLanguage="English" custom="readingOrder {index:4;}">
                <Coords points="1441,3506 2448,3506 2448,3557 1441,3557"/>
                <Baseline points="1441,3557 1540,3545 1661,3545 1764,3544 2031,3546 2211,3547 2448,3548"/>
                <Word id="w_w2aab1c13b2c15b9ab1" language="English" custom="readingOrder {index:0;}">
                    <Coords points="1441,3506 1540,3506 1540,3557 1441,3557"/>
                    <TextEquiv>
                        <Unicode>quia</Unicode>
                    </TextEquiv>
                    <TextStyle fontFamily="Times New Roman" fontSize="9.5"/>
                </Word>
                <Word id="w_w2aab1c13b2c15b9ac11" language="English" custom="readingOrder {index:1;}">
                    <Coords points="1573,3517 1661,3517 1661,3545 1573,3545"/>
                    <TextEquiv>
                        <Unicode>non</Unicode>
                    </TextEquiv>
                    <TextStyle fontFamily="Times New Roman" fontSize="9.5"/>
                </Word>
                <Word id="w_w2aab1c13b2c15b9ac19" language="English" custom="readingOrder {index:2;}">
                    <Coords points="1699,3509 1764,3509 1764,3544 1699,3544"/>
                    <TextEquiv>
                        <Unicode>est</Unicode>
                    </TextEquiv>
                    <TextStyle fontFamily="Times New Roman" fontSize="9.5"/>
                </Word>
                <Word id="w_w2aab1c13b2c15b9ac27" language="English" custom="readingOrder {index:3;}">
                    <Coords points="1803,3507 2031,3507 2031,3546 1803,3546"/>
                    <TextEquiv>
                        <Unicode>verisimile</Unicode>
                    </TextEquiv>
                    <TextStyle fontFamily="Times New Roman" fontSize="9.5"/>
                </Word>
                <Word id="w_w2aab1c13b2c15b9ac49" language="English" custom="readingOrder {index:4;}">
                    <Coords points="2077,3508 2211,3508 2211,3547 2077,3547"/>
                    <TextEquiv>
                        <Unicode>ullum</Unicode>
                    </TextEquiv>
                    <TextStyle fontFamily="Times New Roman" fontSize="9.5"/>
                </Word>
                <Word id="w_w2aab1c13b2c15b9ac61" language="English" custom="readingOrder {index:5;}">
                    <Coords points="2260,3516 2448,3516 2448,3549 2260,3549"/>
                    <TextEquiv>
                        <Unicode>creatum</Unicode>
                    </TextEquiv>
                    <TextStyle fontFamily="Times New Roman" fontSize="9.5"/>
                </Word>
                <TextEquiv>
                    <Unicode>quia non est verisimile ullum creatum</Unicode>
                </TextEquiv>
                <TextStyle fontFamily="Times New Roman" fontSize="9.5"/>
            </TextLine>
            <TextLine id="tl_105" primaryLanguage="English" custom="readingOrder {index:5;}">
                <Coords points="1440,3582 2448,3582 2448,3636 1440,3636"/>
                <Baseline points="1440,3621 1661,3620 1883,3621 1985,3621 2214,3633 2363,3624 2448,3626"/>
                <Word id="w_w2aab1c13b2c15c11ab1" language="English" custom="readingOrder {index:0;}">
                    <Coords points="1440,3582 1661,3582 1661,3634 1440,3634"/>
                    <TextEquiv>
                        <Unicode>objectum</Unicode>
                    </TextEquiv>
                    <TextStyle fontFamily="Times New Roman" fontSize="9.5"/>
                </Word>
                <Word id="w_w2aab1c13b2c15c11ac19" language="English" custom="readingOrder {index:1;}">
                    <Coords points="1689,3582 1883,3582 1883,3632 1689,3632"/>
                    <TextEquiv>
                        <Unicode>potuisse</Unicode>
                    </TextEquiv>
                    <TextStyle fontFamily="Times New Roman" fontSize="9.5"/>
                </Word>
                <Word id="w_w2aab1c13b2c15c11ac37" language="English" custom="readingOrder {index:2;}">
                    <Coords points="1905,3583 1985,3583 1985,3632 1905,3632"/>
                    <TextEquiv>
                        <Unicode>ipsi</Unicode>
                    </TextEquiv>
                    <TextStyle fontFamily="Times New Roman" fontSize="9.5"/>
                </Word>
                <Word id="w_w2aab1c13b2c15c11ac47" language="English" custom="readingOrder {index:3;}">
                    <Coords points="2013,3585 2214,3585 2214,3635 2013,3635"/>
                    <TextEquiv>
                        <Unicode>proponi,</Unicode>
                    </TextEquiv>
                    <TextStyle fontFamily="Times New Roman" fontSize="9.5"/>
                </Word>
                <Word id="w_w2aab1c13b2c15c11ac65" language="English" custom="readingOrder {index:4;}">
                    <Coords points="2244,3585 2363,3585 2363,3636 2244,3636"/>
                    <TextEquiv>
                        <Unicode>quod</Unicode>
                    </TextEquiv>
                    <TextStyle fontFamily="Times New Roman" fontSize="9.5"/>
                </Word>
                <Word id="w_w2aab1c13b2c15c11ac75" language="English" custom="readingOrder {index:5;}">
                    <Coords points="2393,3585 2448,3585 2448,3626 2393,3626"/>
                    <TextEquiv>
                        <Unicode>ita</Unicode>
                    </TextEquiv>
                    <TextStyle fontFamily="Times New Roman" fontSize="9.5"/>
                </Word>
                <TextEquiv>
                    <Unicode>objectum potuisse ipsi proponi, quod ita</Unicode>
                </TextEquiv>
                <TextStyle fontFamily="Times New Roman" fontSize="9.5"/>
            </TextLine>
            <TextEquiv>
                <Unicode>Ad secundum respondetur primo, quod
non est unde colligatur ipsum deceptum
fuisse, nam sine dubio Deus posset ipsi.
communicare talem visionem. Secundo,
quia non est verisimile ullum creatum
objectum potuisse ipsi proponi, quod ita</Unicode>
            </TextEquiv>
        </TextRegion>
    </Page>
</PcGts>
