2653 3979
208 354 428 391 currerent
448 350 602 391 motiva
635 349 926 390 credibilitatis
955 352 1112 390 nostrae
1133 349 1212 389 do¬

206 428 348 467 ctrinae
367 431 440 466 aut
466 427 804 467 incredibilitatis
836 427 962 474 illius,
999 437 1097 465 nam
1123 426 1210 464 evi¬

203 503 347 544 dentia
370 504 632 543 auctoritatis
652 503 738 543 fide
759 503 1004 554 dignorum,
1029 502 1103 541 ubi
1123 512 1210 541 non

199 581 380 619 occurrit
418 581 524 618 ratio
572 579 794 619 dubitandi
834 578 1066 623 sufficiens,
1113 577 1212 617 facit

200 666 292 694 rem
326 655 548 695 evidenter
585 656 851 699 credibilem,
883 655 970 694 sive
1001 654 1044 694 in
1076 665 1123 693 se
1159 655 1212 694 sit

198 730 305 771 falsa
344 731 432 770 sive
476 743 577 770 non.
623 731 921 778 Confirmatur,
965 731 1062 781 quia
1102 734 1204 770 tunc

198 817 266 846 res
299 810 364 847 est
399 807 623 847 evidenter
663 807 890 852 credibilis,
932 806 1105 857 quando
1144 808 1209 845 est

201 884 378 923 evidens
416 886 536 932 ratio,
568 885 622 923 ob
660 895 788 934 quam
821 884 914 934 quis
937 886 1084 933 posset
1106 894 1205 932 pru¬

199 960 353 1000 denter
371 961 534 1001 moveri
556 960 607 999 ad
631 959 913 1006 credendum,
937 960 1024 998 sive
1053 969 1123 998 res
1155 960 1209 998 sit

194 1047 294 1076 vera
316 1038 405 1076 sive
435 1047 536 1076 non.
561 1035 645 1076 Sed
667 1035 896 1075 auctoritas
916 1034 1102 1086 plurium
1122 1033 1207 1074 fide

195 1111 425 1164 dignorum
464 1115 529 1152 est
569 1114 661 1152 talis
699 1113 819 1157 ratio,
854 1110 1026 1162 quando
1054 1111 1206 1150 saltem

194 1198 280 1227 non
310 1188 435 1228 adest
465 1190 572 1228 ratio
604 1188 645 1226 in
676 1187 936 1237 oppositum,
971 1190 1044 1226 aut
1074 1190 1206 1238 aequi-

191 1265 340 1303 valens
369 1269 440 1303 aut
475 1265 648 1315 majoris
680 1264 905 1310 momenti,
943 1267 986 1304 et
1018 1265 1110 1303 talis
1131 1275 1203 1303 au¬

193 1341 364 1379 ctoritas
385 1342 527 1389 potest
559 1349 655 1377 esse
689 1337 867 1378 evidens
895 1342 1097 1388 respectu
1126 1338 1200 1379 do¬

192 1417 332 1455 ctrinae
350 1415 575 1457 haereticae,
598 1418 644 1453 ut
664 1417 796 1464 palet,
821 1425 939 1464 ergo,
963 1419 1043 1454 etc.

243 1489 527 1530 Confirmatur
564 1488 774 1534 secundo,
799 1491 896 1538 quia
918 1490 951 1527 si
986 1490 1088 1540 quid
1118 1492 1197 1530 im¬

188 1567 370 1616 pediret,
395 1578 479 1617 quo
501 1567 643 1605 minus
673 1570 790 1606 esset
824 1565 1047 1606 evidenter
1067 1568 1200 1608 credi¬

187 1644 297 1691 bilis,
321 1645 505 1683 maxime
526 1643 687 1683 falsitas
711 1643 914 1683 doctrinae
935 1647 1008 1682 aut
1027 1645 1196 1691 motiva,

186 1730 283 1770 quae
307 1723 484 1770 possent
504 1719 629 1759 facile
660 1719 809 1759 haberi
836 1720 891 1759 ad
926 1730 1195 1770 cognoscen¬

186 1795 285 1834 dam
321 1793 701 1834 incredibilitatem
723 1795 842 1846 ejus;
876 1795 955 1835 sed
983 1796 1071 1836 haec
1108 1806 1196 1835 non

184 1870 415 1918 sufficiunt,
441 1882 561 1923 ergo,
586 1875 665 1911 etc.
688 1872 897 1912 Probatur
924 1872 1073 1919 minor,
1098 1873 1195 1923 quia

184 1947 356 1999 quando
386 1948 618 1994 Parochus,
653 1949 740 1987 sive
764 1959 817 1988 ex
857 1959 1003 1988 errore
1030 1950 1118 1988 sive
1143 1960 1194 1988 ex

180 2025 339 2065 malitia
372 2024 574 2074 proponit
607 2023 842 2064 doctrinam
870 2023 1034 2071 falsam,
1070 2036 1192 2074 paro-

181 2101 359 2140 chianus
400 2101 582 2150 simplex
623 2101 689 2139 cui
732 2111 820 2139 non
858 2101 1042 2140 occurrit
1083 2103 1189 2141 ratio

180 2176 417 2223 dubitandi,
461 2186 546 2214 non
585 2175 723 2214 solum
764 2176 1001 2225 prudenter
1036 2177 1186 2224 credit,

178 2252 256 2292 sed
289 2253 418 2292 etiam
454 2255 626 2291 tenetur
658 2252 851 2299 credere,
883 2255 1076 2303 quamvis
1108 2253 1186 2294 do¬

178 2330 312 2368 ctrina
346 2330 398 2368 sil
424 2327 530 2368 falsa
564 2332 606 2368 et
632 2329 767 2378 possit
795 2340 874 2378 per
891 2340 1111 2369 recursum
1134 2330 1188 2370 ad

178 2405 282 2445 alios
311 2406 423 2444 viros
456 2404 604 2444 doctos
632 2403 757 2444 facile
791 2406 994 2456 cognosci
1028 2405 1188 2447 falsitas

179 2483 272 2534 ejus
291 2495 299 2530 ;
326 2493 430 2534 ergo
468 2485 620 2522 neutra
659 2493 711 2522 ex
740 2483 821 2522 illis
845 2483 1083 2524 rationibus
1112 2485 1185 2524 im¬

169 2559 291 2609 pedit
340 2558 670 2599 credibilitatem
726 2559 930 2600 doctrinae
978 2560 1184 2601 haereticae

167 2638 372 2685 respectu
395 2645 560 2682 eorum,
585 2634 742 2684 quibus
763 2644 850 2673 non
872 2637 1057 2675 occurrit
1079 2638 1185 2676 ratio

167 2710 406 2750 dubitandi.
452 2711 662 2750 Probatur
697 2711 1026 2760 consequentia,
1085 2714 1182 2763 quia

170 2788 223 2827 de
264 2798 541 2839 quocumque
579 2790 723 2836 potest
759 2788 908 2828 haberi
946 2788 1186 2837 prudenter

160 2863 284 2913 files,
322 2865 376 2904 de
409 2864 568 2903 eodem
597 2866 742 2914 potest
768 2864 920 2903 haberi
951 2865 1060 2904 ratio
1083 2866 1170 2904 evi¬

172 2940 278 2981 dens
310 2940 522 2980 inducens
551 2939 606 2979 ad
639 2939 920 2986 credendum,
953 2943 995 2979 et
1027 2952 1180 2981 conse¬

167 3019 350 3066 quenter
371 3015 585 3055 evidentia
607 3016 918 3063 credibilitatis;
943 3017 1045 3056 nihil
1069 3018 1183 3057 enim

163 3092 373 3141 impedire
394 3095 536 3141 potest
557 3102 640 3141 quo
663 3091 802 3131 minus
823 3093 970 3141 possit.

221 3168 362 3216 Dices,
385 3168 482 3206 hinc
502 3171 759 3217 sequeretur
784 3168 989 3218 plurimos
1014 3169 1178 3208 haereti-

169 3253 242 3283 cos
288 3254 415 3293 posse
455 3243 650 3282 excusari
696 3253 718 3281 a
760 3246 938 3293 peccato
992 3244 1178 3293 haeresis,

169 3319 252 3358 tale
275 3322 389 3360 enim
409 3322 636 3369 peccatum
667 3329 755 3358 non
787 3320 1058 3360 committitur
1085 3332 1176 3360 cre¬

168 3394 327 3441 dendo,
384 3394 500 3445 quod
561 3397 626 3433 est
675 3394 899 3434 evidenter
950 3396 1171 3443 credibile,

165 3474 239 3510 aut
279 3470 395 3522 quod
444 3469 682 3520 prudenter
725 3469 840 3509 credi
894 3474 1053 3521 potest.
1097 3473 1176 3512 Re¬

163 3547 360 3596 spondeo
400 3557 452 3585 ex
486 3548 784 3596 suppositione
823 3546 940 3597 quod
984 3547 1175 3588 habeant

161 3623 450 3668 ignorantiam
527 3622 816 3662 invincibilem
870 3624 1172 3668 mysteriorum

1292 352 1448 390 nostrae
1481 349 1580 390 fidei
1621 352 1693 391 aut
1724 346 1980 391 motivorum
2005 349 2298 391 credibilitatis

1289 437 1454 474 eorum,
1487 426 1769 466 concedendo
1791 426 2029 477 sequelam,
2052 437 2104 465 ex
2135 437 2295 476 suppo¬

1287 502 1439 542 sitione
1477 505 1622 542 autem
1653 502 1768 552 quod
1800 513 1887 541 non
1915 503 2105 542 habeant
2134 508 2288 547 necne,

2309 592 2310 632 quoshaere-
1285 588 1371 616 non
1416 581 1481 616 est
1519 578 1644 629 hujus
1688 581 1783 626 loci,
1827 578 1904 617 sed
1949 578 2178 617 verisimile
2228 579 2293 632 est

2306 642 2310 704 haber°
1285 653 1439 693 saltem
1473 654 1639 705 aliquos
1679 666 1771 694 eam
1806 654 1982 699 habere,
2004 652 2203 692 rudiores
2223 651 2288 689 ni-

2304 718 2310 787 jn^ibUeia
1284 730 1438 768 mirum
1473 734 1515 770 et
1550 733 1688 783 magis
1708 734 1898 771 remotos
1919 742 1938 769 a
1963 729 2287 769 conversatione

1284 816 1379 844 cum
1401 805 1640 846 Catholicis.
1665 807 1706 847 Si
1726 810 1869 846 autem
1892 806 1946 845 de
1966 806 2120 844 horum
2154 804 2290 842 salute

1283 885 1515 932 quaeratur,
1537 883 1800 933 respondeo,
1847 883 1881 921 si
1912 892 1998 921 non
2020 881 2296 931 peccaverint

1283 959 1437 999 actuali
1446 962 1510 998 ter
1541 959 1621 998 alio
1645 962 1824 1008 peccato
1861 969 1988 1009 quam
2010 956 2292 1004 infidelitatis,

1284 1046 1358 1075 eos
1380 1035 1621 1081 salvandos,
1643 1037 1738 1085 quia
1770 1036 1814 1073 in
1834 1034 2091 1083 Baptismate
2112 1043 2293 1082 recepe¬

1281 1116 1381 1152 runt
1417 1115 1614 1166 gratiam,
1656 1124 1734 1164 per
1767 1123 1895 1163 quam
1939 1111 2106 1151 liberati
2139 1114 2238 1149 sunt
2270 1122 2292 1150 a

1280 1193 1457 1238 peccato
1494 1189 1716 1241 originali;
1752 1189 1787 1228 si
1819 1191 1963 1228 autem
1997 1188 2292 1237 peccaverint,

1280 1266 1356 1305 nisi
1412 1266 1644 1306 habuerint
1690 1264 1927 1316 perfectam
1988 1265 2290 1305 contritionem

1279 1341 1697 1381 condemnabuntur.

1328 1418 1527 1457 Secunda
1557 1429 1656 1468 pars
1695 1417 1981 1457 conclusionis
2018 1420 2152 1467 patet,
2185 1419 2284 1471 quia

1275 1495 1434 1533 motiva
1478 1494 1771 1533 credibilitatis
1827 1496 1980 1532 nostrae
2028 1491 2127 1532 fidei
2175 1493 2287 1532 sicut

1276 1570 1501 1610 evidenter
1532 1568 1794 1608 concludunt
1829 1568 1940 1608 illius
1973 1567 2282 1608 incredibilita-

1274 1649 1373 1692 tem,
1397 1647 1452 1686 i!a
1475 1656 1560 1685 non
1597 1646 1738 1685 minus
1766 1646 2025 1684 convincunt
2054 1644 2285 1684 incredibi-

1272 1723 1433 1761 litatem
1473 1725 1515 1761 et
1542 1721 1771 1760 falsitatem
1810 1721 2041 1771 oppositae;
2085 1720 2163 1759 sed
2205 1721 2280 1759 do-

1271 1800 1402 1838 ctrina
1440 1799 1738 1837 haereticorum
1779 1799 1845 1835 est
1885 1796 2049 1835 directe
2089 1801 2283 1846 opposita

1268 1878 1429 1914 nostrae
1468 1873 1584 1918 fidei,
1624 1878 1671 1912 ut
1706 1876 1854 1924 patet;
1904 1884 2007 1924 ergo
2044 1873 2086 1920 ii,
2125 1851 2280 1924 quibus

1267 1954 1418 2001 patent
1458 1950 1523 1989 illa
1567 1952 1737 1996 motiva,
1774 1961 1861 1989 non
1899 1952 2080 1999 possunt
2117 1949 2278 1989 habere

1266 2039 1342 2078 pro
1386 2027 1578 2067 credibili
1619 2026 1857 2066 doctrinam
1887 2025 2197 2066 haereticorum.
2229 2011 2279 2065 Et

1267 2104 1420 2143 eadem
1442 2107 1504 2144 est
1534 2103 1637 2142 ratio
1662 2103 1715 2142 de
1737 2102 1801 2150 iis,
1825 2103 1896 2152 qui
1916 2103 2124 2141 haberent
2147 2102 2277 2140 moti¬

1262 2191 1314 2220 va
1354 2180 1565 2220 e\idenlia
1605 2179 1946 2219 incredibilitatis
1975 2179 2095 2217 istius
2119 2177 2275 2218 doctri¬

1260 2267 1340 2296 nae.
1375 2258 1514 2304 Dices,
1555 2259 1735 2307 possunt
1770 2255 1928 2294 motiva
1961 2255 2272 2305 probabilitatis

1265 2331 1446 2372 duarum
1488 2334 1794 2372 sententiarum
1846 2331 2141 2381 oppositarum
2173 2341 2269 2371 esse

1261 2409 1387 2448 simul
1425 2408 1640 2448 evidentia
1677 2408 1819 2454 alicui,
1849 2408 1907 2446 ita
1950 2409 1996 2446 ut
2028 2408 2164 2457 possit
2193 2419 2269 2458 pro

1258 2484 1377 2523 libito
1401 2484 1627 2531 assentire,
1651 2484 1718 2523 cui
1737 2484 1920 2523 voluerit
1941 2494 1995 2522 ex
2014 2483 2120 2531 istis,
2136 2487 2183 2523 ut
2202 2495 2274 2533 pa¬

1261 2564 1320 2600 tet
1333 2561 1376 2599 in
1395 2561 1589 2601 omnibus
1606 2560 1968 2606 conclusionibus,
1993 2570 2090 2609 quae
2108 2560 2276 2610 proble-

1258 2638 1416 2677 matice
1438 2639 1706 2677 sustinentur
1726 2648 1802 2686 pro
1827 2647 2101 2687 quacumque
2123 2641 2242 2688 parte
2260 2649 2269 2685 ;

1259 2725 1364 2765 ergo
1387 2715 1585 2755 similiter
1603 2716 1785 2764 possunt
1819 2724 1916 2753 esse
1938 2713 2155 2754 evidentia
2182 2725 2273 2754 mo¬

1258 2791 1339 2830 tiva
1379 2790 1668 2830 credibilitatis
1710 2789 2000 2829 doctrinarum
2048 2793 2266 2841 opposita¬

1258 2877 1368 2911 rum,
1392 2870 1434 2905 et
1455 2869 1774 2916 consequenter
1800 2876 1886 2904 non
1935 2867 2131 2916 sequitur
2147 2878 2200 2907 ex
2224 2880 2275 2909 eo

1259 2943 1375 2993 quod
1397 2945 1544 2982 nostra
1575 2942 1767 2983 doctrina
1802 2944 1855 2982 sit
1890 2944 2016 2983 alicui
2047 2944 2276 2984 evidenter

1258 3018 1474 3059 credibilis
1512 3030 1592 3068 per
1628 3019 1770 3070 aliqua
1812 3023 1984 3070 motiva,
2035 3022 2151 3072 quod
2189 3033 2269 3072 per

1256 3096 1413 3135 eadem
1436 3096 1568 3135 altera
1591 3095 1802 3135 reddatur
1828 3097 2106 3138 incredibilis.

1307 3171 1565 3222 Respondeo
1600 3171 1786 3211 admissa
1816 3174 1952 3222 prima
1993 3185 2277 3234 consequen-Responsio,

1257 3246 1326 3290 fia,
1371 3245 1677 3297 distinguendo
1717 3247 1953 3287 secundam
1992 3259 2267 3300 consequen¬

1257 3321 1357 3360 tiam
1376 3333 1384 3367 ;
1408 3322 1489 3360 nisi
1519 3322 1587 3361 illa
1619 3323 1776 3362 motiva
1808 3322 1992 3363 inferant
2015 3335 2068 3363 ex
2101 3327 2267 3364 ratione

1255 3407 1329 3435 sua
1353 3399 1596 3446 particulari
1628 3399 2019 3448 incredibilitatem,
2043 3400 2234 3440 concedo
2253 3414 2262 3447 ;

1250 3473 1284 3510 si
1313 3474 1389 3521 sic,
1420 3484 1536 3525 nego
1556 3474 1794 3514 secundam
1833 3478 2204 3527 consequentiam.

2272 3554 2275 3596 Quandopos-
1303 3550 1448 3600 Itaque
1469 3552 1837 3600 quemadmodum
1859 3556 2042 3601 possunt
2063 3564 2157 3593 esse
2178 3554 2255 3595 ali-

1253 3634 1344 3675 qua
1376 3629 1548 3672 motiva,
1570 3639 1660 3678 quae
1694 3627 1850 3668 faciant
1883 3629 2068 3679 aliquam
2091 3635 2271 3672 senten-
