2682 3979
295 353 466 394 talionis
488 353 658 402 divinae,
674 365 743 394 res
764 358 960 395 attestata
981 360 1046 396 est
1065 357 1308 395 necessario

297 428 496 476 evidens;
532 430 649 470 unde
679 432 749 481 qui
781 441 832 471 ex
868 431 948 472 illis
994 436 1147 483 putant
1176 432 1305 472 fidem

295 508 337 544 et
369 507 589 546 scientiam
620 518 714 548 esse
747 510 1099 560 incompatibilia,
1145 512 1306 560 negant

295 590 391 619 cum
414 582 482 621 tali
513 584 726 623 evidentia
757 595 883 635 posse
922 588 1105 636 compati
1145 584 1270 624 fidem
1293 598 1302 632 ;

293 658 371 698 sed
389 660 454 699 cui
477 666 622 701 essent
641 664 795 701 motiva
832 663 1045 703 evidentia
1076 666 1230 702 nostra
1260 662 1305 702 fi¬

294 735 378 784 dei,
400 737 609 777 haberent
631 739 890 778 evidentiam
931 740 1080 779 divinae
1102 742 1303 780 attestati¬

293 812 400 859 onis,
425 823 523 852 nam
552 813 621 853 illa
660 816 751 863 ipsa
772 815 930 854 motiva
969 819 1066 854 sunt
1103 817 1304 856 attestati¬

294 899 400 929 ones
433 890 538 939 ejus,
561 893 603 929 et
633 893 868 940 praesertim
890 893 1081 942 operatio
1113 892 1305 932 miraculi

294 965 336 1002 in
362 964 727 1006 confirmationem
756 971 914 1006 nostrae
951 966 1078 1015 fidei;
1111 978 1213 1019 ergo
1234 977 1301 1006 se¬

296 1040 483 1079 cundum
504 1041 617 1080 illam
638 1043 896 1081 sententiam
918 1044 1121 1095 mysteria
1144 1045 1302 1081 nostrae

293 1114 394 1155 fidei
437 1119 538 1155 sunt
575 1116 799 1156 evidenter
831 1128 930 1157 vera
973 1118 1198 1158 evidenter
1236 1127 1304 1157 co-

292 1192 600 1242 gnoscentibus
658 1193 726 1231 illa
787 1195 956 1233 motiva.
1024 1192 1305 1233 Confirmatur

294 1268 505 1316 secundo,
529 1273 756 1319 propterea
778 1273 876 1308 sunt
908 1269 1132 1310 evidenter
1169 1269 1304 1308 credi¬

292 1345 408 1391 bilia,
434 1346 530 1395 quia
555 1344 816 1385 credibilitas
854 1346 1046 1395 ipsorum
1078 1344 1306 1384 deducitur

295 1432 345 1460 ex
372 1420 602 1471 praemissis
625 1421 918 1467 evidentibus;
944 1432 1048 1473 ergo
1089 1431 1187 1460 cum
1223 1432 1300 1461 ve¬

292 1491 392 1530 ritas
414 1501 564 1530 eorum
586 1491 626 1530 in
662 1502 764 1530 casu
797 1496 941 1531 nostro
975 1491 1219 1531 deducatur
1250 1504 1303 1531 ex

292 1567 524 1617 praemissis
561 1567 846 1616 evidentibus,
906 1571 1032 1608 erunt
1077 1568 1304 1608 evidenter

291 1655 408 1684 vera.
449 1643 657 1684 Confirma
666 1648 731 1683 tur
764 1645 885 1684 tertio
905 1675 915 1692 ,
963 1645 1060 1695 quia
1099 1656 1302 1686 assensus

293 1720 582 1759 conclusionis
626 1718 824 1759 deductae
865 1731 917 1758 ex
956 1720 1035 1759 illis
1083 1721 1302 1771 principiis

288 1795 404 1835 bene
440 1796 657 1846 dispositis
678 1807 764 1836 non
805 1799 920 1836 esset
948 1808 1149 1837 assensus
1184 1796 1300 1844 fidei,

291 1882 389 1911 cum
412 1877 527 1912 esset
555 1872 830 1920 discursivus,
862 1882 943 1912 nec
970 1873 1197 1923 opinionis,
1230 1877 1303 1912 aut

291 1959 512 1994 erroneus,
541 1960 634 1988 cum
671 1949 964 1989 deduceretur
993 1961 1045 1989 ex
1077 1950 1300 2000 principiis

289 2026 414 2064 certis
434 2037 444 2073 ;
463 2036 566 2077 ergo
596 2029 710 2065 esset
730 2037 933 2066 assensus
961 2026 1161 2073 evidens,
1201 2028 1299 2076 quia

288 2113 374 2142 non
407 2102 533 2141 datur
549 2103 661 2142 ullus
683 2112 884 2142 assensus
910 2113 996 2143 non
1029 2103 1207 2143 evidens
1245 2103 1298 2142 de

285 2176 414 2225 facto,
436 2178 515 2218 nisi
537 2188 740 2218 assensus
759 2178 859 2219 fidei
875 2179 942 2218 vel
963 2178 1189 2228 opinionis,
1230 2179 1298 2218 vel

288 2265 507 2294 erroneus.

342 2330 540 2381 Objicies,
564 2334 824 2382 sequeretur
843 2331 960 2382 quod
981 2333 1298 2382 cognoscentes

291 2405 512 2445 evidenter
531 2406 609 2445 ista
640 2406 796 2446 motiva
816 2416 902 2446 non
929 2410 1109 2456 possent
1143 2406 1295 2446 crede-

267 2484 269 2526 Respondeo.
286 2493 333 2521 re
361 2483 572 2534 mysteriis
617 2481 718 2522 fidei
751 2483 861 2521 ullis.
904 2482 1177 2533 Respondeo,
1217 2493 1296 2521 ne¬

286 2559 428 2611 gando
467 2560 689 2609 sequelam
713 2590 723 2603 ,
756 2560 852 2609 quia
891 2570 978 2598 non
1017 2570 1297 2610 quaecumque

288 2636 502 2676 evidentia
522 2637 585 2675 rei
612 2636 802 2675 excludit
837 2635 967 2675 fidem
1008 2636 1061 2675 de
1099 2637 1183 2684 illa,
1219 2635 1298 2675 sed

287 2712 500 2752 evidentia
540 2713 602 2751 rei
639 2713 682 2751 in
736 2723 804 2760 se,
855 2715 944 2751 orta
985 2723 1036 2751 ex
1078 2712 1298 2762 principiis

285 2787 527 2826 intrinsecis
555 2787 660 2837 ejus,
682 2790 729 2826 ut
767 2786 893 2826 etiam
932 2787 1061 2826 modo
1101 2797 1297 2837 suppono

288 2874 340 2902 ex
363 2862 581 2912 principiis
602 2874 769 2910 eorum,
802 2865 871 2913 qui
897 2867 1043 2903 tenent
1065 2862 1180 2913 quod
1202 2874 1298 2901 cum

288 2939 504 2979 evidentia
541 2941 604 2979 rei
652 2942 693 2979 in
733 2943 963 2979 attestante
1002 2940 1138 2989 possit
1184 2942 1298 2978 stare

286 3013 408 3061 fides,
429 3019 477 3053 ut
498 3014 727 3066 Cajetanus
741 3017 780 3054 2.
800 3016 838 3064 2.
856 3019 1000 3064 quaest.
1017 3017 1056 3054 5.
1071 3016 1197 3054 Lorea
1217 3016 1297 3054 dis-

274 3094 369 3138 put.
395 3093 457 3130 16.
478 3101 593 3130 num.
617 3091 652 3130 4.
677 3092 871 3141 Vasquez
890 3092 928 3139 2.
948 3094 1061 3139 part.
1094 3092 1293 3139 disputat.

285 3166 344 3204 15.
369 3164 648 3204 Confirmatur
658 3166 880 3215 responsio
902 3166 1004 3212 haec,
1023 3167 1120 3216 quia
1145 3175 1293 3215 quam¬

280 3242 342 3280 vis
371 3251 455 3279 non
479 3245 626 3290 posset
644 3241 804 3282 habere
834 3241 987 3288 fidem,
1018 3241 1192 3292 quando
1225 3253 1293 3280 co¬

280 3319 514 3367 gnosceret
533 3319 634 3355 actu
653 3317 732 3355 ista
753 3318 928 3359 motiva,
959 3321 1000 3356 et
1024 3317 1189 3356 videret
1224 3328 1295 3356 se¬

282 3392 355 3442 qui
387 3394 629 3431 necessario
671 3392 725 3430 ad
764 3393 833 3431 illa
872 3393 1127 3443 mysterium
1155 3392 1291 3432 credi¬

284 3471 371 3507 tum
396 3499 405 3515 ,
448 3473 590 3508 tamen
623 3471 770 3519 posset
806 3473 982 3519 propter
1019 3471 1097 3508 ista
1138 3470 1293 3508 motiva

283 3548 462 3588 credere
509 3559 596 3588 non
625 3548 888 3588 reflectendo
928 3549 982 3588 ad
1008 3551 1295 3589 necessariam

289 3627 514 3680 sequelam
541 3627 660 3668 istius
686 3627 880 3679 mysterii
920 3625 972 3666 ad
994 3626 1077 3666 illa.
1102 3627 1142 3667 Si
1181 3627 1295 3667 enim

1379 361 1555 406 propter
1574 361 1862 399 testimonium
1896 361 2129 407 hominum,
2171 371 2263 400 cum
2303 372 2386 411 quo

1379 441 1464 472 non
1488 434 1619 474 habet
1634 445 1702 474 res
1719 446 1770 474 ex
1800 439 1948 475 natura
1970 437 2031 475 rei
2059 437 2387 484 connexionem,

1380 507 1593 547 credimus
1637 509 1752 549 illam
1786 521 1893 558 rem,
1937 522 2010 550 cur
2043 521 2128 550 non
2164 521 2389 560 possemus

1379 587 1554 634 propter
1584 586 1872 626 testimonium
1895 587 1970 625 Dei
1993 586 2171 626 credere
2191 597 2283 626 rem
2311 586 2387 626 ali¬

1379 670 1504 709 quam
1522 691 1531 707 ,
1565 661 1757 712 quamvis
1785 673 1870 701 non
1909 662 2155 702 videremus
2185 672 2386 702 necessa¬

1376 737 1482 776 riam
1503 739 1817 777 connexionem
1834 741 1896 779 rei
1924 739 2046 779 istius
2067 750 2163 778 cum
2184 739 2253 778 illo
2278 738 2390 777 testi¬

1378 814 1538 861 monio,
1561 817 1608 852 ut
1631 814 1742 852 enim
1764 815 1820 854 ait
1850 814 2038 854 Christus
2059 816 2152 864 ipse
2176 818 2191 855 1
2202 846 2210 854 .
2236 817 2388 854 Joann.

1377 891 1416 930 5.
1459 892 1510 929 Si
1553 891 1834 930 testimonium
1876 891 2093 931 hominum
2143 893 2375 940 accipimus
2379 921 2389 939 ,

1376 967 1657 1005 testimonium
1681 968 1758 1005 Dei
1771 968 1909 1016 majus
1938 971 2008 1006 est.

1428 1043 1477 1080 Et
1499 1053 1574 1092 per
1594 1043 1675 1082 hoc
1697 1046 1812 1093 patet
1842 1043 2059 1092 quomodo
2083 1053 2179 1082 cum
2214 1043 2387 1096 eyiden-

1379 1118 1432 1157 tia
1469 1119 1754 1157 attestationis
1784 1118 1933 1157 divinae
1961 1118 2084 1158 facile
2106 1121 2239 1166 possit
2271 1122 2384 1172 stare

2402 1191 2408 1212 ln
1374 1193 1497 1242 fides,
1521 1195 1620 1245 quia
1640 1205 1727 1233 non
1749 1198 1864 1233 esset
1883 1195 2189 1242 necessarium,
2225 1199 2271 1234 ut
2307 1206 2386 1245 po-

1376 1271 1454 1310 sita
1472 1272 1550 1310 ista
1579 1270 1792 1310 evidentia
1822 1271 1914 1320 quis
1949 1270 2195 1310 adverteret
2224 1270 2277 1310 ad
2307 1273 2388 1310 ne-

1377 1348 1608 1386 cessariam
1637 1346 1860 1396 sequelam
1881 1346 2068 1386 veritatis
2088 1346 2148 1384 rei
2180 1347 2383 1386 revelatae

1376 1423 1430 1462 ad
1473 1423 1587 1462 illam
1621 1424 1956 1469 attestationem,
1988 1428 2130 1472 neqUe
2170 1421 2298 1462 etiam
2336 1426 2384 1463 ut

1377 1503 1473 1538 actu
1510 1497 1667 1538 formet
1716 1498 1956 1537 discursum
1980 1529 1988 1544 ,
2028 1497 2249 1538 mediante
2300 1509 2383 1549 quo

1376 1574 1599 1615 evidenter
1619 1574 1952 1616 concluderetur
1969 1574 2185 1614 evidentia
2198 1576 2387 1614 veritatis

1373 1652 1435 1691 rei
1457 1654 1683 1691 attestatae.
1708 1652 1752 1690 Si
1771 1654 1914 1690 autem
1937 1660 2024 1689 non
2042 1649 2167 1690 fieret
2192 1652 2272 1691 iste
2308 1651 2390 1691 dis¬

1377 1737 1542 1774 cursus,
1572 1738 1660 1766 non
1681 1728 1912 1777 appareret
1932 1725 2156 1765 evidenter
2176 1726 2245 1765 illa
2274 1729 2384 1767 veri¬

1376 1806 1462 1852 tas;
1505 1813 1608 1854 ergo
1640 1804 1800 1852 optime
1841 1805 1883 1840 et
1907 1801 2033 1842 facile
2063 1805 2212 1852 posset
2239 1802 2388 1842 haberi

1373 1878 1482 1918 fides
1504 1879 1556 1918 de
1577 1879 1660 1919 illa.
1685 1877 1965 1918 Confirmatur
1978 1879 2074 1924 hoc,
2092 1879 2188 1928 quia
2212 1878 2384 1928 quando

1373 1956 1500 1995 homo
1521 1955 1607 1995 fide
1640 1955 1794 2006 dignus
1815 1955 1978 1994 revelat
2000 1953 2176 2004 aliquid,
2204 1966 2290 1994 non
2311 1966 2384 1994 ne¬

1371 2036 1554 2074 cessario
1619 2032 1940 2072 consideramus
1988 2032 2103 2083 quod
2148 2033 2219 2072 illa
2252 2044 2378 2072 reve¬

1369 2111 1468 2150 latio
1486 2111 1658 2156 habeat,
1688 2113 1761 2149 aut
1798 2120 1885 2148 non
1916 2109 2074 2148 habeat
2094 2110 2384 2149 necessariam

1372 2188 1687 2226 connexionem
1741 2196 1837 2223 cum
1877 2184 2047 2236 objecto
2085 2184 2273 2224 revelato
2313 2187 2387 2224 aut

1371 2263 1464 2314 ejus
1484 2264 1684 2309 veritate;
1720 2272 1822 2312 ergo
1848 2261 2040 2300 similiter
2073 2260 2245 2311 quando
2273 2262 2389 2300 Deus

1370 2340 1482 2379 clare
1504 2339 1716 2378 revelaret
1732 2340 1805 2376 aut
1826 2336 2099 2376 confirmaret
2122 2337 2282 2387 aliquid
2313 2337 2390 2376 mi¬

1367 2415 1529 2461 raculo,
1549 2425 1637 2453 non
1653 2413 1899 2452 necessario
1923 2411 2252 2451 adverteremus
2270 2412 2386 2463 quod

1366 2491 1434 2531 illa
1460 2492 1663 2531 revelatio
1684 2490 1880 2529 absolute
1919 2492 1960 2527 et
1989 2489 2234 2539 simpliciter
2252 2489 2386 2528 habe¬

1369 2572 1436 2608 ret
1456 2568 1747 2608 necessariam
1773 2568 2090 2606 connexionem
2120 2577 2216 2604 cum
2243 2576 2288 2604 re
2315 2576 2382 2605 re¬

1370 2645 1522 2684 velata.
1540 2646 1589 2683 Et
1629 2646 1949 2692 consequenter
1984 2642 2101 2682 nullo
2137 2640 2266 2681 modo
2308 2652 2381 2680 ex¬

1373 2721 1484 2760 cludi
1533 2720 1714 2760 deberet
1750 2718 1886 2765 fides,
1937 2719 2128 2769 quamvis
2185 2717 2384 2757 daremus

1374 2797 1489 2848 quod
1511 2801 1624 2837 esset
1655 2795 1983 2845 incompatibilis
2017 2805 2109 2833 cum
2138 2794 2383 2844 cognitione

1373 2873 1560 2914 evidenti
1581 2872 1807 2912 discursiva
1829 2871 1882 2910 de
1901 2872 2080 2910 veritate
2114 2869 2235 2908 istius
2256 2880 2383 2909 reve¬

1370 2949 1484 2988 latae.
1507 2951 1556 2988 Et
1573 2949 1672 2988 hinc
1693 2950 1809 2998 patet
1826 2958 1913 2988 non
1926 2945 2093 2987 intendi
2113 2956 2192 2995 per
2214 2945 2382 2984 conclu¬

1372 3022 1538 3060 sionem
1558 3018 1675 3069 quod
1706 3018 1759 3057 de
1781 3017 1893 3057 facto
1920 3017 1990 3056 illa
2017 3015 2172 3056 motiva
2205 3014 2380 3055 eviden¬

1368 3097 1432 3134 ter
1452 3097 1554 3134 nota
1582 3094 1777 3134 facerent
1807 3096 1905 3132 actu
1926 3091 2128 3143 mysteria
2156 3090 2258 3131 fidei
2298 3091 2380 3131 evi¬

1371 3171 1526 3210 denter
1544 3181 1658 3217 vera,
1691 3170 1768 3209 sed
1791 3169 1906 3220 quod
1927 3170 2106 3219 possent
2128 3166 2197 3206 illa
2230 3166 2289 3206 sic
2322 3165 2381 3205 fa¬

1375 3257 1488 3286 cere.

2395 3335 2398 3368 Aliud
1418 3324 1495 3362 Pro
1517 3322 1664 3373 majori
1697 3324 1840 3360 autem
1868 3321 2160 3359 intellectione
2184 3323 2224 3358 et
2262 3319 2379 3368 clari-

2395 3427 2398 3448 e
1368 3401 1455 3437 tate
1487 3396 1786 3445 conclusionis,
1822 3396 1997 3435 adverte
2033 3406 2119 3434 non
2141 3405 2236 3434 esse
2262 3394 2379 3448 idem

1368 3476 1570 3526 mysteria
1588 3473 1686 3513 fidei
1710 3483 1806 3512 esse
1833 3471 2049 3511 evidentia
2084 3474 2126 3511 et
2157 3481 2253 3510 esse
2289 3471 2375 3529 evi-

1368 3550 1518 3589 denter
1537 3561 1657 3590 vera.
1690 3551 1740 3590 Ut
1763 3551 1908 3588 essent
1937 3547 2172 3593 evidentia,
2197 3547 2380 3586 deberet

1368 3626 1625 3674 intellectus,
1656 3626 1724 3666 vel
1745 3635 2008 3678 cognoscere
2031 3623 2253 3664 evidenter
2275 3633 2376 3663 con-
