2682 3979
348 296 475 334 etiam
516 301 834 348 consequenter
873 303 1134 351 praeceptum
1171 300 1248 339 Dei
1292 300 1346 339 de

347 375 481 410 morte
520 373 768 422 oppetenda
807 385 882 425 pro
925 377 1198 416 confessione
1229 376 1344 423 fidei,

345 444 485 486 adliuc
508 454 684 496 possunt
712 449 891 500 obligari
929 451 1125 490 homines
1157 452 1211 490 ad
1239 452 1352 490 illam

347 521 677 564 confessionem.
710 525 1004 573 Confirmatur,
1027 528 1125 578 quia
1164 529 1234 578 qui
1257 528 1352 576 opi¬

344 600 470 636 natur
491 601 655 639 tantum
677 600 837 652 aliquid
861 613 957 642 esse
979 604 1269 643 necessarium
1299 602 1353 642 ad

347 672 545 719 salutem,
589 679 759 716 tenetur
787 678 892 718 illud
926 679 1142 729 applicare
1165 682 1207 718 et
1227 679 1352 718 morti

348 749 474 788 etiam
496 761 542 789 se
564 761 782 802 exponere
814 756 848 794 si
868 755 1135 802 necessesit,
1158 755 1211 793 ad
1249 754 1352 794 illud

344 827 662 875 applicandum,
689 830 879 880 quamvis
897 842 981 870 non
1003 832 1054 870 sil
1073 831 1152 881 ipsi
1175 830 1351 872 evidens

346 901 461 950 quod
488 902 529 941 id
551 903 607 942 ita
628 915 675 944 se
695 905 876 952 habeat;
919 917 1022 957 ergo
1064 906 1256 946 similiter
1286 906 1352 945 di¬

345 977 530 1017 cendum
553 982 616 1018 est
637 979 690 1019 de
722 992 769 1020 se
793 982 863 1032 qui
897 982 1057 1033 aliquid
1096 983 1231 1023 credit
1251 993 1347 1023 esse

346 1055 634 1093 necessarium
656 1056 708 1095 ad
729 1057 927 1103 salutem,
951 1061 1144 1108 quamvis
1177 1069 1260 1097 non
1299 1059 1353 1097 sit

344 1129 423 1177 ipsi
445 1129 621 1169 evidens
642 1132 872 1177 moraliter,
898 1133 1014 1183 quod
1034 1133 1077 1172 id
1097 1134 1150 1172 sit
1171 1133 1225 1172 de
1245 1132 1348 1172 fide.

344 1202 626 1244 Confirmatur
666 1206 875 1256 secundo,
922 1208 1019 1258 quia
1065 1210 1192 1248 etiam
1228 1208 1350 1259 judi¬

341 1281 451 1320 cium
472 1292 702 1321 erroneum
719 1287 864 1332 posset
885 1285 945 1323 sic
971 1295 1098 1334 quem
1125 1285 1317 1335 obligare
1337 1296 1345 1331 ;

342 1365 443 1407 ergo
467 1357 599 1397 mullo
630 1359 767 1409 magis
791 1359 998 1409 judicium
1020 1360 1120 1401 fidei
1141 1362 1232 1401 sine
1268 1364 1351 1402 evi¬

342 1429 501 1472 dentia.

388 1513 708 1554 Advertendum
729 1517 866 1565 tertio,
888 1520 1082 1568 quamvis
1105 1521 1198 1570 quis
1220 1521 1348 1560 sciret

339 1589 562 1630 evidenter
589 1592 731 1643 aliqua
764 1596 965 1645 mysteria
1002 1593 1102 1634 fidei
1133 1606 1230 1635 esse
1263 1596 1348 1635 evi¬

338 1659 491 1700 denter
533 1663 722 1701 revelata
761 1674 784 1702 a
823 1665 930 1712 Deo,
980 1675 1067 1703 non
1114 1669 1348 1716 propterea

335 1736 477 1785 ipsum
510 1739 648 1777 teneri
681 1738 735 1777 ad
771 1739 1076 1788 exponendam
1105 1743 1235 1780 vitam
1268 1753 1345 1792 pro

337 1824 487 1853 eorum
523 1814 718 1862 veritate,
761 1816 860 1866 quia
898 1819 979 1857 ista
1013 1816 1227 1858 evidentia
1260 1829 1347 1859 non

336 1890 465 1930 habet
484 1891 567 1930 vim
589 1891 649 1931 sic
669 1891 904 1943 obligandi,
926 1904 1071 1944 neque
1088 1895 1197 1935 enim
1217 1895 1346 1935 debe¬

334 1975 429 2004 mus
467 1977 687 2016 exponere
724 1972 915 2009 nostram
954 1970 1083 2008 vitam
1110 1971 1165 2010 ad
1191 1969 1344 2010 defen¬

333 2040 524 2081 dendum
555 2042 671 2093 quod
692 2053 818 2083 omne
853 2047 988 2084 totum
1017 2046 1070 2084 sit
1098 2047 1238 2098 majus
1267 2058 1344 2087 sua

331 2123 465 2167 parte,
499 2119 616 2169 quod
649 2124 792 2159 tamen
826 2125 890 2160 est
921 2122 1042 2161 nobis
1074 2123 1343 2163 evidentissi-

331 2204 463 2234 mum.

384 2270 533 2320 Itaque
560 2271 594 2310 is
623 2273 761 2312 solum
786 2277 955 2314 tenetur
975 2286 1192 2325 exponere
1212 2275 1342 2316 vitam

331 2357 406 2396 pro
427 2348 606 2387 veritate
626 2350 818 2400 mysterii
840 2350 1003 2398 crediti,
1029 2352 1101 2401 qui
1123 2353 1343 2403 cognoscit

329 2421 432 2460 illud
451 2424 704 2473 mysterium
726 2435 822 2464 esse
844 2426 942 2472 tale,
965 2430 1013 2465 ut
1033 2427 1086 2466 ab
1109 2438 1160 2467 eo
1183 2438 1341 2478 cogno¬

328 2498 491 2539 scendo
523 2497 790 2550 dependeret
811 2502 989 2542 aliorum
1010 2504 1140 2550 salus,
1165 2508 1206 2544 et
1225 2503 1340 2544 vide¬

327 2577 393 2613 ret
422 2575 695 2625 probabiliter
714 2576 920 2626 futurum,
942 2582 989 2618 ut
1008 2580 1088 2619 nisi
1110 2581 1202 2631 ipse
1230 2592 1340 2621 mor¬

330 2654 416 2690 tem
443 2655 670 2702 oppeteret
709 2653 764 2692 ad
799 2654 892 2705 ejus
927 2654 1241 2706 defensionem,
1270 2657 1340 2697 alii

328 2727 380 2765 ab
409 2739 459 2767 eo
493 2728 711 2768 credendo
746 2728 983 2770 deficerent
1015 2735 1056 2771 et
1087 2736 1340 2782 paterentur

328 2806 555 2854 propterea
571 2804 785 2855 jacturam
806 2806 975 2854 salutis;
998 2810 1071 2846 aut
1092 2810 1161 2859 qui
1182 2820 1339 2861 cogno¬

326 2882 513 2927 scerent,
529 2880 617 2920 sive
631 2892 710 2932 per
724 2880 870 2929 fidem,
890 2884 977 2922 sive
992 2895 1072 2934 per
1091 2887 1339 2935 opinionem

324 2957 397 2994 aut
428 2956 664 3004 scientiam,
700 2957 816 3007 quod
846 2959 961 2998 Deus
1001 2960 1254 3012 obligaverit
1283 2962 1338 3002 ad

324 3032 626 3081 exponendam
649 3045 724 3084 pro
755 3033 1009 3074 defensione
1030 3040 1334 3088 mysteriorum

322 3106 436 3147 fidei.
461 3108 545 3147 Sed
568 3109 622 3147 de
643 3109 722 3148 hoc
745 3110 872 3148 etiam
898 3110 1033 3151 fusius
1065 3112 1177 3154 forte
1210 3125 1338 3165 agam

322 3182 363 3220 in
384 3183 591 3232 praedicta
623 3183 898 3224 distinctione
931 3187 992 3226 25.
1028 3189 1171 3236 Tertii,
1208 3201 1338 3240 quam

322 3258 415 3297 sine
437 3263 679 3298 commento
713 3260 905 3299 relictam
938 3273 958 3300 a
994 3264 1179 3314 Lycheto
1202 3276 1334 3317 expo¬

322 3342 427 3372 nere
459 3333 644 3374 debebo.

1794 395 2050 432 SCHOLIUM.

1472 533 1684 570 Concludit
1703 535 1953 580 Scripturam
1976 545 2128 572 sacram
2149 545 2236 571 esse
2252 545 2436 573 necessa¬

1426 599 1529 634 riam
1548 610 1555 642 ;
1597 598 1700 644 quod
1740 599 1910 645 probant
1952 602 2212 636 auctoritates
2251 600 2433 638 adductae

1425 665 1566 707 quaest.
1592 663 1746 699 t.num.
1771 665 1806 699 2.
1822 667 1860 700 et
1874 667 1956 700 tres
1978 665 2153 700 rationes
2170 664 2224 700 ibi
2253 663 2434 701 adductae

1427 735 1538 761 num.
1560 727 1596 762 6.
1617 729 1653 762 7.
1677 730 1716 763 et
1736 728 1791 762 14.
1816 729 1932 764 Docet
1958 729 2079 764 etiam
2111 737 2197 764 esse
2224 728 2437 764 sufficien¬

1424 792 1520 832 tem,
1542 791 1640 835 quia
1657 790 1774 826 docet
1788 794 1970 827 nostrum
1983 792 2105 828 finem
2121 793 2164 827 in
2178 792 2432 836 particulari,

1426 854 1459 898 ej
1469 863 1595 899 usque
1627 855 1948 892 circumstantias
1980 865 2025 891 ac
2060 856 2192 892 media
2220 855 2269 892 ad
2296 865 2437 892 conse¬

1426 916 1634 962 quendum
1656 927 1757 954 eum.
1788 920 1873 955 Non
1907 923 2026 964 negat
2058 920 2306 963 traditiones,
2339 920 2435 965 quia

1428 980 1499 1016 has
1532 980 1741 1027 Scriptura
1775 982 1887 1020 docet
1917 985 1952 1019 2.
1987 983 2037 1020 ad
2070 985 2204 1020 Thess.
2229 985 2265 1020 2.
2301 986 2435 1020 Tenete

1425 1046 1660 1081 traditiones
1664 1073 1673 1089 ,
1691 1049 1729 1082 et
1747 1047 1859 1090 Joan,
1881 1048 1935 1082 16.
1953 1051 1991 1084 et
2012 1051 2083 1084 uit.
2107 1048 2204 1084 Vide
2227 1051 2435 1086 Doctorem

1426 1109 1458 1144 1.
1487 1107 1524 1143 d.
1555 1107 1613 1146 11.
1648 1111 1715 1147 ubi
1749 1112 1805 1146 ait
1837 1112 1964 1148 multa
1990 1114 2124 1148 teneri
2153 1112 2202 1148 de
2229 1112 2320 1157 fide,
2343 1123 2434 1159 quae

1425 1182 1503 1207 non
1525 1173 1726 1210 habentur
1746 1184 1937 1221 expressa
1959 1177 2001 1212 in
2023 1176 2245 1222 Scriptura.

1485 1292 1676 1340 Habito
1711 1292 1776 1350 (a)
1805 1292 1971 1352 igitur
2003 1297 2192 1341 contra
2219 1293 2432 1347 haereti-

1425 1382 1513 1416 cos
1538 1369 1671 1427 quod
1697 1369 1940 1417 doctrina
1971 1370 2198 1417 Canonis
2232 1375 2312 1420 est
2345 1386 2431 1418 ve¬

1428 1459 1502 1498 ra,
1543 1445 1818 1492 videndum
1859 1449 1939 1493 est
1980 1447 2220 1500 secundo,
2264 1460 2328 1494 an
2363 1447 2431 1493 sit

1422 1521 1727 1568 necessaria
1754 1523 1805 1568 et
1836 1521 2102 1568 sufficiens
2135 1522 2334 1570 viatori
2370 1524 2432 1569 ad

1424 1597 1843 1657 consequendum
1865 1598 2019 1644 finem
2044 1611 2214 1644 suum.

1479 1673 1608 1720 Dico
1632 1673 1799 1732 igitur
1822 1673 1955 1732 quod
1978 1673 2081 1720 ista
2107 1672 2288 1727 tradit,
2315 1673 2432 1733 quid

1423 1750 1492 1797 sit
1541 1749 1658 1796 finis
1701 1749 1932 1796 hominis
1990 1749 2043 1795 in
2095 1749 2427 1809 particulari,

1423 1826 1544 1886 quia
1592 1825 1729 1872 visio
1766 1827 1815 1872 et
1861 1824 2047 1872 fruitio
2087 1826 2198 1880 Dei,
2240 1828 2291 1874 et
2330 1825 2428 1872 hoc

1421 1905 1677 1962 quantum
1729 1902 1790 1948 ad
1833 1901 2267 1949 circumstantias
2314 1902 2428 1961 ejus

1417 1979 1745 2038 appetibiles,
1766 1982 1893 2037 puta
1916 1978 2049 2037 quod
2071 1978 2186 2037 ipsa
2206 1977 2431 2026 habetur

1417 2059 1535 2116 post
1548 2055 2000 2102 resurrectionem
2019 2055 2082 2101 ab
2109 2054 2321 2102 homine
2338 2055 2431 2101 im¬

1417 2132 1650 2184 mortali,
1681 2133 1733 2178 et
1755 2131 1808 2176 in
1829 2143 2056 2190 corpore
2077 2134 2127 2178 et
2156 2131 2208 2177 in
2255 2132 2434 2177 anima

1415 2208 1573 2255 simul
1600 2208 1712 2254 sine
1743 2207 1859 2254 fine.
1894 2209 2016 2267 Ipsa
2063 2207 2226 2254 etiam
2274 2207 2438 2254 deter¬

1417 2285 1583 2332 minat
1597 2298 1709 2343 quae
1739 2286 1861 2330 sunt
1876 2283 2179 2330 necessaria
2196 2283 2257 2329 ad
2277 2283 2434 2330 finem

1415 2362 1464 2406 et
1490 2360 1622 2419 quod
1652 2360 1742 2407 illa
1780 2357 2062 2411 sufficiant,
2101 2359 2223 2418 quia
2254 2358 2432 2405 decem

1415 2435 1663 2483 mandata
1685 2435 1874 2483 Matth.
1900 2437 1953 2478 Si
1968 2436 2035 2478 vis
2054 2436 2113 2478 ad
2132 2438 2268 2478 vitam
2282 2437 2431 2492 ingre¬

1412 2515 1461 2556 di
1484 2528 1608 2557 serva
1629 2514 1854 2564 mandata,
1893 2511 1951 2557 de
1981 2511 2166 2569 quibus
2200 2510 2426 2557 habetur

2440 2614 2445 2646 Ex
1414 2590 1467 2636 in
1509 2592 1649 2635 Exod.
1687 2591 1892 2635 Horum
1927 2588 2088 2635 etiam
2116 2586 2419 2647 explicatio,

1412 2667 1463 2711 et
1491 2668 1747 2724 quantum
1774 2664 1836 2711 ad
1870 2663 2140 2717 credenda,
2177 2665 2229 2710 et
2262 2654 2425 2722 quan-

1412 2741 1524 2785 tum
1570 2739 1631 2784 ad
1677 2738 1949 2798 speranda,
1991 2739 2043 2783 et
2077 2737 2330 2797 quantum
2363 2736 2426 2782 ad

1415 2815 1678 2875 operanda
1735 2814 2037 2874 explicatur
2086 2827 2151 2859 ex
2201 2812 2425 2859 diversis

1410 2891 1544 2938 locis
1573 2891 1882 2950 Scripturae.
1906 2890 2275 2950 Proprietates
2299 2903 2426 2948 quo¬

1414 2981 1509 3026 que
1539 2967 1961 3014 substantiarum
1985 2965 2423 3013 immaterialium

1413 3043 1464 3088 in
1487 3056 1547 3089 ea
1569 3043 1869 3096 traduntur,
1897 3044 2151 3102 quantum
2173 3041 2421 3101 possibile

1412 3120 1493 3165 est
1515 3121 1566 3165 et
1588 3118 1717 3164 utile
1739 3118 1937 3164 viatori
1959 3131 2131 3164 nosse.
2157 3118 2267 3162 Ista
2293 3129 2422 3175 ergo

1413 3194 1725 3240 conferendo
1756 3194 1817 3240 ad
1845 3197 1954 3241 tres
1977 3194 2213 3241 rationes
2238 3192 2424 3251 quibus

1413 3270 1664 3318 innititur
1705 3270 1899 3317 solutio
1937 3269 2247 3328 quaestionis
2297 3281 2425 3328 prae¬

1414 3346 1659 3398 cedentis,
1687 3347 1832 3405 patet
1856 3345 1989 3404 quod
2012 3357 2166 3391 sacra
2190 3343 2419 3402 Scriptu¬

1414 3435 1475 3468 ra
1511 3421 1835 3468 sufficienter
1861 3420 2096 3467 continet
2125 3420 2423 3466 doctrinam

1413 3498 1773 3544 necessariam
1799 3496 2016 3543 viatori.

1474 3574 1547 3620 Ad
1565 3575 1796 3635 primum
1813 3574 1877 3632 (J))
1894 3573 2268 3631 argumentum
2285 3569 2423 3631 prin-
