<?xml version="1.0" encoding="UTF-8" standalone="yes"?>
<PcGts xmlns="http://schema.primaresearch.org/PAGE/gts/pagecontent/2013-07-15" xmlns:xsi="http://www.w3.org/2001/XMLSchema-instance" xsi:schemaLocation="http://schema.primaresearch.org/PAGE/gts/pagecontent/2013-07-15 http://schema.primaresearch.org/PAGE/gts/pagecontent/2013-07-15/pagecontent.xsd">
    <Metadata>
        <Creator>Transkribus</Creator>
        <Created>2020-11-20T14:45:19.19+01:00</Created>
        <LastChange>2020-12-17T14:20:49.067+01:00</LastChange>
        <Comments>
                Measurement unit: pixel
                PrimaryLanguage: English
                Language: Latin
                Producer: Transkribus
            </Comments>
        <TranskribusMetadata docId="541769" pageId="22791259" pageNr="128" tsid="50408082" status="IN_PROGRESS" userId="25065" imgUrl="https://files.transkribus.eu/Get?id=YAHJOYHRHRJQGMBWOPFGSBYE&amp;fileType=view" xmlUrl="https://files.transkribus.eu/Get?id=JNQORQDYXAAQJNIWHGVAXQSD" imageId="17768722"/>
    </Metadata>
    <Page imageFilename="127.jpg" imageWidth="2653" imageHeight="3979">
        <PrintSpace>
            <Coords points="0,295 2486,295 2486,3978 0,3978"/>
        </PrintSpace>
        <ReadingOrder>
            <OrderedGroup id="ro_1616597113608" caption="Regions reading order">
                <RegionRefIndexed index="0" regionRef="r_6_1"/>
                <RegionRefIndexed index="1" regionRef="r_6_2"/>
                <RegionRefIndexed index="2" regionRef="r_7_1"/>
                <RegionRefIndexed index="3" regionRef="TextRegion_1608211184406_697"/>
                <RegionRefIndexed index="4" regionRef="TextRegion_1608211230857_750"/>
                <RegionRefIndexed index="5" regionRef="TextRegion_1608211209690_730"/>
            </OrderedGroup>
        </ReadingOrder>
        <TextRegion type="paragraph" id="r_6_1" custom="readingOrder {index:0;}">
            <Coords points="141,404 1163,404 1163,1902 141,1902"/>
            <TextLine id="tl_11" primaryLanguage="English" custom="readingOrder {index:0;}">
                <Coords points="148,405 1150,405 1150,460 148,460"/>
                <Baseline points="148,443 342,446 536,446 758,447 1150,454"/>
                <Word id="w_w2aab1c11b2b1b1ab1" language="English" custom="readingOrder {index:0;}">
                    <Coords points="148,406 342,406 342,446 148,446"/>
                    <TextEquiv>
                        <Unicode>naturae?</Unicode>
                    </TextEquiv>
                    <TextStyle fontFamily="Times New Roman" fontSize="9.0"/>
                </Word>
                <Word id="w_w2aab1c11b2b1b1ac19" language="English" custom="readingOrder {index:1;}">
                    <Coords points="379,407 536,407 536,447 379,447"/>
                    <TextEquiv>
                        <Unicode>Doctor</Unicode>
                    </TextEquiv>
                    <TextStyle fontFamily="Times New Roman" fontSize="9.0"/>
                </Word>
                <Word id="w_w2aab1c11b2b1b1ac33" language="English" custom="readingOrder {index:2;}">
                    <Coords points="571,408 758,408 758,448 571,448"/>
                    <TextEquiv>
                        <Unicode>insinuat</Unicode>
                    </TextEquiv>
                    <TextStyle fontFamily="Times New Roman" fontSize="9.0"/>
                </Word>
                <Word id="w_w2aab1c11b2b1b1ac51" language="English" custom="readingOrder {index:3;}">
                    <Coords points="804,410 1150,410 1150,458 804,458"/>
                    <TextEquiv>
                        <Unicode>responsionem,</Unicode>
                    </TextEquiv>
                    <TextStyle fontFamily="Times New Roman" fontSize="9.0"/>
                </Word>
                <TextEquiv>
                    <Unicode>naturae? Doctor insinuat responsionem,</Unicode>
                </TextEquiv>
                <TextStyle fontFamily="Times New Roman" fontSize="9.0"/>
            </TextLine>
            <TextLine id="tl_12" primaryLanguage="English" custom="readingOrder {index:1;}">
                <Coords points="145,481 1149,481 1149,537 145,537"/>
                <Baseline points="145,531 241,521 428,522 490,523 706,523 849,523 1045,522 1149,513"/>
                <Word id="w_w2aab1c11b2b1b3ab1" language="English" custom="readingOrder {index:0;}">
                    <Coords points="145,483 241,483 241,531 145,531"/>
                    <TextEquiv>
                        <Unicode>quia</Unicode>
                    </TextEquiv>
                    <TextStyle fontFamily="Times New Roman" fontSize="9.0"/>
                </Word>
                <Word id="w_w2aab1c11b2b1b3ac11" language="English" custom="readingOrder {index:1;}">
                    <Coords points="265,482 428,482 428,522 265,522"/>
                    <TextEquiv>
                        <Unicode>scilicet</Unicode>
                    </TextEquiv>
                    <TextStyle fontFamily="Times New Roman" fontSize="9.0"/>
                </Word>
                <Word id="w_w2aab1c11b2b1b3ac29" language="English" custom="readingOrder {index:2;}">
                    <Coords points="447,484 490,484 490,523 447,523"/>
                    <TextEquiv>
                        <Unicode>in</Unicode>
                    </TextEquiv>
                    <TextStyle fontFamily="Times New Roman" fontSize="9.0"/>
                </Word>
                <Word id="w_w2aab1c11b2b1b3ac35" language="English" custom="readingOrder {index:3;}">
                    <Coords points="512,487 706,487 706,534 512,534"/>
                    <TextEquiv>
                        <Unicode>tempore</Unicode>
                    </TextEquiv>
                    <TextStyle fontFamily="Times New Roman" fontSize="9.0"/>
                </Word>
                <Word id="w_w2aab1c11b2b1b3ac51" language="English" custom="readingOrder {index:4;}">
                    <Coords points="739,485 849,485 849,536 739,536"/>
                    <TextEquiv>
                        <Unicode>legis</Unicode>
                    </TextEquiv>
                    <TextStyle fontFamily="Times New Roman" fontSize="9.0"/>
                </Word>
                <Word id="w_w2aab1c11b2b1b3ac63" language="English" custom="readingOrder {index:5;}">
                    <Coords points="883,487 1045,487 1045,524 883,524"/>
                    <TextEquiv>
                        <Unicode>naturae</Unicode>
                    </TextEquiv>
                    <TextStyle fontFamily="Times New Roman" fontSize="9.0"/>
                </Word>
                <Word id="w_w2aab1c11b2b1b3ac79" language="English" custom="readingOrder {index:6;}">
                    <Coords points="1075,485 1149,485 1149,523 1075,523"/>
                    <TextEquiv>
                        <Unicode>ha¬</Unicode>
                    </TextEquiv>
                    <TextStyle fontFamily="Times New Roman" fontSize="9.0"/>
                </Word>
                <TextEquiv>
                    <Unicode>quia scilicet in tempore legis naturae ha¬</Unicode>
                </TextEquiv>
                <TextStyle fontFamily="Times New Roman" fontSize="9.0"/>
            </TextLine>
            <TextLine id="tl_13" primaryLanguage="English" custom="readingOrder {index:2;}">
                <Coords points="143,557 1150,557 1150,611 143,611"/>
                <Baseline points="143,597 332,598 566,598 683,598 960,599 1150,588"/>
                <Word id="w_w2aab1c11b2b1b5ab1" language="English" custom="readingOrder {index:0;}">
                    <Coords points="143,559 332,559 332,598 143,598"/>
                    <TextEquiv>
                        <Unicode>buerunt</Unicode>
                    </TextEquiv>
                    <TextStyle fontFamily="Times New Roman" fontSize="9.0"/>
                </Word>
                <Word id="w_w2aab1c11b2b1b5ac17" language="English" custom="readingOrder {index:1;}">
                    <Coords points="369,559 566,559 566,598 369,598"/>
                    <TextEquiv>
                        <Unicode>homines</Unicode>
                    </TextEquiv>
                    <TextStyle fontFamily="Times New Roman" fontSize="9.0"/>
                </Word>
                <Word id="w_w2aab1c11b2b1b5ac33" language="English" custom="readingOrder {index:2;}">
                    <Coords points="600,560 683,560 683,599 600,599"/>
                    <TextEquiv>
                        <Unicode>vim</Unicode>
                    </TextEquiv>
                    <TextStyle fontFamily="Times New Roman" fontSize="9.0"/>
                </Word>
                <Word id="w_w2aab1c11b2b1b5ac41" language="English" custom="readingOrder {index:3;}">
                    <Coords points="721,560 960,560 960,600 721,600"/>
                    <TextEquiv>
                        <Unicode>naturalem</Unicode>
                    </TextEquiv>
                    <TextStyle fontFamily="Times New Roman" fontSize="9.0"/>
                </Word>
                <Word id="w_w2aab1c11b2b1b5ac61" language="English" custom="readingOrder {index:4;}">
                    <Coords points="1008,558 1150,558 1150,609 1008,609"/>
                    <TextEquiv>
                        <Unicode>perfe¬</Unicode>
                    </TextEquiv>
                    <TextStyle fontFamily="Times New Roman" fontSize="9.0"/>
                </Word>
                <TextEquiv>
                    <Unicode>buerunt homines vim naturalem perfe¬</Unicode>
                </TextEquiv>
                <TextStyle fontFamily="Times New Roman" fontSize="9.0"/>
            </TextLine>
            <TextLine id="tl_14" primaryLanguage="English" custom="readingOrder {index:3;}">
                <Coords points="145,633 1153,633 1153,682 145,682"/>
                <Baseline points="145,674 337,682 402,674 562,673 701,675 907,674 976,675 1153,674"/>
                <Word id="w_w2aab1c11b2b1b7ab1" language="English" custom="readingOrder {index:0;}">
                    <Coords points="145,635 337,635 337,682 145,682"/>
                    <TextEquiv>
                        <Unicode>ctiorem,</Unicode>
                    </TextEquiv>
                    <TextStyle fontFamily="Times New Roman" fontSize="9.0"/>
                </Word>
                <Word id="w_w2aab1c11b2b1b7ac19" language="English" custom="readingOrder {index:1;}">
                    <Coords points="361,638 402,638 402,674 361,674"/>
                    <TextEquiv>
                        <Unicode>et</Unicode>
                    </TextEquiv>
                    <TextStyle fontFamily="Times New Roman" fontSize="9.0"/>
                </Word>
                <Word id="w_w2aab1c11b2b1b7ac25" language="English" custom="readingOrder {index:2;}">
                    <Coords points="422,636 562,636 562,674 422,674"/>
                    <TextEquiv>
                        <Unicode>minus</Unicode>
                    </TextEquiv>
                    <TextStyle fontFamily="Times New Roman" fontSize="9.0"/>
                </Word>
                <Word id="w_w2aab1c11b2b1b7ac37" language="English" custom="readingOrder {index:3;}">
                    <Coords points="580,640 701,640 701,675 580,675"/>
                    <TextEquiv>
                        <Unicode>erant</Unicode>
                    </TextEquiv>
                    <TextStyle fontFamily="Times New Roman" fontSize="9.0"/>
                </Word>
                <Word id="w_w2aab1c11b2b1b7ac49" language="English" custom="readingOrder {index:4;}">
                    <Coords points="722,637 907,637 907,676 722,676"/>
                    <TextEquiv>
                        <Unicode>inclinati</Unicode>
                    </TextEquiv>
                    <TextStyle fontFamily="Times New Roman" fontSize="9.0"/>
                </Word>
                <Word id="w_w2aab1c11b2b1b7ac69" language="English" custom="readingOrder {index:5;}">
                    <Coords points="924,636 976,636 976,675 924,675"/>
                    <TextEquiv>
                        <Unicode>ad</Unicode>
                    </TextEquiv>
                    <TextStyle fontFamily="Times New Roman" fontSize="9.0"/>
                </Word>
                <Word id="w_w2aab1c11b2b1b7ac75" language="English" custom="readingOrder {index:6;}">
                    <Coords points="993,637 1153,637 1153,675 993,675"/>
                    <TextEquiv>
                        <Unicode>malum</Unicode>
                    </TextEquiv>
                    <TextStyle fontFamily="Times New Roman" fontSize="9.0"/>
                </Word>
                <TextEquiv>
                    <Unicode>ctiorem, et minus erant inclinati ad malum</Unicode>
                </TextEquiv>
                <TextStyle fontFamily="Times New Roman" fontSize="9.0"/>
            </TextLine>
            <TextLine id="tl_15" primaryLanguage="English" custom="readingOrder {index:4;}">
                <Coords points="145,709 1153,709 1153,764 145,764"/>
                <Baseline points="145,762 348,749 448,749 743,759 1153,751"/>
                <Word id="w_w2aab1c11b2b1b9ab1" language="English" custom="readingOrder {index:0;}">
                    <Coords points="145,714 348,714 348,762 145,762"/>
                    <TextEquiv>
                        <Unicode>quantum</Unicode>
                    </TextEquiv>
                    <TextStyle fontFamily="Times New Roman" fontSize="9.0"/>
                </Word>
                <Word id="w_w2aab1c11b2b1b9ac17" language="English" custom="readingOrder {index:1;}">
                    <Coords points="395,710 448,710 448,749 395,749"/>
                    <TextEquiv>
                        <Unicode>ad</Unicode>
                    </TextEquiv>
                    <TextStyle fontFamily="Times New Roman" fontSize="9.0"/>
                </Word>
                <Word id="w_w2aab1c11b2b1b9ac23" language="English" custom="readingOrder {index:2;}">
                    <Coords points="488,713 743,713 743,761 488,761"/>
                    <TextEquiv>
                        <Unicode>appetitum,</Unicode>
                    </TextEquiv>
                    <TextStyle fontFamily="Times New Roman" fontSize="9.0"/>
                </Word>
                <Word id="w_w2aab1c11b2b1b9ac45" language="English" custom="readingOrder {index:3;}">
                    <Coords points="791,713 1153,713 1153,762 791,762"/>
                    <TextEquiv>
                        <Unicode>paucioribusque</Unicode>
                    </TextEquiv>
                    <TextStyle fontFamily="Times New Roman" fontSize="9.0"/>
                </Word>
                <TextEquiv>
                    <Unicode>quantum ad appetitum, paucioribusque</Unicode>
                </TextEquiv>
                <TextStyle fontFamily="Times New Roman" fontSize="9.0"/>
            </TextLine>
            <TextLine id="tl_16" primaryLanguage="English" custom="readingOrder {index:5;}">
                <Coords points="145,792 1150,792 1150,846 145,846"/>
                <Baseline points="145,832 355,831 571,833 736,833 973,833 1056,832 1150,823"/>
                <Word id="w_w2aab1c11b2b1c11ab1" language="English" custom="readingOrder {index:0;}">
                    <Coords points="145,794 355,794 355,833 145,833"/>
                    <TextEquiv>
                        <Unicode>erroribus</Unicode>
                    </TextEquiv>
                    <TextStyle fontFamily="Times New Roman" fontSize="9.0"/>
                </Word>
                <Word id="w_w2aab1c11b2b1c11ac21" language="English" custom="readingOrder {index:1;}">
                    <Coords points="376,794 571,794 571,842 376,842"/>
                    <TextEquiv>
                        <Unicode>practicis</Unicode>
                    </TextEquiv>
                    <TextStyle fontFamily="Times New Roman" fontSize="9.0"/>
                </Word>
                <Word id="w_w2aab1c11b2b1c11ac41" language="English" custom="readingOrder {index:2;}">
                    <Coords points="592,793 736,793 736,833 592,833"/>
                    <TextEquiv>
                        <Unicode>infecti</Unicode>
                    </TextEquiv>
                    <TextStyle fontFamily="Times New Roman" fontSize="9.0"/>
                </Word>
                <Word id="w_w2aab1c11b2b1c11ac57" language="English" custom="readingOrder {index:3;}">
                    <Coords points="766,796 973,796 973,845 766,845"/>
                    <TextEquiv>
                        <Unicode>quantum</Unicode>
                    </TextEquiv>
                    <TextStyle fontFamily="Times New Roman" fontSize="9.0"/>
                </Word>
                <Word id="w_w2aab1c11b2b1c11ac73" language="English" custom="readingOrder {index:4;}">
                    <Coords points="1003,794 1056,794 1056,833 1003,833"/>
                    <TextEquiv>
                        <Unicode>ad</Unicode>
                    </TextEquiv>
                    <TextStyle fontFamily="Times New Roman" fontSize="9.0"/>
                </Word>
                <Word id="w_w2aab1c11b2b1c11ac79" language="English" custom="readingOrder {index:5;}">
                    <Coords points="1088,797 1150,797 1150,833 1088,833"/>
                    <TextEquiv>
                        <Unicode>in¬</Unicode>
                    </TextEquiv>
                    <TextStyle fontFamily="Times New Roman" fontSize="9.0"/>
                </Word>
                <TextEquiv>
                    <Unicode>erroribus practicis infecti quantum ad in¬</Unicode>
                </TextEquiv>
                <TextStyle fontFamily="Times New Roman" fontSize="9.0"/>
            </TextLine>
            <TextLine id="tl_17" primaryLanguage="English" custom="readingOrder {index:6;}">
                <Coords points="146,867 1154,867 1154,920 146,920"/>
                <Baseline points="146,908 377,915 517,908 810,908 1027,908 1154,901"/>
                <Word id="w_w2aab1c11b2b1c13ab1" language="English" custom="readingOrder {index:0;}">
                    <Coords points="146,869 377,869 377,915 146,915"/>
                    <TextEquiv>
                        <Unicode>tellectum,</Unicode>
                    </TextEquiv>
                    <TextStyle fontFamily="Times New Roman" fontSize="9.0"/>
                </Word>
                <Word id="w_w2aab1c11b2b1c13ac23" language="English" custom="readingOrder {index:1;}">
                    <Coords points="401,869 517,869 517,908 401,908"/>
                    <TextEquiv>
                        <Unicode>unde</Unicode>
                    </TextEquiv>
                    <TextStyle fontFamily="Times New Roman" fontSize="9.0"/>
                </Word>
                <Word id="w_w2aab1c11b2b1c13ac33" language="English" custom="readingOrder {index:2;}">
                    <Coords points="541,870 810,870 810,919 541,919"/>
                    <TextEquiv>
                        <Unicode>paucioribus</Unicode>
                    </TextEquiv>
                    <TextStyle fontFamily="Times New Roman" fontSize="9.0"/>
                </Word>
                <Word id="w_w2aab1c11b2b1c13ac57" language="English" custom="readingOrder {index:3;}">
                    <Coords points="828,869 1027,869 1027,909 828,909"/>
                    <TextEquiv>
                        <Unicode>subsidiis</Unicode>
                    </TextEquiv>
                    <TextStyle fontFamily="Times New Roman" fontSize="9.0"/>
                </Word>
                <Word id="w_w2aab1c11b2b1c13ac77" language="English" custom="readingOrder {index:4;}">
                    <Coords points="1049,870 1154,870 1154,909 1049,909"/>
                    <TextEquiv>
                        <Unicode>indi¬</Unicode>
                    </TextEquiv>
                    <TextStyle fontFamily="Times New Roman" fontSize="9.0"/>
                </Word>
                <TextEquiv>
                    <Unicode>tellectum, unde paucioribus subsidiis indi¬</Unicode>
                </TextEquiv>
                <TextStyle fontFamily="Times New Roman" fontSize="9.0"/>
            </TextLine>
            <TextLine id="tl_18" primaryLanguage="English" custom="readingOrder {index:7;}">
                <Coords points="143,943 1153,943 1153,998 143,998"/>
                <Baseline points="143,995 305,984 627,984 881,984 1068,984 1153,984"/>
                <Word id="w_w2aab1c11b2b1c15ab1" language="English" custom="readingOrder {index:0;}">
                    <Coords points="143,945 305,945 305,995 143,995"/>
                    <TextEquiv>
                        <Unicode>gebant</Unicode>
                    </TextEquiv>
                    <TextStyle fontFamily="Times New Roman" fontSize="9.0"/>
                </Word>
                <Word id="w_w2aab1c11b2b1c15ac15" language="English" custom="readingOrder {index:1;}">
                    <Coords points="343,946 627,946 627,984 343,984"/>
                    <TextEquiv>
                        <Unicode>communiter</Unicode>
                    </TextEquiv>
                    <TextStyle fontFamily="Times New Roman" fontSize="9.0"/>
                </Word>
                <Word id="w_w2aab1c11b2b1c15ac37" language="English" custom="readingOrder {index:2;}">
                    <Coords points="663,944 881,944 881,996 663,996"/>
                    <TextEquiv>
                        <Unicode>loquendo</Unicode>
                    </TextEquiv>
                    <TextStyle fontFamily="Times New Roman" fontSize="9.0"/>
                </Word>
                <Word id="w_w2aab1c11b2b1c15ac55" language="English" custom="readingOrder {index:3;}">
                    <Coords points="941,957 1068,957 1068,996 941,996"/>
                    <TextEquiv>
                        <Unicode>quam</Unicode>
                    </TextEquiv>
                    <TextStyle fontFamily="Times New Roman" fontSize="9.0"/>
                </Word>
                <Word id="w_w2aab1c11b2b1c15ac65" language="English" custom="readingOrder {index:4;}">
                    <Coords points="1112,945 1153,945 1153,984 1112,984"/>
                    <TextEquiv>
                        <Unicode>in</Unicode>
                    </TextEquiv>
                    <TextStyle fontFamily="Times New Roman" fontSize="9.0"/>
                </Word>
                <TextEquiv>
                    <Unicode>gebant communiter loquendo quam in</Unicode>
                </TextEquiv>
                <TextStyle fontFamily="Times New Roman" fontSize="9.0"/>
            </TextLine>
            <TextLine id="tl_19" primaryLanguage="English" custom="readingOrder {index:8;}">
                <Coords points="143,1020 1154,1020 1154,1076 143,1076"/>
                <Baseline points="143,1060 233,1060 435,1060 764,1062 917,1061 1154,1051"/>
                <Word id="w_w2aab1c11b2b1c17ab1" language="English" custom="readingOrder {index:0;}">
                    <Coords points="143,1022 233,1022 233,1060 143,1060"/>
                    <TextEquiv>
                        <Unicode>aliis</Unicode>
                    </TextEquiv>
                    <TextStyle fontFamily="Times New Roman" fontSize="9.0"/>
                </Word>
                <Word id="w_w2aab1c11b2b1c17ac13" language="English" custom="readingOrder {index:1;}">
                    <Coords points="254,1021 435,1021 435,1061 254,1061"/>
                    <TextEquiv>
                        <Unicode>statibus</Unicode>
                    </TextEquiv>
                    <TextStyle fontFamily="Times New Roman" fontSize="9.0"/>
                </Word>
                <Word id="w_w2aab1c11b2b1c17ac31" language="English" custom="readingOrder {index:2;}">
                    <Coords points="464,1023 764,1023 764,1072 464,1072"/>
                    <TextEquiv>
                        <Unicode>sequentibus.</Unicode>
                    </TextEquiv>
                    <TextStyle fontFamily="Times New Roman" fontSize="9.0"/>
                </Word>
                <Word id="w_w2aab1c11b2b1c17ac57" language="English" custom="readingOrder {index:3;}">
                    <Coords points="795,1021 917,1021 917,1062 795,1062"/>
                    <TextEquiv>
                        <Unicode>Unde</Unicode>
                    </TextEquiv>
                    <TextStyle fontFamily="Times New Roman" fontSize="9.0"/>
                </Word>
                <Word id="w_w2aab1c11b2b1c17ac67" language="English" custom="readingOrder {index:4;}">
                    <Coords points="949,1025 1154,1025 1154,1074 949,1074"/>
                    <TextEquiv>
                        <Unicode>Augusti¬</Unicode>
                    </TextEquiv>
                    <TextStyle fontFamily="Times New Roman" fontSize="9.0"/>
                </Word>
                <TextEquiv>
                    <Unicode>aliis statibus sequentibus. Unde Augusti¬</Unicode>
                </TextEquiv>
                <TextStyle fontFamily="Times New Roman" fontSize="9.0"/>
            </TextLine>
            <TextLine id="tl_20" primaryLanguage="English" custom="readingOrder {index:9;}">
                <Coords points="143,1095 1153,1095 1153,1150 143,1150"/>
                <Baseline points="143,1136 224,1136 303,1136 435,1137 600,1136 658,1137 874,1137 913,1137 1153,1146"/>
                <Word id="w_w2aab1c11b2b1c19ab1" language="English" custom="readingOrder {index:0;}">
                    <Coords points="143,1108 224,1108 224,1136 143,1136"/>
                    <TextEquiv>
                        <Unicode>nus</Unicode>
                    </TextEquiv>
                    <TextStyle fontFamily="Times New Roman" fontSize="9.0"/>
                </Word>
                <Word id="w_w2aab1c11b2b1c19ab9" language="English" custom="readingOrder {index:1;}">
                    <Coords points="261,1098 303,1098 303,1136 261,1136"/>
                    <TextEquiv>
                        <Unicode>in</Unicode>
                    </TextEquiv>
                    <TextStyle fontFamily="Times New Roman" fontSize="9.0"/>
                </Word>
                <Word id="w_w2aab1c11b2b1c19ac15" language="English" custom="readingOrder {index:2;}">
                    <Coords points="341,1096 435,1096 435,1137 341,1137"/>
                    <TextEquiv>
                        <Unicode>loco</Unicode>
                    </TextEquiv>
                    <TextStyle fontFamily="Times New Roman" fontSize="9.0"/>
                </Word>
                <Word id="w_w2aab1c11b2b1c19ac25" language="English" custom="readingOrder {index:3;}">
                    <Coords points="475,1099 600,1099 600,1137 475,1137"/>
                    <TextEquiv>
                        <Unicode>citato</Unicode>
                    </TextEquiv>
                    <TextStyle fontFamily="Times New Roman" fontSize="9.0"/>
                </Word>
                <Word id="w_w2aab1c11b2b1c19ac39" language="English" custom="readingOrder {index:4;}">
                    <Coords points="637,1110 658,1110 658,1137 637,1137"/>
                    <TextEquiv>
                        <Unicode>a</Unicode>
                    </TextEquiv>
                    <TextStyle fontFamily="Times New Roman" fontSize="9.0"/>
                </Word>
                <Word id="w_w2aab1c11b2b1c19ac43" language="English" custom="readingOrder {index:5;}">
                    <Coords points="689,1100 874,1100 874,1138 689,1138"/>
                    <TextEquiv>
                        <Unicode>Doctore</Unicode>
                    </TextEquiv>
                    <TextStyle fontFamily="Times New Roman" fontSize="9.0"/>
                </Word>
                <Word id="w_w2aab1c11b2b1c19ac59" language="English" custom="readingOrder {index:6;}">
                    <Coords points="905,1102 913,1102 913,1144 905,1144"/>
                    <TextEquiv>
                        <Unicode>:</Unicode>
                    </TextEquiv>
                    <TextStyle fontFamily="Times New Roman" fontSize="9.0"/>
                </Word>
                <Word id="w_w2aab1c11b2b1c19b1b1" language="English" custom="readingOrder {index:7;}">
                    <Coords points="945,1099 1153,1099 1153,1148 945,1148"/>
                    <TextEquiv>
                        <Unicode>Quisquis,</Unicode>
                    </TextEquiv>
                    <TextStyle fontFamily="Times New Roman" fontSize="9.5" italic="true"/>
                </Word>
                <TextEquiv>
                    <Unicode>nus in loco citato a Doctore : Quisquis,</Unicode>
                </TextEquiv>
            </TextLine>
            <TextLine id="tl_21" primaryLanguage="English" custom="readingOrder {index:10;}">
                <Coords points="143,1172 1153,1172 1153,1228 143,1228"/>
                <Baseline points="143,1212 153,1212 479,1212 536,1213 1050,1214 1153,1203"/>
                <Word id="w_w2aab1c11b2b1c21ab1" language="English" custom="readingOrder {index:0;}">
                    <Coords points="143,1174 290,1174 290,1223 143,1223"/>
                    <TextEquiv>
                        <Unicode>inquit,</Unicode>
                    </TextEquiv>
                    <TextStyle fontFamily="Times New Roman" fontSize="9.0"/>
                </Word>
                <Word id="w_w2aab1c11b2b1c21b1b1" language="English" custom="readingOrder {index:1;}">
                    <Coords points="297,1176 479,1176 479,1214 297,1214"/>
                    <TextEquiv>
                        <Unicode>duorum</Unicode>
                    </TextEquiv>
                    <TextStyle fontFamily="Times New Roman" fontSize="9.5" italic="true"/>
                </Word>
                <Word id="w_w2aab1c11b2b1c21b1c15" language="English" custom="readingOrder {index:2;}">
                    <Coords points="505,1177 857,1177 857,1214 505,1214"/>
                    <TextEquiv>
                        <Unicode>Testamentorum</Unicode>
                    </TextEquiv>
                    <TextStyle fontFamily="Times New Roman" fontSize="9.5" italic="true"/>
                </Word>
                <Word id="w_w2aab1c11b2b1c21b2b3" language="English" custom="readingOrder {index:3;}">
                    <Coords points="878,1174 1050,1174 1050,1226 878,1226"/>
                    <TextEquiv>
                        <Unicode>(veteris</Unicode>
                    </TextEquiv>
                    <TextStyle fontFamily="Times New Roman" fontSize="9.0"/>
                </Word>
                <Word id="w_w2aab1c11b2b1c21b2c21" language="English" custom="readingOrder {index:4;}">
                    <Coords points="1070,1177 1153,1177 1153,1216 1070,1216"/>
                    <TextEquiv>
                        <Unicode>sci¬</Unicode>
                    </TextEquiv>
                    <TextStyle fontFamily="Times New Roman" fontSize="9.0"/>
                </Word>
                <TextEquiv>
                    <Unicode>inquit,duorum Testamentorum (veteris sci¬</Unicode>
                </TextEquiv>
            </TextLine>
            <TextLine id="tl_22" primaryLanguage="English" custom="readingOrder {index:11;}">
                <Coords points="144,1249 1156,1249 1156,1303 144,1303"/>
                <Baseline points="144,1289 243,1289 311,1289 356,1290 804,1290 899,1290 1156,1290"/>
                <Word id="w_w2aab1c11b2b1c23ab1" language="English" custom="readingOrder {index:0;}">
                    <Coords points="144,1251 243,1251 243,1289 144,1289"/>
                    <TextEquiv>
                        <Unicode>licet</Unicode>
                    </TextEquiv>
                    <TextStyle fontFamily="Times New Roman" fontSize="9.0"/>
                </Word>
                <Word id="w_w2aab1c11b2b1c23ac13" language="English" custom="readingOrder {index:1;}">
                    <Coords points="269,1253 311,1253 311,1289 269,1289"/>
                    <TextEquiv>
                        <Unicode>et</Unicode>
                    </TextEquiv>
                    <TextStyle fontFamily="Times New Roman" fontSize="9.0"/>
                </Word>
                <Word id="w_w2aab1c11b2b1c23ac19" language="English" custom="readingOrder {index:2;}">
                    <Coords points="331,1250 444,1250 444,1299 331,1299"/>
                    <TextEquiv>
                        <Unicode>novi)</Unicode>
                    </TextEquiv>
                    <TextStyle fontFamily="Times New Roman" fontSize="9.0"/>
                </Word>
                <Word id="w_w2aab1c11b2b1c23b1b1" language="English" custom="readingOrder {index:3;}">
                    <Coords points="477,1252 804,1252 804,1299 477,1299"/>
                    <TextEquiv>
                        <Unicode>dispensationes</Unicode>
                    </TextEquiv>
                    <TextStyle fontFamily="Times New Roman" fontSize="9.5" italic="true"/>
                </Word>
                <Word id="w_w2aab1c11b2b1c23b1c31" language="English" custom="readingOrder {index:4;}">
                    <Coords points="818,1262 899,1262 899,1301 818,1301"/>
                    <TextEquiv>
                        <Unicode>pro</Unicode>
                    </TextEquiv>
                    <TextStyle fontFamily="Times New Roman" fontSize="9.5" italic="true"/>
                </Word>
                <Word id="w_w2aab1c11b2b1c23b1c39" language="English" custom="readingOrder {index:5;}">
                    <Coords points="919,1255 1156,1255 1156,1301 919,1301"/>
                    <TextEquiv>
                        <Unicode>temporum</Unicode>
                    </TextEquiv>
                    <TextStyle fontFamily="Times New Roman" fontSize="9.5" italic="true"/>
                </Word>
                <TextEquiv>
                    <Unicode>licet et novi) dispensationes pro temporum</Unicode>
                </TextEquiv>
            </TextLine>
            <TextLine id="tl_23" primaryLanguage="English" custom="readingOrder {index:12;}">
                <Coords points="143,1326 1154,1326 1154,1379 143,1379"/>
                <Baseline points="143,1367 416,1365 598,1366 796,1367 1036,1365 1154,1356"/>
                <Word id="w_w2aab1c11b2b1c25ab1" language="English" custom="readingOrder {index:0;}">
                    <Coords points="143,1327 416,1327 416,1376 143,1376"/>
                    <TextEquiv>
                        <Unicode>congruentia</Unicode>
                    </TextEquiv>
                    <TextStyle fontFamily="Times New Roman" fontSize="9.5" italic="true"/>
                </Word>
                <Word id="w_w2aab1c11b2b1c25ac25" language="English" custom="readingOrder {index:1;}">
                    <Coords points="436,1329 598,1329 598,1376 436,1376"/>
                    <TextEquiv>
                        <Unicode>generis</Unicode>
                    </TextEquiv>
                    <TextStyle fontFamily="Times New Roman" fontSize="9.5" italic="true"/>
                </Word>
                <Word id="w_w2aab1c11b2b1c25ac41" language="English" custom="readingOrder {index:2;}">
                    <Coords points="618,1328 796,1328 796,1367 618,1367"/>
                    <TextEquiv>
                        <Unicode>humani</Unicode>
                    </TextEquiv>
                    <TextStyle fontFamily="Times New Roman" fontSize="9.5" italic="true"/>
                </Word>
                <Word id="w_w2aab1c11b2b1c25ac55" language="English" custom="readingOrder {index:3;}">
                    <Coords points="812,1328 1036,1328 1036,1377 812,1377"/>
                    <TextEquiv>
                        <Unicode>diligenter</Unicode>
                    </TextEquiv>
                    <TextStyle fontFamily="Times New Roman" fontSize="9.5" italic="true"/>
                </Word>
                <Word id="w_w2aab1c11b2b1c25ac77" language="English" custom="readingOrder {index:4;}">
                    <Coords points="1055,1333 1154,1333 1154,1367 1055,1367"/>
                    <TextEquiv>
                        <Unicode>aeta¬</Unicode>
                    </TextEquiv>
                    <TextStyle fontFamily="Times New Roman" fontSize="9.5" italic="true"/>
                </Word>
                <TextEquiv>
                    <Unicode>congruentia generis humani diligenter aeta¬</Unicode>
                </TextEquiv>
                <TextStyle fontFamily="Times New Roman" fontSize="9.5" italic="true"/>
            </TextLine>
            <TextLine id="tl_24" primaryLanguage="English" custom="readingOrder {index:13;}">
                <Coords points="143,1402 1155,1402 1155,1454 143,1454"/>
                <Baseline points="143,1441 252,1442 538,1440 774,1450 920,1441 1155,1442"/>
                <Word id="w_w2aab1c11b2b1c27ab1" language="English" custom="readingOrder {index:0;}">
                    <Coords points="143,1404 252,1404 252,1442 143,1442"/>
                    <TextEquiv>
                        <Unicode>tibus</Unicode>
                    </TextEquiv>
                    <TextStyle fontFamily="Times New Roman" fontSize="9.5" italic="true"/>
                </Word>
                <Word id="w_w2aab1c11b2b1c27ac13" language="English" custom="readingOrder {index:1;}">
                    <Coords points="290,1403 538,1403 538,1443 290,1443"/>
                    <TextEquiv>
                        <Unicode>distributas</Unicode>
                    </TextEquiv>
                    <TextStyle fontFamily="Times New Roman" fontSize="9.5" italic="true"/>
                </Word>
                <Word id="w_w2aab1c11b2b1c27ac37" language="English" custom="readingOrder {index:2;}">
                    <Coords points="575,1403 774,1403 774,1450 575,1450"/>
                    <TextEquiv>
                        <Unicode>intuetur,</Unicode>
                    </TextEquiv>
                    <TextStyle fontFamily="Times New Roman" fontSize="9.5" italic="true"/>
                </Word>
                <Word id="w_w2aab1c11b2b1c27ac57" language="English" custom="readingOrder {index:3;}">
                    <Coords points="817,1404 920,1404 920,1443 817,1443"/>
                    <TextEquiv>
                        <Unicode>salis</Unicode>
                    </TextEquiv>
                    <TextStyle fontFamily="Times New Roman" fontSize="9.5" italic="true"/>
                </Word>
                <Word id="w_w2aab1c11b2b1c27ac69" language="English" custom="readingOrder {index:4;}">
                    <Coords points="955,1408 1155,1408 1155,1452 955,1452"/>
                    <TextEquiv>
                        <Unicode>quantum</Unicode>
                    </TextEquiv>
                    <TextStyle fontFamily="Times New Roman" fontSize="9.5" italic="true"/>
                </Word>
                <TextEquiv>
                    <Unicode>tibus distributas intuetur, salis quantum</Unicode>
                </TextEquiv>
                <TextStyle fontFamily="Times New Roman" fontSize="9.5" italic="true"/>
            </TextLine>
            <TextLine id="tl_25" primaryLanguage="English" custom="readingOrder {index:14;}">
                <Coords points="145,1477 1162,1477 1162,1530 145,1530"/>
                <Baseline points="145,1518 340,1518 595,1516 748,1518 968,1518 1162,1519"/>
                <Word id="w_w2aab1c11b2b1c29ab1" language="English" custom="readingOrder {index:0;}">
                    <Coords points="145,1480 340,1480 340,1519 145,1519"/>
                    <TextEquiv>
                        <Unicode>existimo</Unicode>
                    </TextEquiv>
                    <TextStyle fontFamily="Times New Roman" fontSize="9.5" italic="true"/>
                </Word>
                <Word id="w_w2aab1c11b2b1c29ac19" language="English" custom="readingOrder {index:1;}">
                    <Coords points="394,1478 595,1478 595,1527 394,1527"/>
                    <TextEquiv>
                        <Unicode>intelliget</Unicode>
                    </TextEquiv>
                    <TextStyle fontFamily="Times New Roman" fontSize="9.5" italic="true"/>
                </Word>
                <Word id="w_w2aab1c11b2b1c29ac41" language="English" custom="readingOrder {index:2;}">
                    <Coords points="643,1479 748,1479 748,1527 643,1527"/>
                    <TextEquiv>
                        <Unicode>quid</Unicode>
                    </TextEquiv>
                    <TextStyle fontFamily="Times New Roman" fontSize="9.5" italic="true"/>
                </Word>
                <Word id="w_w2aab1c11b2b1c29ac51" language="English" custom="readingOrder {index:3;}">
                    <Coords points="793,1480 968,1480 968,1528 793,1528"/>
                    <TextEquiv>
                        <Unicode>proprie</Unicode>
                    </TextEquiv>
                    <TextStyle fontFamily="Times New Roman" fontSize="9.5" italic="true"/>
                </Word>
                <Word id="w_w2aab1c11b2b1c29ac67" language="English" custom="readingOrder {index:4;}">
                    <Coords points="1015,1481 1162,1481 1162,1528 1015,1528"/>
                    <TextEquiv>
                        <Unicode>priori</Unicode>
                    </TextEquiv>
                    <TextStyle fontFamily="Times New Roman" fontSize="9.5" italic="true"/>
                </Word>
                <TextEquiv>
                    <Unicode>existimo intelliget quid proprie priori</Unicode>
                </TextEquiv>
                <TextStyle fontFamily="Times New Roman" fontSize="9.5" italic="true"/>
            </TextLine>
            <TextLine id="tl_26" primaryLanguage="English" custom="readingOrder {index:15;}">
                <Coords points="144,1553 1157,1553 1157,1605 144,1605"/>
                <Baseline points="144,1592 257,1593 440,1592 557,1591 650,1599 778,1593 1034,1593 1157,1585"/>
                <Word id="w_w2aab1c11b2b1c31ab1" language="English" custom="readingOrder {index:0;}">
                    <Coords points="144,1555 257,1555 257,1593 144,1593"/>
                    <TextEquiv>
                        <Unicode>aetati</Unicode>
                    </TextEquiv>
                    <TextStyle fontFamily="Times New Roman" fontSize="9.5" italic="true"/>
                </Word>
                <Word id="w_w2aab1c11b2b1c31ac15" language="English" custom="readingOrder {index:1;}">
                    <Coords points="275,1555 440,1555 440,1602 275,1602"/>
                    <TextEquiv>
                        <Unicode>generis</Unicode>
                    </TextEquiv>
                    <TextStyle fontFamily="Times New Roman" fontSize="9.5" italic="true"/>
                </Word>
                <Word id="w_w2aab1c11b2b1c31ac31" language="English" custom="readingOrder {index:2;}">
                    <Coords points="459,1554 639,1554 639,1592 459,1592"/>
                    <TextEquiv>
                        <Unicode>humani</Unicode>
                    </TextEquiv>
                    <TextStyle fontFamily="Times New Roman" fontSize="9.5" italic="true"/>
                </Word>
                <Word id="w_w2aab1c11b2b1c31b1b1" language="English" custom="readingOrder {index:3;}">
                    <Coords points="642,1566 650,1566 650,1602 642,1602"/>
                    <TextEquiv>
                        <Unicode>,</Unicode>
                    </TextEquiv>
                    <TextStyle fontFamily="Times New Roman" fontSize="9.0"/>
                </Word>
                <Word id="w_w2aab1c11b2b1c31b2b1" language="English" custom="readingOrder {index:4;}">
                    <Coords points="674,1555 778,1555 778,1602 674,1602"/>
                    <TextEquiv>
                        <Unicode>quid</Unicode>
                    </TextEquiv>
                    <TextStyle fontFamily="Times New Roman" fontSize="9.5" italic="true"/>
                </Word>
                <Word id="w_w2aab1c11b2b1c31b2c11" language="English" custom="readingOrder {index:5;}">
                    <Coords points="802,1556 1034,1556 1034,1604 802,1604"/>
                    <TextEquiv>
                        <Unicode>posteriori</Unicode>
                    </TextEquiv>
                    <TextStyle fontFamily="Times New Roman" fontSize="9.5" italic="true"/>
                </Word>
                <Word id="w_w2aab1c11b2b1c31b2c33" language="English" custom="readingOrder {index:6;}">
                    <Coords points="1058,1566 1157,1566 1157,1595 1058,1595"/>
                    <TextEquiv>
                        <Unicode>con¬</Unicode>
                    </TextEquiv>
                    <TextStyle fontFamily="Times New Roman" fontSize="9.5" italic="true"/>
                </Word>
                <TextEquiv>
                    <Unicode>aetati generis humani, quid posteriori con¬</Unicode>
                </TextEquiv>
            </TextLine>
            <TextLine id="tl_27" primaryLanguage="English" custom="readingOrder {index:16;}">
                <Coords points="144,1628 1157,1628 1157,1681 144,1681"/>
                <Baseline points="144,1669 168,1669 413,1669 571,1668 668,1668 748,1668 857,1667 995,1677 1064,1669 1157,1659"/>
                <Word id="w_w2aab1c11b2b1c33ab1" language="English" custom="readingOrder {index:0;}">
                    <Coords points="144,1632 294,1632 294,1676 144,1676"/>
                    <TextEquiv>
                        <Unicode>veniat,</Unicode>
                    </TextEquiv>
                    <TextStyle fontFamily="Times New Roman" fontSize="9.5" italic="true"/>
                </Word>
                <Word id="w_w2aab1c11b2b1c33b1b3" language="English" custom="readingOrder {index:1;}">
                    <Coords points="334,1633 413,1633 413,1669 334,1669"/>
                    <TextEquiv>
                        <Unicode>etc.</Unicode>
                    </TextEquiv>
                    <TextStyle fontFamily="Times New Roman" fontSize="9.0"/>
                </Word>
                <Word id="w_w2aab1c11b2b1c33b1c13" language="English" custom="readingOrder {index:2;}">
                    <Coords points="451,1629 571,1629 571,1669 451,1669"/>
                    <TextEquiv>
                        <Unicode>Unde</Unicode>
                    </TextEquiv>
                    <TextStyle fontFamily="Times New Roman" fontSize="9.0"/>
                </Word>
                <Word id="w_w2aab1c11b2b1c33b1c23" language="English" custom="readingOrder {index:3;}">
                    <Coords points="600,1630 668,1630 668,1669 600,1669"/>
                    <TextEquiv>
                        <Unicode>vel</Unicode>
                    </TextEquiv>
                    <TextStyle fontFamily="Times New Roman" fontSize="9.0"/>
                </Word>
                <Word id="w_w2aab1c11b2b1c33b1c31" language="English" custom="readingOrder {index:4;}">
                    <Coords points="696,1641 748,1641 748,1669 696,1669"/>
                    <TextEquiv>
                        <Unicode>ex</Unicode>
                    </TextEquiv>
                    <TextStyle fontFamily="Times New Roman" fontSize="9.0"/>
                </Word>
                <Word id="w_w2aab1c11b2b1c33b1c37" language="English" custom="readingOrder {index:5;}">
                    <Coords points="776,1631 857,1631 857,1669 776,1669"/>
                    <TextEquiv>
                        <Unicode>hoc</Unicode>
                    </TextEquiv>
                    <TextStyle fontFamily="Times New Roman" fontSize="9.0"/>
                </Word>
                <Word id="w_w2aab1c11b2b1c33b1c45" language="English" custom="readingOrder {index:6;}">
                    <Coords points="887,1630 995,1630 995,1679 887,1679"/>
                    <TextEquiv>
                        <Unicode>ipso,</Unicode>
                    </TextEquiv>
                    <TextStyle fontFamily="Times New Roman" fontSize="9.0"/>
                </Word>
                <Word id="w_w2aab1c11b2b1c33b1c57" language="English" custom="readingOrder {index:7;}">
                    <Coords points="1018,1634 1064,1634 1064,1669 1018,1669"/>
                    <TextEquiv>
                        <Unicode>ut</Unicode>
                    </TextEquiv>
                    <TextStyle fontFamily="Times New Roman" fontSize="9.0"/>
                </Word>
                <Word id="w_w2aab1c11b2b1c33b1c63" language="English" custom="readingOrder {index:8;}">
                    <Coords points="1085,1631 1157,1631 1157,1670 1085,1670"/>
                    <TextEquiv>
                        <Unicode>ad-</Unicode>
                    </TextEquiv>
                    <TextStyle fontFamily="Times New Roman" fontSize="9.0"/>
                </Word>
                <TextEquiv>
                    <Unicode>veniat, etc. Unde vel ex hoc ipso, ut ad-</Unicode>
                </TextEquiv>
            </TextLine>
            <TextLine id="tl_28" primaryLanguage="English" custom="readingOrder {index:17;}">
                <Coords points="142,1706 1156,1706 1156,1758 142,1758"/>
                <Baseline points="142,1747 269,1747 476,1751 723,1746 903,1744 1156,1747"/>
                <Word id="w_w2aab1c11b2b1c35ab1" language="English" custom="readingOrder {index:0;}">
                    <Coords points="142,1708 269,1708 269,1747 142,1747"/>
                    <TextEquiv>
                        <Unicode>verlit</Unicode>
                    </TextEquiv>
                    <TextStyle fontFamily="Times New Roman" fontSize="9.0"/>
                </Word>
                <Word id="w_w2aab1c11b2b1c35ac15" language="English" custom="readingOrder {index:1;}">
                    <Coords points="305,1708 476,1708 476,1751 305,1751"/>
                    <TextEquiv>
                        <Unicode>Scotus,</Unicode>
                    </TextEquiv>
                    <TextStyle fontFamily="Times New Roman" fontSize="9.0"/>
                </Word>
                <Word id="w_w2aab1c11b2b1c35ac31" language="English" custom="readingOrder {index:2;}">
                    <Coords points="520,1709 723,1709 723,1757 520,1757"/>
                    <TextEquiv>
                        <Unicode>cognosci</Unicode>
                    </TextEquiv>
                    <TextStyle fontFamily="Times New Roman" fontSize="9.0"/>
                </Word>
                <Word id="w_w2aab1c11b2b1c35ac49" language="English" custom="readingOrder {index:3;}">
                    <Coords points="756,1708 903,1708 903,1755 756,1755"/>
                    <TextEquiv>
                        <Unicode>potest</Unicode>
                    </TextEquiv>
                    <TextStyle fontFamily="Times New Roman" fontSize="9.0"/>
                </Word>
                <Word id="w_w2aab1c11b2b1c35ac63" language="English" custom="readingOrder {index:4;}">
                    <Coords points="933,1709 1156,1709 1156,1747 933,1747"/>
                    <TextEquiv>
                        <Unicode>auctorem</Unicode>
                    </TextEquiv>
                    <TextStyle fontFamily="Times New Roman" fontSize="9.0"/>
                </Word>
                <TextEquiv>
                    <Unicode>verlit Scotus, cognosci potest auctorem</Unicode>
                </TextEquiv>
                <TextStyle fontFamily="Times New Roman" fontSize="9.0"/>
            </TextLine>
            <TextLine id="tl_29" primaryLanguage="English" custom="readingOrder {index:18;}">
                <Coords points="146,1782 1156,1782 1156,1834 146,1834"/>
                <Baseline points="146,1824 374,1822 510,1822 690,1830 795,1821 1002,1822 1156,1822"/>
                <Word id="w_w2aab1c11b2b1c37ab1" language="English" custom="readingOrder {index:0;}">
                    <Coords points="146,1785 374,1785 374,1834 146,1834"/>
                    <TextEquiv>
                        <Unicode>Scripturae</Unicode>
                    </TextEquiv>
                    <TextStyle fontFamily="Times New Roman" fontSize="9.0"/>
                </Word>
                <Word id="w_w2aab1c11b2b1c37ac23" language="English" custom="readingOrder {index:1;}">
                    <Coords points="415,1794 510,1794 510,1822 415,1822"/>
                    <TextEquiv>
                        <Unicode>esse</Unicode>
                    </TextEquiv>
                    <TextStyle fontFamily="Times New Roman" fontSize="9.0"/>
                </Word>
                <Word id="w_w2aab1c11b2b1c37ac33" language="English" custom="readingOrder {index:2;}">
                    <Coords points="540,1784 690,1784 690,1830 540,1830"/>
                    <TextEquiv>
                        <Unicode>Deum,</Unicode>
                    </TextEquiv>
                    <TextStyle fontFamily="Times New Roman" fontSize="9.0"/>
                </Word>
                <Word id="w_w2aab1c11b2b1c37ac45" language="English" custom="readingOrder {index:3;}">
                    <Coords points="724,1783 795,1783 795,1833 724,1833"/>
                    <TextEquiv>
                        <Unicode>qui</Unicode>
                    </TextEquiv>
                    <TextStyle fontFamily="Times New Roman" fontSize="9.0"/>
                </Word>
                <Word id="w_w2aab1c11b2b1c37ac53" language="English" custom="readingOrder {index:4;}">
                    <Coords points="829,1783 1002,1783 1002,1822 829,1822"/>
                    <TextEquiv>
                        <Unicode>cuilibet</Unicode>
                    </TextEquiv>
                    <TextStyle fontFamily="Times New Roman" fontSize="9.0"/>
                </Word>
                <Word id="w_w2aab1c11b2b1c37ac71" language="English" custom="readingOrder {index:5;}">
                    <Coords points="1040,1784 1156,1784 1156,1823 1040,1823"/>
                    <TextEquiv>
                        <Unicode>aetati</Unicode>
                    </TextEquiv>
                    <TextStyle fontFamily="Times New Roman" fontSize="9.0"/>
                </Word>
                <TextEquiv>
                    <Unicode>Scripturae esse Deum, qui cuilibet aetati</Unicode>
                </TextEquiv>
                <TextStyle fontFamily="Times New Roman" fontSize="9.0"/>
            </TextLine>
            <TextLine id="tl_30" primaryLanguage="English" custom="readingOrder {index:19;}">
                <Coords points="150,1858 946,1858 946,1901 150,1901"/>
                <Baseline points="150,1901 477,1897 675,1898 946,1898"/>
                <Word id="w_w2aab1c11b2b1c39ab1" language="English" custom="readingOrder {index:0;}">
                    <Coords points="150,1861 477,1861 477,1901 150,1901"/>
                    <TextEquiv>
                        <Unicode>convenientem</Unicode>
                    </TextEquiv>
                    <TextStyle fontFamily="Times New Roman" fontSize="9.0"/>
                </Word>
                <Word id="w_w2aab1c11b2b1c39ac27" language="English" custom="readingOrder {index:1;}">
                    <Coords points="501,1859 675,1859 675,1899 501,1899"/>
                    <TextEquiv>
                        <Unicode>exhibet</Unicode>
                    </TextEquiv>
                    <TextStyle fontFamily="Times New Roman" fontSize="9.0"/>
                </Word>
                <Word id="w_w2aab1c11b2b1c39ac43" language="English" custom="readingOrder {index:2;}">
                    <Coords points="697,1859 946,1859 946,1898 697,1898"/>
                    <TextEquiv>
                        <Unicode>doctrinam.</Unicode>
                    </TextEquiv>
                    <TextStyle fontFamily="Times New Roman" fontSize="9.0"/>
                </Word>
                <TextEquiv>
                    <Unicode>convenientem exhibet doctrinam.</Unicode>
                </TextEquiv>
                <TextStyle fontFamily="Times New Roman" fontSize="9.0"/>
            </TextLine>
            <TextEquiv>
                <Unicode>naturae? Doctor insinuat responsionem,
quia scilicet in tempore legis naturae ha¬
buerunt homines vim naturalem perfe¬
ctiorem, et minus erant inclinati ad malum
quantum ad appetitum, paucioribusque
erroribus practicis infecti quantum ad in¬
tellectum, unde paucioribus subsidiis indi¬
gebant communiter loquendo quam in
aliis statibus sequentibus. Unde Augusti¬
nus in loco citato a Doctore : Quisquis,
inquit,duorum Testamentorum (veteris sci¬
licet et novi) dispensationes pro temporum
congruentia generis humani diligenter aeta¬
tibus distributas intuetur, salis quantum
existimo intelliget quid proprie priori
aetati generis humani, quid posteriori con¬
veniat, etc. Unde vel ex hoc ipso, ut ad-
verlit Scotus, cognosci potest auctorem
Scripturae esse Deum, qui cuilibet aetati
convenientem exhibet doctrinam.</Unicode>
            </TextEquiv>
        </TextRegion>
        <TextRegion type="paragraph" id="r_6_2" custom="readingOrder {index:1;}">
            <Coords points="144,1934 1172,1934 1172,3746 144,3746"/>
            <TextLine id="tl_31" primaryLanguage="English" custom="readingOrder {index:0;}">
                <Coords points="203,1935 1156,1935 1156,1987 203,1987"/>
                <Baseline points="203,1978 291,1977 467,1975 661,1974 836,1973 1156,1985"/>
                <Word id="w_w2aab1c11b2b3b1ab1" language="English" custom="readingOrder {index:0;}">
                    <Coords points="203,1940 291,1940 291,1978 203,1978"/>
                    <TextEquiv>
                        <Unicode>Alio</Unicode>
                    </TextEquiv>
                    <TextStyle fontFamily="Times New Roman" fontSize="9.0"/>
                </Word>
                <Word id="w_w2aab1c11b2b3b1ac11" language="English" custom="readingOrder {index:1;}">
                    <Coords points="339,1936 467,1936 467,1975 339,1975"/>
                    <TextEquiv>
                        <Unicode>modo</Unicode>
                    </TextEquiv>
                    <TextStyle fontFamily="Times New Roman" fontSize="9.0"/>
                </Word>
                <Word id="w_w2aab1c11b2b3b1ac21" language="English" custom="readingOrder {index:2;}">
                    <Coords points="514,1938 661,1938 661,1984 514,1984"/>
                    <TextEquiv>
                        <Unicode>posset</Unicode>
                    </TextEquiv>
                    <TextStyle fontFamily="Times New Roman" fontSize="9.0"/>
                </Word>
                <Word id="w_w2aab1c11b2b3b1ac35" language="English" custom="readingOrder {index:3;}">
                    <Coords points="709,1937 836,1937 836,1975 709,1975"/>
                    <TextEquiv>
                        <Unicode>etiam</Unicode>
                    </TextEquiv>
                    <TextStyle fontFamily="Times New Roman" fontSize="9.0"/>
                </Word>
                <Word id="w_w2aab1c11b2b3b1ac47" language="English" custom="readingOrder {index:4;}">
                    <Coords points="888,1936 1156,1936 1156,1985 888,1985"/>
                    <TextEquiv>
                        <Unicode>responderi,</Unicode>
                    </TextEquiv>
                    <TextStyle fontFamily="Times New Roman" fontSize="9.0"/>
                </Word>
                <TextEquiv>
                    <Unicode>Alio modo posset etiam responderi,</Unicode>
                </TextEquiv>
                <TextStyle fontFamily="Times New Roman" fontSize="9.0"/>
            </TextLine>
            <TextLine id="tl_32" primaryLanguage="English" custom="readingOrder {index:1;}">
                <Coords points="152,2010 1160,2010 1160,2065 152,2065"/>
                <Baseline points="152,2055 455,2051 687,2049 719,2049 940,2050 1160,2042"/>
                <Word id="w_w2aab1c11b2b3b3ab1" language="English" custom="readingOrder {index:0;}">
                    <Coords points="152,2011 455,2011 455,2065 152,2065"/>
                    <TextEquiv>
                        <Unicode>distinguendo</Unicode>
                    </TextEquiv>
                    <TextStyle fontFamily="Times New Roman" fontSize="9.0"/>
                </Word>
                <Word id="w_w2aab1c11b2b3b3ac27" language="English" custom="readingOrder {index:1;}">
                    <Coords points="477,2011 687,2011 687,2062 477,2062"/>
                    <TextEquiv>
                        <Unicode>majorem</Unicode>
                    </TextEquiv>
                    <TextStyle fontFamily="Times New Roman" fontSize="9.0"/>
                </Word>
                <Word id="w_w2aab1c11b2b3b3ac43" language="English" custom="readingOrder {index:2;}">
                    <Coords points="712,2024 719,2024 719,2049 712,2049"/>
                    <TextEquiv>
                        <Unicode>:</Unicode>
                    </TextEquiv>
                    <TextStyle fontFamily="Times New Roman" fontSize="9.0"/>
                </Word>
                <Word id="w_w2aab1c11b2b3b3ac47" language="English" custom="readingOrder {index:3;}">
                    <Coords points="743,2012 940,2012 940,2051 743,2051"/>
                    <TextEquiv>
                        <Unicode>Doctrina</Unicode>
                    </TextEquiv>
                    <TextStyle fontFamily="Times New Roman" fontSize="9.0"/>
                </Word>
                <Word id="w_w2aab1c11b2b3b3ac65" language="English" custom="readingOrder {index:4;}">
                    <Coords points="962,2012 1160,2012 1160,2061 962,2061"/>
                    <TextEquiv>
                        <Unicode>simplici¬</Unicode>
                    </TextEquiv>
                    <TextStyle fontFamily="Times New Roman" fontSize="9.0"/>
                </Word>
                <TextEquiv>
                    <Unicode>distinguendo majorem : Doctrina simplici¬</Unicode>
                </TextEquiv>
                <TextStyle fontFamily="Times New Roman" fontSize="9.0"/>
            </TextLine>
            <TextLine id="tl_33" primaryLanguage="English" custom="readingOrder {index:2;}">
                <Coords points="147,2085 1155,2085 1155,2138 147,2138"/>
                <Baseline points="147,2131 210,2130 470,2126 719,2124 899,2133 1127,2129 1155,2136"/>
                <Word id="w_w2aab1c11b2b3b5ab1" language="English" custom="readingOrder {index:0;}">
                    <Coords points="147,2097 210,2097 210,2131 147,2131"/>
                    <TextEquiv>
                        <Unicode>ter</Unicode>
                    </TextEquiv>
                    <TextStyle fontFamily="Times New Roman" fontSize="9.0"/>
                </Word>
                <Word id="w_w2aab1c11b2b3b5ab9" language="English" custom="readingOrder {index:1;}">
                    <Coords points="228,2088 470,2088 470,2130 228,2130"/>
                    <TextEquiv>
                        <Unicode>necessaria</Unicode>
                    </TextEquiv>
                    <TextStyle fontFamily="Times New Roman" fontSize="9.0"/>
                </Word>
                <Word id="w_w2aab1c11b2b3b5ac31" language="English" custom="readingOrder {index:2;}">
                    <Coords points="497,2098 719,2098 719,2137 497,2137"/>
                    <TextEquiv>
                        <Unicode>nunquam</Unicode>
                    </TextEquiv>
                    <TextStyle fontFamily="Times New Roman" fontSize="9.0"/>
                </Word>
                <Word id="w_w2aab1c11b2b3b5ac47" language="English" custom="readingOrder {index:3;}">
                    <Coords points="749,2086 899,2086 899,2133 749,2133"/>
                    <TextEquiv>
                        <Unicode>defuit,</Unicode>
                    </TextEquiv>
                    <TextStyle fontFamily="Times New Roman" fontSize="9.0"/>
                </Word>
                <Word id="w_w2aab1c11b2b3b5ac63" language="English" custom="readingOrder {index:4;}">
                    <Coords points="935,2089 1127,2089 1127,2129 935,2129"/>
                    <TextEquiv>
                        <Unicode>concedo</Unicode>
                    </TextEquiv>
                    <TextStyle fontFamily="Times New Roman" fontSize="9.0"/>
                </Word>
                <Word id="w_w2aab1c11b2b3b5ac79" language="English" custom="readingOrder {index:5;}">
                    <Coords points="1146,2103 1155,2103 1155,2136 1146,2136"/>
                    <TextEquiv>
                        <Unicode>;</Unicode>
                    </TextEquiv>
                    <TextStyle fontFamily="Times New Roman" fontSize="9.0"/>
                </Word>
                <TextEquiv>
                    <Unicode>ter necessaria nunquam defuit, concedo ;</Unicode>
                </TextEquiv>
                <TextStyle fontFamily="Times New Roman" fontSize="9.0"/>
            </TextLine>
            <TextLine id="tl_34" primaryLanguage="English" custom="readingOrder {index:3;}">
                <Coords points="147,2162 1157,2162 1157,2218 147,2218"/>
                <Baseline points="147,2205 334,2205 606,2202 694,2202 878,2201 1024,2210 1157,2203"/>
                <Word id="w_w2aab1c11b2b3b7ab1" language="English" custom="readingOrder {index:0;}">
                    <Coords points="147,2166 334,2166 334,2206 147,2206"/>
                    <TextEquiv>
                        <Unicode>doctrina</Unicode>
                    </TextEquiv>
                    <TextStyle fontFamily="Times New Roman" fontSize="9.0"/>
                </Word>
                <Word id="w_w2aab1c11b2b3b7ac19" language="English" custom="readingOrder {index:1;}">
                    <Coords points="360,2164 606,2164 606,2204 360,2204"/>
                    <TextEquiv>
                        <Unicode>necessaria</Unicode>
                    </TextEquiv>
                    <TextStyle fontFamily="Times New Roman" fontSize="9.0"/>
                </Word>
                <Word id="w_w2aab1c11b2b3b7ac41" language="English" custom="readingOrder {index:2;}">
                    <Coords points="640,2163 694,2163 694,2202 640,2202"/>
                    <TextEquiv>
                        <Unicode>ad</Unicode>
                    </TextEquiv>
                    <TextStyle fontFamily="Times New Roman" fontSize="9.0"/>
                </Word>
                <Word id="w_w2aab1c11b2b3b7ac47" language="English" custom="readingOrder {index:3;}">
                    <Coords points="725,2163 878,2163 878,2202 725,2202"/>
                    <TextEquiv>
                        <Unicode>melius</Unicode>
                    </TextEquiv>
                    <TextStyle fontFamily="Times New Roman" fontSize="9.0"/>
                </Word>
                <Word id="w_w2aab1c11b2b3b7ac61" language="English" custom="readingOrder {index:4;}">
                    <Coords points="913,2173 1024,2173 1024,2210 913,2210"/>
                    <TextEquiv>
                        <Unicode>esse,</Unicode>
                    </TextEquiv>
                    <TextStyle fontFamily="Times New Roman" fontSize="9.0"/>
                </Word>
                <Word id="w_w2aab1c11b2b3b7ac73" language="English" custom="readingOrder {index:5;}">
                    <Coords points="1044,2175 1157,2175 1157,2216 1044,2216"/>
                    <TextEquiv>
                        <Unicode>nego</Unicode>
                    </TextEquiv>
                    <TextStyle fontFamily="Times New Roman" fontSize="9.0"/>
                </Word>
                <TextEquiv>
                    <Unicode>doctrina necessaria ad melius esse, nego</Unicode>
                </TextEquiv>
                <TextStyle fontFamily="Times New Roman" fontSize="9.0"/>
            </TextLine>
            <TextLine id="tl_35" primaryLanguage="English" custom="readingOrder {index:4;}">
                <Coords points="145,2239 1157,2239 1157,2294 145,2294"/>
                <Baseline points="145,2282 368,2288 453,2280 694,2277 901,2287 1157,2281"/>
                <Word id="w_w2aab1c11b2b3b9ab1" language="English" custom="readingOrder {index:0;}">
                    <Coords points="145,2245 368,2245 368,2294 145,2294"/>
                    <TextEquiv>
                        <Unicode>majorem;</Unicode>
                    </TextEquiv>
                    <TextStyle fontFamily="Times New Roman" fontSize="9.0"/>
                </Word>
                <Word id="w_w2aab1c11b2b3b9ac19" language="English" custom="readingOrder {index:1;}">
                    <Coords points="410,2243 453,2243 453,2280 410,2280"/>
                    <TextEquiv>
                        <Unicode>et</Unicode>
                    </TextEquiv>
                    <TextStyle fontFamily="Times New Roman" fontSize="9.0"/>
                </Word>
                <Word id="w_w2aab1c11b2b3b9ac25" language="English" custom="readingOrder {index:2;}">
                    <Coords points="488,2250 694,2250 694,2281 488,2281"/>
                    <TextEquiv>
                        <Unicode>concessa</Unicode>
                    </TextEquiv>
                    <TextStyle fontFamily="Times New Roman" fontSize="9.0"/>
                </Word>
                <Word id="w_w2aab1c11b2b3b9ac43" language="English" custom="readingOrder {index:3;}">
                    <Coords points="732,2239 901,2239 901,2287 732,2287"/>
                    <TextEquiv>
                        <Unicode>minori,</Unicode>
                    </TextEquiv>
                    <TextStyle fontFamily="Times New Roman" fontSize="9.0"/>
                </Word>
                <Word id="w_w2aab1c11b2b3b9ac59" language="English" custom="readingOrder {index:4;}">
                    <Coords points="942,2240 1157,2240 1157,2292 942,2292"/>
                    <TextEquiv>
                        <Unicode>distinguo</Unicode>
                    </TextEquiv>
                    <TextStyle fontFamily="Times New Roman" fontSize="9.0"/>
                </Word>
                <TextEquiv>
                    <Unicode>majorem; et concessa minori, distinguo</Unicode>
                </TextEquiv>
                <TextStyle fontFamily="Times New Roman" fontSize="9.0"/>
            </TextLine>
            <TextLine id="tl_36" primaryLanguage="English" custom="readingOrder {index:5;}">
                <Coords points="147,2317 1157,2317 1157,2368 147,2368"/>
                <Baseline points="147,2358 518,2365 636,2355 734,2354 1018,2355 1157,2346"/>
                <Word id="w_w2aab1c11b2b3c11ab1" language="English" custom="readingOrder {index:0;}">
                    <Coords points="147,2318 518,2318 518,2368 147,2368"/>
                    <TextEquiv>
                        <Unicode>consequentiam,</Unicode>
                    </TextEquiv>
                    <TextStyle fontFamily="Times New Roman" fontSize="9.0"/>
                </Word>
                <Word id="w_w2aab1c11b2b3c11ac31" language="English" custom="readingOrder {index:1;}">
                    <Coords points="550,2326 636,2326 636,2355 550,2355"/>
                    <TextEquiv>
                        <Unicode>non</Unicode>
                    </TextEquiv>
                    <TextStyle fontFamily="Times New Roman" fontSize="9.0"/>
                </Word>
                <Word id="w_w2aab1c11b2b3c11ac39" language="English" custom="readingOrder {index:2;}">
                    <Coords points="669,2319 734,2319 734,2355 669,2355"/>
                    <TextEquiv>
                        <Unicode>est</Unicode>
                    </TextEquiv>
                    <TextStyle fontFamily="Times New Roman" fontSize="9.0"/>
                </Word>
                <Word id="w_w2aab1c11b2b3c11ac47" language="English" custom="readingOrder {index:3;}">
                    <Coords points="776,2318 1018,2318 1018,2355 776,2355"/>
                    <TextEquiv>
                        <Unicode>necessaria</Unicode>
                    </TextEquiv>
                    <TextStyle fontFamily="Times New Roman" fontSize="9.0"/>
                </Word>
                <Word id="w_w2aab1c11b2b3c11ac69" language="English" custom="readingOrder {index:4;}">
                    <Coords points="1058,2319 1157,2319 1157,2356 1058,2356"/>
                    <TextEquiv>
                        <Unicode>sim¬</Unicode>
                    </TextEquiv>
                    <TextStyle fontFamily="Times New Roman" fontSize="9.0"/>
                </Word>
                <TextEquiv>
                    <Unicode>consequentiam, non est necessaria sim¬</Unicode>
                </TextEquiv>
                <TextStyle fontFamily="Times New Roman" fontSize="9.0"/>
            </TextLine>
            <TextLine id="tl_37" primaryLanguage="English" custom="readingOrder {index:6;}">
                <Coords points="145,2392 1160,2392 1160,2448 145,2448"/>
                <Baseline points="145,2448 326,2442 543,2433 917,2431 947,2439 1062,2432 1160,2433"/>
                <Word id="w_w2aab1c11b2b3c13ab1" language="English" custom="readingOrder {index:0;}">
                    <Coords points="145,2396 326,2396 326,2448 145,2448"/>
                    <TextEquiv>
                        <Unicode>pliciter,</Unicode>
                    </TextEquiv>
                    <TextStyle fontFamily="Times New Roman" fontSize="9.0"/>
                </Word>
                <Word id="w_w2aab1c11b2b3c13ac21" language="English" custom="readingOrder {index:1;}">
                    <Coords points="352,2394 543,2394 543,2435 352,2435"/>
                    <TextEquiv>
                        <Unicode>concedo</Unicode>
                    </TextEquiv>
                    <TextStyle fontFamily="Times New Roman" fontSize="9.0"/>
                </Word>
                <Word id="w_w2aab1c11b2b3c13ac37" language="English" custom="readingOrder {index:2;}">
                    <Coords points="567,2392 917,2392 917,2443 567,2443"/>
                    <TextEquiv>
                        <Unicode>consequentiam</Unicode>
                    </TextEquiv>
                    <TextStyle fontFamily="Times New Roman" fontSize="9.0"/>
                </Word>
                <Word id="w_w2aab1c11b2b3c13ac65" language="English" custom="readingOrder {index:3;}">
                    <Coords points="939,2406 947,2406 947,2439 939,2439"/>
                    <TextEquiv>
                        <Unicode>;</Unicode>
                    </TextEquiv>
                    <TextStyle fontFamily="Times New Roman" fontSize="9.0"/>
                </Word>
                <Word id="w_w2aab1c11b2b3c13ac69" language="English" custom="readingOrder {index:4;}">
                    <Coords points="975,2404 1062,2404 1062,2432 975,2432"/>
                    <TextEquiv>
                        <Unicode>non</Unicode>
                    </TextEquiv>
                    <TextStyle fontFamily="Times New Roman" fontSize="9.0"/>
                </Word>
                <Word id="w_w2aab1c11b2b3c13ac77" language="English" custom="readingOrder {index:5;}">
                    <Coords points="1095,2397 1160,2397 1160,2433 1095,2433"/>
                    <TextEquiv>
                        <Unicode>est</Unicode>
                    </TextEquiv>
                    <TextStyle fontFamily="Times New Roman" fontSize="9.0"/>
                </Word>
                <TextEquiv>
                    <Unicode>pliciter, concedo consequentiam ; non est</Unicode>
                </TextEquiv>
                <TextStyle fontFamily="Times New Roman" fontSize="9.0"/>
            </TextLine>
            <TextLine id="tl_38" primaryLanguage="English" custom="readingOrder {index:7;}">
                <Coords points="147,2468 1159,2468 1159,2519 147,2519"/>
                <Baseline points="147,2512 389,2511 482,2509 667,2508 830,2518 906,2507 1005,2508 1159,2508"/>
                <Word id="w_w2aab1c11b2b3c15ab1" language="English" custom="readingOrder {index:0;}">
                    <Coords points="147,2472 389,2472 389,2512 147,2512"/>
                    <TextEquiv>
                        <Unicode>necessaria</Unicode>
                    </TextEquiv>
                    <TextStyle fontFamily="Times New Roman" fontSize="9.0"/>
                </Word>
                <Word id="w_w2aab1c11b2b3c15ac23" language="English" custom="readingOrder {index:1;}">
                    <Coords points="428,2470 482,2470 482,2510 428,2510"/>
                    <TextEquiv>
                        <Unicode>ad</Unicode>
                    </TextEquiv>
                    <TextStyle fontFamily="Times New Roman" fontSize="9.0"/>
                </Word>
                <Word id="w_w2aab1c11b2b3c15ac29" language="English" custom="readingOrder {index:2;}">
                    <Coords points="516,2469 667,2469 667,2509 516,2509"/>
                    <TextEquiv>
                        <Unicode>melius</Unicode>
                    </TextEquiv>
                    <TextStyle fontFamily="Times New Roman" fontSize="9.0"/>
                </Word>
                <Word id="w_w2aab1c11b2b3c15ac43" language="English" custom="readingOrder {index:3;}">
                    <Coords points="720,2481 830,2481 830,2518 720,2518"/>
                    <TextEquiv>
                        <Unicode>esse,</Unicode>
                    </TextEquiv>
                    <TextStyle fontFamily="Times New Roman" fontSize="9.0"/>
                </Word>
                <Word id="w_w2aab1c11b2b3c15ac55" language="English" custom="readingOrder {index:4;}">
                    <Coords points="864,2469 906,2469 906,2508 864,2508"/>
                    <TextEquiv>
                        <Unicode>id</Unicode>
                    </TextEquiv>
                    <TextStyle fontFamily="Times New Roman" fontSize="9.0"/>
                </Word>
                <Word id="w_w2aab1c11b2b3c15ac61" language="English" custom="readingOrder {index:5;}">
                    <Coords points="942,2472 1005,2472 1005,2509 942,2509"/>
                    <TextEquiv>
                        <Unicode>est</Unicode>
                    </TextEquiv>
                    <TextStyle fontFamily="Times New Roman" fontSize="9.0"/>
                </Word>
                <Word id="w_w2aab1c11b2b3c15ac69" language="English" custom="readingOrder {index:6;}">
                    <Coords points="1034,2470 1159,2470 1159,2509 1034,2509"/>
                    <TextEquiv>
                        <Unicode>valde</Unicode>
                    </TextEquiv>
                    <TextStyle fontFamily="Times New Roman" fontSize="9.0"/>
                </Word>
                <TextEquiv>
                    <Unicode>necessaria ad melius esse, id est valde</Unicode>
                </TextEquiv>
                <TextStyle fontFamily="Times New Roman" fontSize="9.0"/>
            </TextLine>
            <TextLine id="tl_39" primaryLanguage="English" custom="readingOrder {index:8;}">
                <Coords points="149,2544 1158,2544 1158,2597 149,2597"/>
                <Baseline points="149,2588 264,2587 347,2587 589,2591 746,2584 1158,2585"/>
                <Word id="w_w2aab1c11b2b3c17ab1" language="English" custom="readingOrder {index:0;}">
                    <Coords points="149,2548 264,2548 264,2588 149,2588"/>
                    <TextEquiv>
                        <Unicode>utilis</Unicode>
                    </TextEquiv>
                    <TextStyle fontFamily="Times New Roman" fontSize="9.0"/>
                </Word>
                <Word id="w_w2aab1c11b2b3c17ac15" language="English" custom="readingOrder {index:1;}">
                    <Coords points="304,2551 347,2551 347,2588 304,2588"/>
                    <TextEquiv>
                        <Unicode>et</Unicode>
                    </TextEquiv>
                    <TextStyle fontFamily="Times New Roman" fontSize="9.0"/>
                </Word>
                <Word id="w_w2aab1c11b2b3c17ac21" language="English" custom="readingOrder {index:2;}">
                    <Coords points="383,2545 589,2545 589,2596 383,2596"/>
                    <TextEquiv>
                        <Unicode>proficua,</Unicode>
                    </TextEquiv>
                    <TextStyle fontFamily="Times New Roman" fontSize="9.0"/>
                </Word>
                <Word id="w_w2aab1c11b2b3c17ac41" language="English" custom="readingOrder {index:3;}">
                    <Coords points="633,2556 746,2556 746,2596 633,2596"/>
                    <TextEquiv>
                        <Unicode>nego</Unicode>
                    </TextEquiv>
                    <TextStyle fontFamily="Times New Roman" fontSize="9.0"/>
                </Word>
                <Word id="w_w2aab1c11b2b3c17ac51" language="English" custom="readingOrder {index:4;}">
                    <Coords points="786,2548 1158,2548 1158,2595 786,2595"/>
                    <TextEquiv>
                        <Unicode>consequentiam.</Unicode>
                    </TextEquiv>
                    <TextStyle fontFamily="Times New Roman" fontSize="9.0"/>
                </Word>
                <TextEquiv>
                    <Unicode>utilis et proficua, nego consequentiam.</Unicode>
                </TextEquiv>
                <TextStyle fontFamily="Times New Roman" fontSize="9.0"/>
            </TextLine>
            <TextLine id="tl_40" primaryLanguage="English" custom="readingOrder {index:9;}">
                <Coords points="148,2620 1160,2620 1160,2674 148,2674"/>
                <Baseline points="148,2664 295,2663 487,2661 608,2661 809,2667 924,2659 1160,2660"/>
                <Word id="w_w2aab1c11b2b3c19ab1" language="English" custom="readingOrder {index:0;}">
                    <Coords points="148,2626 295,2626 295,2674 148,2674"/>
                    <TextEquiv>
                        <Unicode>Itaque</Unicode>
                    </TextEquiv>
                    <TextStyle fontFamily="Times New Roman" fontSize="9.0"/>
                </Word>
                <Word id="w_w2aab1c11b2b3c19ac15" language="English" custom="readingOrder {index:1;}">
                    <Coords points="329,2625 487,2625 487,2663 329,2663"/>
                    <TextEquiv>
                        <Unicode>Doctor</Unicode>
                    </TextEquiv>
                    <TextStyle fontFamily="Times New Roman" fontSize="9.0"/>
                </Word>
                <Word id="w_w2aab1c11b2b3c19ac29" language="English" custom="readingOrder {index:2;}">
                    <Coords points="522,2633 608,2633 608,2661 522,2661"/>
                    <TextEquiv>
                        <Unicode>non</Unicode>
                    </TextEquiv>
                    <TextStyle fontFamily="Times New Roman" fontSize="9.0"/>
                </Word>
                <Word id="w_w2aab1c11b2b3c19ac37" language="English" custom="readingOrder {index:3;}">
                    <Coords points="643,2621 809,2621 809,2667 643,2667"/>
                    <TextEquiv>
                        <Unicode>asserit,</Unicode>
                    </TextEquiv>
                    <TextStyle fontFamily="Times New Roman" fontSize="9.0"/>
                </Word>
                <Word id="w_w2aab1c11b2b3c19ac55" language="English" custom="readingOrder {index:4;}">
                    <Coords points="843,2630 924,2630 924,2659 843,2659"/>
                    <TextEquiv>
                        <Unicode>nec</Unicode>
                    </TextEquiv>
                    <TextStyle fontFamily="Times New Roman" fontSize="9.0"/>
                </Word>
                <Word id="w_w2aab1c11b2b3c19ac63" language="English" custom="readingOrder {index:5;}">
                    <Coords points="957,2623 1160,2623 1160,2671 957,2671"/>
                    <TextEquiv>
                        <Unicode>supponit</Unicode>
                    </TextEquiv>
                    <TextStyle fontFamily="Times New Roman" fontSize="9.0"/>
                </Word>
                <TextEquiv>
                    <Unicode>Itaque Doctor non asserit, nec supponit</Unicode>
                </TextEquiv>
                <TextStyle fontFamily="Times New Roman" fontSize="9.0"/>
            </TextLine>
            <TextLine id="tl_41" primaryLanguage="English" custom="readingOrder {index:10;}">
                <Coords points="145,2695 1161,2695 1161,2749 145,2749"/>
                <Baseline points="145,2739 190,2740 308,2739 413,2736 707,2735 1006,2743 1161,2735"/>
                <Word id="w_w2aab1c11b2b3c21ab1" language="English" custom="readingOrder {index:0;}">
                    <Coords points="145,2701 190,2701 190,2740 145,2740"/>
                    <TextEquiv>
                        <Unicode>in</Unicode>
                    </TextEquiv>
                    <TextStyle fontFamily="Times New Roman" fontSize="9.0"/>
                </Word>
                <Word id="w_w2aab1c11b2b3c21ab7" language="English" custom="readingOrder {index:1;}">
                    <Coords points="226,2700 308,2700 308,2739 226,2739"/>
                    <TextEquiv>
                        <Unicode>hac</Unicode>
                    </TextEquiv>
                    <TextStyle fontFamily="Times New Roman" fontSize="9.0"/>
                </Word>
                <Word id="w_w2aab1c11b2b3c21ac15" language="English" custom="readingOrder {index:2;}">
                    <Coords points="346,2699 413,2699 413,2738 346,2738"/>
                    <TextEquiv>
                        <Unicode>vel</Unicode>
                    </TextEquiv>
                    <TextStyle fontFamily="Times New Roman" fontSize="9.0"/>
                </Word>
                <Word id="w_w2aab1c11b2b3c21ac23" language="English" custom="readingOrder {index:3;}">
                    <Coords points="447,2697 707,2697 707,2748 447,2748"/>
                    <TextEquiv>
                        <Unicode>praecedenti</Unicode>
                    </TextEquiv>
                    <TextStyle fontFamily="Times New Roman" fontSize="9.0"/>
                </Word>
                <Word id="w_w2aab1c11b2b3c21ac47" language="English" custom="readingOrder {index:4;}">
                    <Coords points="747,2697 1006,2697 1006,2747 747,2747"/>
                    <TextEquiv>
                        <Unicode>quaestione,</Unicode>
                    </TextEquiv>
                    <TextStyle fontFamily="Times New Roman" fontSize="9.0"/>
                </Word>
                <Word id="w_w2aab1c11b2b3c21ac71" language="English" custom="readingOrder {index:5;}">
                    <Coords points="1044,2695 1161,2695 1161,2746 1044,2746"/>
                    <TextEquiv>
                        <Unicode>quod</Unicode>
                    </TextEquiv>
                    <TextStyle fontFamily="Times New Roman" fontSize="9.0"/>
                </Word>
                <TextEquiv>
                    <Unicode>in hac vel praecedenti quaestione, quod</Unicode>
                </TextEquiv>
                <TextStyle fontFamily="Times New Roman" fontSize="9.0"/>
            </TextLine>
            <TextLine id="tl_42" primaryLanguage="English" custom="readingOrder {index:11;}">
                <Coords points="148,2771 1160,2771 1160,2823 148,2823"/>
                <Baseline points="148,2816 363,2813 503,2812 612,2811 679,2811 944,2809 1160,2800"/>
                <Word id="w_w2aab1c11b2b3c23ab1" language="English" custom="readingOrder {index:0;}">
                    <Coords points="148,2777 363,2777 363,2823 148,2823"/>
                    <TextEquiv>
                        <Unicode>Scriptura</Unicode>
                    </TextEquiv>
                    <TextStyle fontFamily="Times New Roman" fontSize="9.0"/>
                </Word>
                <Word id="w_w2aab1c11b2b3c23ac21" language="English" custom="readingOrder {index:1;}">
                    <Coords points="384,2784 503,2784 503,2813 384,2813"/>
                    <TextEquiv>
                        <Unicode>sacra</Unicode>
                    </TextEquiv>
                    <TextStyle fontFamily="Times New Roman" fontSize="9.0"/>
                </Word>
                <Word id="w_w2aab1c11b2b3c23ac33" language="English" custom="readingOrder {index:2;}">
                    <Coords points="526,2776 612,2776 612,2812 526,2812"/>
                    <TextEquiv>
                        <Unicode>tota</Unicode>
                    </TextEquiv>
                    <TextStyle fontFamily="Times New Roman" fontSize="9.0"/>
                </Word>
                <Word id="w_w2aab1c11b2b3c23ac43" language="English" custom="readingOrder {index:3;}">
                    <Coords points="628,2772 679,2772 679,2811 628,2811"/>
                    <TextEquiv>
                        <Unicode>sit</Unicode>
                    </TextEquiv>
                    <TextStyle fontFamily="Times New Roman" fontSize="9.0"/>
                </Word>
                <Word id="w_w2aab1c11b2b3c23ac51" language="English" custom="readingOrder {index:4;}">
                    <Coords points="694,2773 944,2773 944,2822 694,2822"/>
                    <TextEquiv>
                        <Unicode>simpliciter</Unicode>
                    </TextEquiv>
                    <TextStyle fontFamily="Times New Roman" fontSize="9.0"/>
                </Word>
                <Word id="w_w2aab1c11b2b3c23ac75" language="English" custom="readingOrder {index:5;}">
                    <Coords points="963,2782 1160,2782 1160,2811 963,2811"/>
                    <TextEquiv>
                        <Unicode>necessa¬</Unicode>
                    </TextEquiv>
                    <TextStyle fontFamily="Times New Roman" fontSize="9.0"/>
                </Word>
                <TextEquiv>
                    <Unicode>Scriptura sacra tota sit simpliciter necessa¬</Unicode>
                </TextEquiv>
                <TextStyle fontFamily="Times New Roman" fontSize="9.0"/>
            </TextLine>
            <TextLine id="tl_43" primaryLanguage="English" custom="readingOrder {index:12;}">
                <Coords points="147,2847 1157,2847 1157,2900 147,2900"/>
                <Baseline points="147,2890 207,2891 296,2891 538,2896 652,2886 723,2887 1013,2885 1157,2875"/>
                <Word id="w_w2aab1c11b2b3c25ab1" language="English" custom="readingOrder {index:0;}">
                    <Coords points="147,2852 207,2852 207,2891 147,2891"/>
                    <TextEquiv>
                        <Unicode>ria</Unicode>
                    </TextEquiv>
                    <TextStyle fontFamily="Times New Roman" fontSize="9.0"/>
                </Word>
                <Word id="w_w2aab1c11b2b3c25ab9" language="English" custom="readingOrder {index:1;}">
                    <Coords points="240,2851 296,2851 296,2891 240,2891"/>
                    <TextEquiv>
                        <Unicode>ad</Unicode>
                    </TextEquiv>
                    <TextStyle fontFamily="Times New Roman" fontSize="9.0"/>
                </Word>
                <Word id="w_w2aab1c11b2b3c25ac15" language="English" custom="readingOrder {index:2;}">
                    <Coords points="328,2848 538,2848 538,2896 328,2896"/>
                    <TextEquiv>
                        <Unicode>salutem;</Unicode>
                    </TextEquiv>
                    <TextStyle fontFamily="Times New Roman" fontSize="9.0"/>
                </Word>
                <Word id="w_w2aab1c11b2b3c25ac33" language="English" custom="readingOrder {index:3;}">
                    <Coords points="574,2848 652,2848 652,2887 574,2887"/>
                    <TextEquiv>
                        <Unicode>sed</Unicode>
                    </TextEquiv>
                    <TextStyle fontFamily="Times New Roman" fontSize="9.0"/>
                </Word>
                <Word id="w_w2aab1c11b2b3c25ac41" language="English" custom="readingOrder {index:4;}">
                    <Coords points="680,2849 723,2849 723,2888 680,2888"/>
                    <TextEquiv>
                        <Unicode>in</Unicode>
                    </TextEquiv>
                    <TextStyle fontFamily="Times New Roman" fontSize="9.0"/>
                </Word>
                <Word id="w_w2aab1c11b2b3c25ac47" language="English" custom="readingOrder {index:5;}">
                    <Coords points="753,2847 1013,2847 1013,2898 753,2898"/>
                    <TextEquiv>
                        <Unicode>praecedenti</Unicode>
                    </TextEquiv>
                    <TextStyle fontFamily="Times New Roman" fontSize="9.0"/>
                </Word>
                <Word id="w_w2aab1c11b2b3c25ac71" language="English" custom="readingOrder {index:6;}">
                    <Coords points="1045,2858 1157,2858 1157,2898 1045,2898"/>
                    <TextEquiv>
                        <Unicode>quae¬</Unicode>
                    </TextEquiv>
                    <TextStyle fontFamily="Times New Roman" fontSize="9.0"/>
                </Word>
                <TextEquiv>
                    <Unicode>ria ad salutem; sed in praecedenti quae¬</Unicode>
                </TextEquiv>
                <TextStyle fontFamily="Times New Roman" fontSize="9.0"/>
            </TextLine>
            <TextLine id="tl_44" primaryLanguage="English" custom="readingOrder {index:13;}">
                <Coords points="149,2922 1158,2922 1158,2975 149,2975"/>
                <Baseline points="149,2967 287,2966 462,2965 524,2964 698,2962 1031,2961 1158,2951"/>
                <Word id="w_w2aab1c11b2b3c27ab1" language="English" custom="readingOrder {index:0;}">
                    <Coords points="149,2930 287,2930 287,2968 149,2968"/>
                    <TextEquiv>
                        <Unicode>stione</Unicode>
                    </TextEquiv>
                    <TextStyle fontFamily="Times New Roman" fontSize="9.0"/>
                </Word>
                <Word id="w_w2aab1c11b2b3c27ac15" language="English" custom="readingOrder {index:1;}">
                    <Coords points="309,2925 462,2925 462,2966 309,2966"/>
                    <TextEquiv>
                        <Unicode>asserit</Unicode>
                    </TextEquiv>
                    <TextStyle fontFamily="Times New Roman" fontSize="9.0"/>
                </Word>
                <Word id="w_w2aab1c11b2b3c27ac31" language="English" custom="readingOrder {index:2;}">
                    <Coords points="482,2928 524,2928 524,2964 482,2964"/>
                    <TextEquiv>
                        <Unicode>et</Unicode>
                    </TextEquiv>
                    <TextStyle fontFamily="Times New Roman" fontSize="9.0"/>
                </Word>
                <Word id="w_w2aab1c11b2b3c27ac37" language="English" custom="readingOrder {index:3;}">
                    <Coords points="543,2924 698,2924 698,2974 543,2974"/>
                    <TextEquiv>
                        <Unicode>probat</Unicode>
                    </TextEquiv>
                    <TextStyle fontFamily="Times New Roman" fontSize="9.0"/>
                </Word>
                <Word id="w_w2aab1c11b2b3c27ac51" language="English" custom="readingOrder {index:4;}">
                    <Coords points="726,2922 1031,2922 1031,2963 726,2963"/>
                    <TextEquiv>
                        <Unicode>necessitatem</Unicode>
                    </TextEquiv>
                    <TextStyle fontFamily="Times New Roman" fontSize="9.0"/>
                </Word>
                <Word id="w_w2aab1c11b2b3c27ac77" language="English" custom="readingOrder {index:5;}">
                    <Coords points="1058,2925 1158,2925 1158,2962 1058,2962"/>
                    <TextEquiv>
                        <Unicode>sim¬</Unicode>
                    </TextEquiv>
                    <TextStyle fontFamily="Times New Roman" fontSize="9.0"/>
                </Word>
                <TextEquiv>
                    <Unicode>stione asserit et probat necessitatem sim¬</Unicode>
                </TextEquiv>
                <TextStyle fontFamily="Times New Roman" fontSize="9.0"/>
            </TextLine>
            <TextLine id="tl_45" primaryLanguage="English" custom="readingOrder {index:14;}">
                <Coords points="150,3000 1162,3000 1162,3055 150,3055"/>
                <Baseline points="150,3055 319,3043 390,3041 516,3041 745,3039 1162,3038"/>
                <Word id="w_w2aab1c11b2b3c29ab1" language="English" custom="readingOrder {index:0;}">
                    <Coords points="150,3004 319,3004 319,3055 150,3055"/>
                    <TextEquiv>
                        <Unicode>pliciter</Unicode>
                    </TextEquiv>
                    <TextStyle fontFamily="Times New Roman" fontSize="9.0"/>
                </Word>
                <Word id="w_w2aab1c11b2b3c29ac19" language="English" custom="readingOrder {index:1;}">
                    <Coords points="339,3003 390,3003 390,3041 339,3041"/>
                    <TextEquiv>
                        <Unicode>ali</Unicode>
                    </TextEquiv>
                    <TextStyle fontFamily="Times New Roman" fontSize="9.0"/>
                </Word>
                <Word id="w_w2aab1c11b2b3c29ac27" language="English" custom="readingOrder {index:2;}">
                    <Coords points="397,3002 516,3002 516,3052 397,3052"/>
                    <TextEquiv>
                        <Unicode>cujus</Unicode>
                    </TextEquiv>
                    <TextStyle fontFamily="Times New Roman" fontSize="9.0"/>
                </Word>
                <Word id="w_w2aab1c11b2b3c29ac39" language="English" custom="readingOrder {index:3;}">
                    <Coords points="539,3001 745,3001 745,3040 539,3040"/>
                    <TextEquiv>
                        <Unicode>doctrinae</Unicode>
                    </TextEquiv>
                    <TextStyle fontFamily="Times New Roman" fontSize="9.0"/>
                </Word>
                <Word id="w_w2aab1c11b2b3c29ac59" language="English" custom="readingOrder {index:4;}">
                    <Coords points="779,3001 1162,3001 1162,3049 779,3049"/>
                    <TextEquiv>
                        <Unicode>supernaturaliter</Unicode>
                    </TextEquiv>
                    <TextStyle fontFamily="Times New Roman" fontSize="9.0"/>
                </Word>
                <TextEquiv>
                    <Unicode>pliciter ali cujus doctrinae supernaturaliter</Unicode>
                </TextEquiv>
                <TextStyle fontFamily="Times New Roman" fontSize="9.0"/>
            </TextLine>
            <TextLine id="tl_46" primaryLanguage="English" custom="readingOrder {index:15;}">
                <Coords points="148,3075 1161,3075 1161,3127 148,3127"/>
                <Baseline points="148,3120 365,3126 474,3118 566,3117 781,3116 851,3115 1053,3114 1161,3114"/>
                <Word id="w_w2aab1c11b2b3c31ab1" language="English" custom="readingOrder {index:0;}">
                    <Coords points="148,3080 365,3080 365,3126 148,3126"/>
                    <TextEquiv>
                        <Unicode>revelatae,</Unicode>
                    </TextEquiv>
                    <TextStyle fontFamily="Times New Roman" fontSize="9.0"/>
                </Word>
                <Word id="w_w2aab1c11b2b3c31ac23" language="English" custom="readingOrder {index:1;}">
                    <Coords points="386,3079 474,3079 474,3118 386,3118"/>
                    <TextEquiv>
                        <Unicode>sive</Unicode>
                    </TextEquiv>
                    <TextStyle fontFamily="Times New Roman" fontSize="9.0"/>
                </Word>
                <Word id="w_w2aab1c11b2b3c31ac33" language="English" custom="readingOrder {index:2;}">
                    <Coords points="496,3077 566,3077 566,3117 496,3117"/>
                    <TextEquiv>
                        <Unicode>illa</Unicode>
                    </TextEquiv>
                    <TextStyle fontFamily="Times New Roman" fontSize="9.0"/>
                </Word>
                <Word id="w_w2aab1c11b2b3c31ac43" language="English" custom="readingOrder {index:3;}">
                    <Coords points="591,3077 781,3077 781,3116 591,3116"/>
                    <TextEquiv>
                        <Unicode>tradatur</Unicode>
                    </TextEquiv>
                    <TextStyle fontFamily="Times New Roman" fontSize="9.0"/>
                </Word>
                <Word id="w_w2aab1c11b2b3c31ac61" language="English" custom="readingOrder {index:4;}">
                    <Coords points="809,3078 851,3078 851,3115 809,3115"/>
                    <TextEquiv>
                        <Unicode>in</Unicode>
                    </TextEquiv>
                    <TextStyle fontFamily="Times New Roman" fontSize="9.0"/>
                </Word>
                <Word id="w_w2aab1c11b2b3c31ac67" language="English" custom="readingOrder {index:5;}">
                    <Coords points="885,3075 1053,3075 1053,3125 885,3125"/>
                    <TextEquiv>
                        <Unicode>scriptis</Unicode>
                    </TextEquiv>
                    <TextStyle fontFamily="Times New Roman" fontSize="9.0"/>
                </Word>
                <Word id="w_w2aab1c11b2b3c31ac85" language="English" custom="readingOrder {index:6;}">
                    <Coords points="1071,3077 1161,3077 1161,3115 1071,3115"/>
                    <TextEquiv>
                        <Unicode>sive</Unicode>
                    </TextEquiv>
                    <TextStyle fontFamily="Times New Roman" fontSize="9.0"/>
                </Word>
                <TextEquiv>
                    <Unicode>revelatae, sive illa tradatur in scriptis sive</Unicode>
                </TextEquiv>
                <TextStyle fontFamily="Times New Roman" fontSize="9.0"/>
            </TextLine>
            <TextLine id="tl_47" primaryLanguage="English" custom="readingOrder {index:16;}">
                <Coords points="151,3155 1162,3155 1162,3212 151,3212"/>
                <Baseline points="151,3203 256,3203 326,3201 386,3199 486,3199 750,3197 990,3194 1162,3184"/>
                <Word id="w_w2aab1c11b2b3c33ab1" language="English" custom="readingOrder {index:0;}">
                    <Coords points="151,3174 256,3174 256,3203 151,3203"/>
                    <TextEquiv>
                        <Unicode>non.</Unicode>
                    </TextEquiv>
                    <TextStyle fontFamily="Times New Roman" fontSize="9.0"/>
                </Word>
                <Word id="w_w2aab1c11b2b3c33ac11" language="English" custom="readingOrder {index:1;}">
                    <Coords points="281,3164 326,3164 326,3201 281,3201"/>
                    <TextEquiv>
                        <Unicode>Et</Unicode>
                    </TextEquiv>
                    <TextStyle fontFamily="Times New Roman" fontSize="9.0"/>
                </Word>
                <Word id="w_w2aab1c11b2b3c33ac17" language="English" custom="readingOrder {index:2;}">
                    <Coords points="346,3163 386,3163 386,3201 346,3201"/>
                    <TextEquiv>
                        <Unicode>in</Unicode>
                    </TextEquiv>
                    <TextStyle fontFamily="Times New Roman" fontSize="9.0"/>
                </Word>
                <Word id="w_w2aab1c11b2b3c33ac23" language="English" custom="readingOrder {index:3;}">
                    <Coords points="407,3161 486,3161 486,3199 407,3199"/>
                    <TextEquiv>
                        <Unicode>hac</Unicode>
                    </TextEquiv>
                    <TextStyle fontFamily="Times New Roman" fontSize="9.0"/>
                </Word>
                <Word id="w_w2aab1c11b2b3c33ac31" language="English" custom="readingOrder {index:4;}">
                    <Coords points="509,3159 750,3159 750,3211 509,3211"/>
                    <TextEquiv>
                        <Unicode>quaestione</Unicode>
                    </TextEquiv>
                    <TextStyle fontFamily="Times New Roman" fontSize="9.0"/>
                </Word>
                <Word id="w_w2aab1c11b2b3c33ac53" language="English" custom="readingOrder {index:5;}">
                    <Coords points="775,3155 990,3155 990,3197 775,3197"/>
                    <TextEquiv>
                        <Unicode>concludit</Unicode>
                    </TextEquiv>
                    <TextStyle fontFamily="Times New Roman" fontSize="9.0"/>
                </Word>
                <Word id="w_w2aab1c11b2b3c33ac73" language="English" custom="readingOrder {index:6;}">
                    <Coords points="1011,3157 1162,3157 1162,3196 1011,3196"/>
                    <TextEquiv>
                        <Unicode>doctri¬</Unicode>
                    </TextEquiv>
                    <TextStyle fontFamily="Times New Roman" fontSize="9.0"/>
                </Word>
                <TextEquiv>
                    <Unicode>non. Et in hac quaestione concludit doctri¬</Unicode>
                </TextEquiv>
                <TextStyle fontFamily="Times New Roman" fontSize="9.0"/>
            </TextLine>
            <TextLine id="tl_48" primaryLanguage="English" custom="readingOrder {index:17;}">
                <Coords points="152,3233 1164,3233 1164,3287 152,3287"/>
                <Baseline points="152,3277 252,3276 404,3275 690,3273 1036,3280 1164,3272"/>
                <Word id="w_w2aab1c11b2b3c35ab1" language="English" custom="readingOrder {index:0;}">
                    <Coords points="152,3249 252,3249 252,3278 152,3278"/>
                    <TextEquiv>
                        <Unicode>nam</Unicode>
                    </TextEquiv>
                    <TextStyle fontFamily="Times New Roman" fontSize="9.0"/>
                </Word>
                <Word id="w_w2aab1c11b2b3c35ab9" language="English" custom="readingOrder {index:1;}">
                    <Coords points="288,3239 404,3239 404,3278 288,3278"/>
                    <TextEquiv>
                        <Unicode>illam</Unicode>
                    </TextEquiv>
                    <TextStyle fontFamily="Times New Roman" fontSize="9.0"/>
                </Word>
                <Word id="w_w2aab1c11b2b3c35ac21" language="English" custom="readingOrder {index:2;}">
                    <Coords points="443,3235 690,3235 690,3286 443,3286"/>
                    <TextEquiv>
                        <Unicode>simpliciter</Unicode>
                    </TextEquiv>
                    <TextStyle fontFamily="Times New Roman" fontSize="9.0"/>
                </Word>
                <Word id="w_w2aab1c11b2b3c35ac45" language="English" custom="readingOrder {index:3;}">
                    <Coords points="726,3233 1036,3233 1036,3280 726,3280"/>
                    <TextEquiv>
                        <Unicode>necessariam,</Unicode>
                    </TextEquiv>
                    <TextStyle fontFamily="Times New Roman" fontSize="9.0"/>
                </Word>
                <Word id="w_w2aab1c11b2b3c35ac71" language="English" custom="readingOrder {index:4;}">
                    <Coords points="1068,3243 1164,3243 1164,3272 1068,3272"/>
                    <TextEquiv>
                        <Unicode>esse</Unicode>
                    </TextEquiv>
                    <TextStyle fontFamily="Times New Roman" fontSize="9.0"/>
                </Word>
                <TextEquiv>
                    <Unicode>nam illam simpliciter necessariam, esse</Unicode>
                </TextEquiv>
                <TextStyle fontFamily="Times New Roman" fontSize="9.0"/>
            </TextLine>
            <TextLine id="tl_49" primaryLanguage="English" custom="readingOrder {index:18;}">
                <Coords points="150,3309 1163,3309 1163,3360 150,3360"/>
                <Baseline points="150,3354 414,3351 628,3349 686,3349 941,3356 1059,3345 1163,3346"/>
                <Word id="w_w2aab1c11b2b3c37ab1" language="English" custom="readingOrder {index:0;}">
                    <Coords points="150,3313 414,3313 414,3354 150,3354"/>
                    <TextEquiv>
                        <Unicode>sufficienter</Unicode>
                    </TextEquiv>
                    <TextStyle fontFamily="Times New Roman" fontSize="9.0"/>
                </Word>
                <Word id="w_w2aab1c11b2b3c37ac27" language="English" custom="readingOrder {index:1;}">
                    <Coords points="431,3312 628,3312 628,3351 431,3351"/>
                    <TextEquiv>
                        <Unicode>traditam</Unicode>
                    </TextEquiv>
                    <TextStyle fontFamily="Times New Roman" fontSize="9.0"/>
                </Word>
                <Word id="w_w2aab1c11b2b3c37ac45" language="English" custom="readingOrder {index:2;}">
                    <Coords points="644,3311 686,3311 686,3349 644,3349"/>
                    <TextEquiv>
                        <Unicode>in</Unicode>
                    </TextEquiv>
                    <TextStyle fontFamily="Times New Roman" fontSize="9.0"/>
                </Word>
                <Word id="w_w2aab1c11b2b3c37ac51" language="English" custom="readingOrder {index:3;}">
                    <Coords points="709,3310 941,3310 941,3359 709,3359"/>
                    <TextEquiv>
                        <Unicode>Scriptura,</Unicode>
                    </TextEquiv>
                    <TextStyle fontFamily="Times New Roman" fontSize="9.0"/>
                </Word>
                <Word id="w_w2aab1c11b2b3c37ac73" language="English" custom="readingOrder {index:4;}">
                    <Coords points="966,3319 1059,3319 1059,3347 966,3347"/>
                    <TextEquiv>
                        <Unicode>cum</Unicode>
                    </TextEquiv>
                    <TextStyle fontFamily="Times New Roman" fontSize="9.0"/>
                </Word>
                <Word id="w_w2aab1c11b2b3c37ac81" language="English" custom="readingOrder {index:5;}">
                    <Coords points="1082,3319 1163,3319 1163,3358 1082,3358"/>
                    <TextEquiv>
                        <Unicode>quo</Unicode>
                    </TextEquiv>
                    <TextStyle fontFamily="Times New Roman" fontSize="9.0"/>
                </Word>
                <TextEquiv>
                    <Unicode>sufficienter traditam in Scriptura, cum quo</Unicode>
                </TextEquiv>
                <TextStyle fontFamily="Times New Roman" fontSize="9.0"/>
            </TextLine>
            <TextLine id="tl_50" primaryLanguage="English" custom="readingOrder {index:19;}">
                <Coords points="152,3383 1164,3383 1164,3440 152,3440"/>
                <Baseline points="152,3431 312,3428 447,3426 609,3424 748,3424 850,3423 960,3421 1164,3411"/>
                <Word id="w_w2aab1c11b2b3c39ab1" language="English" custom="readingOrder {index:0;}">
                    <Coords points="152,3391 312,3391 312,3440 152,3440"/>
                    <TextEquiv>
                        <Unicode>optime</Unicode>
                    </TextEquiv>
                    <TextStyle fontFamily="Times New Roman" fontSize="9.0"/>
                </Word>
                <Word id="w_w2aab1c11b2b3c39ac15" language="English" custom="readingOrder {index:1;}">
                    <Coords points="335,3392 447,3392 447,3428 335,3428"/>
                    <TextEquiv>
                        <Unicode>stare</Unicode>
                    </TextEquiv>
                    <TextStyle fontFamily="Times New Roman" fontSize="9.0"/>
                </Word>
                <Word id="w_w2aab1c11b2b3c39ac27" language="English" custom="readingOrder {index:2;}">
                    <Coords points="465,3389 609,3389 609,3437 465,3437"/>
                    <TextEquiv>
                        <Unicode>potest</Unicode>
                    </TextEquiv>
                    <TextStyle fontFamily="Times New Roman" fontSize="9.0"/>
                </Word>
                <Word id="w_w2aab1c11b2b3c39ac41" language="English" custom="readingOrder {index:3;}">
                    <Coords points="630,3385 748,3385 748,3436 630,3436"/>
                    <TextEquiv>
                        <Unicode>quod</Unicode>
                    </TextEquiv>
                    <TextStyle fontFamily="Times New Roman" fontSize="9.0"/>
                </Word>
                <Word id="w_w2aab1c11b2b3c39ac51" language="English" custom="readingOrder {index:4;}">
                    <Coords points="769,3395 850,3395 850,3424 769,3424"/>
                    <TextEquiv>
                        <Unicode>nec</Unicode>
                    </TextEquiv>
                    <TextStyle fontFamily="Times New Roman" fontSize="9.0"/>
                </Word>
                <Word id="w_w2aab1c11b2b3c39ac59" language="English" custom="readingOrder {index:5;}">
                    <Coords points="868,3383 960,3383 960,3433 868,3433"/>
                    <TextEquiv>
                        <Unicode>ipsa</Unicode>
                    </TextEquiv>
                    <TextStyle fontFamily="Times New Roman" fontSize="9.0"/>
                </Word>
                <Word id="w_w2aab1c11b2b3c39ac69" language="English" custom="readingOrder {index:6;}">
                    <Coords points="981,3383 1164,3383 1164,3432 981,3432"/>
                    <TextEquiv>
                        <Unicode>Scriptu¬</Unicode>
                    </TextEquiv>
                    <TextStyle fontFamily="Times New Roman" fontSize="9.0"/>
                </Word>
                <TextEquiv>
                    <Unicode>optime stare potest quod nec ipsa Scriptu¬</Unicode>
                </TextEquiv>
                <TextStyle fontFamily="Times New Roman" fontSize="9.0"/>
            </TextLine>
            <TextLine id="tl_51" primaryLanguage="English" custom="readingOrder {index:20;}">
                <Coords points="150,3460 1166,3460 1166,3513 150,3513"/>
                <Baseline points="150,3505 196,3505 416,3502 592,3500 760,3500 861,3497 1064,3504 1166,3497"/>
                <Word id="w_w2aab1c11b2b3c41ab1" language="English" custom="readingOrder {index:0;}">
                    <Coords points="150,3477 196,3477 196,3505 150,3505"/>
                    <TextEquiv>
                        <Unicode>ra</Unicode>
                    </TextEquiv>
                    <TextStyle fontFamily="Times New Roman" fontSize="9.0"/>
                </Word>
                <Word id="w_w2aab1c11b2b3c41ab7" language="English" custom="readingOrder {index:1;}">
                    <Coords points="226,3464 416,3464 416,3505 226,3505"/>
                    <TextEquiv>
                        <Unicode>formalis</Unicode>
                    </TextEquiv>
                    <TextStyle fontFamily="Times New Roman" fontSize="9.0"/>
                </Word>
                <Word id="w_w2aab1c11b2b3c41ac25" language="English" custom="readingOrder {index:2;}">
                    <Coords points="448,3461 592,3461 592,3512 448,3512"/>
                    <TextEquiv>
                        <Unicode>quoad</Unicode>
                    </TextEquiv>
                    <TextStyle fontFamily="Times New Roman" fontSize="9.0"/>
                </Word>
                <Word id="w_w2aab1c11b2b3c41ac37" language="English" custom="readingOrder {index:3;}">
                    <Coords points="625,3464 760,3464 760,3501 625,3501"/>
                    <TextEquiv>
                        <Unicode>totum</Unicode>
                    </TextEquiv>
                    <TextStyle fontFamily="Times New Roman" fontSize="9.0"/>
                </Word>
                <Word id="w_w2aab1c11b2b3c41ac49" language="English" custom="readingOrder {index:4;}">
                    <Coords points="789,3461 861,3461 861,3499 789,3499"/>
                    <TextEquiv>
                        <Unicode>aut</Unicode>
                    </TextEquiv>
                    <TextStyle fontFamily="Times New Roman" fontSize="9.0"/>
                </Word>
                <Word id="w_w2aab1c11b2b3c41ac57" language="English" custom="readingOrder {index:5;}">
                    <Coords points="882,3461 1064,3461 1064,3508 882,3508"/>
                    <TextEquiv>
                        <Unicode>partem,</Unicode>
                    </TextEquiv>
                    <TextStyle fontFamily="Times New Roman" fontSize="9.0"/>
                </Word>
                <Word id="w_w2aab1c11b2b3c41ac73" language="English" custom="readingOrder {index:6;}">
                    <Coords points="1085,3469 1166,3469 1166,3497 1085,3497"/>
                    <TextEquiv>
                        <Unicode>nec</Unicode>
                    </TextEquiv>
                    <TextStyle fontFamily="Times New Roman" fontSize="9.0"/>
                </Word>
                <TextEquiv>
                    <Unicode>ra formalis quoad totum aut partem, nec</Unicode>
                </TextEquiv>
                <TextStyle fontFamily="Times New Roman" fontSize="9.0"/>
            </TextLine>
            <TextLine id="tl_52" primaryLanguage="English" custom="readingOrder {index:21;}">
                <Coords points="155,3534 1168,3534 1168,3583 155,3583"/>
                <Baseline points="155,3583 284,3581 391,3578 606,3576 674,3576 748,3575 981,3579 1055,3573 1168,3562"/>
                <Word id="w_w2aab1c11b2b3c43ab1" language="English" custom="readingOrder {index:0;}">
                    <Coords points="155,3544 284,3544 284,3583 155,3583"/>
                    <TextEquiv>
                        <Unicode>etiam</Unicode>
                    </TextEquiv>
                    <TextStyle fontFamily="Times New Roman" fontSize="9.0"/>
                </Word>
                <Word id="w_w2aab1c11b2b3c43ac13" language="English" custom="readingOrder {index:1;}">
                    <Coords points="305,3543 391,3543 391,3582 305,3582"/>
                    <TextEquiv>
                        <Unicode>tota</Unicode>
                    </TextEquiv>
                    <TextStyle fontFamily="Times New Roman" fontSize="9.0"/>
                </Word>
                <Word id="w_w2aab1c11b2b3c43ac23" language="English" custom="readingOrder {index:2;}">
                    <Coords points="413,3538 606,3538 606,3578 413,3578"/>
                    <TextEquiv>
                        <Unicode>doctrina</Unicode>
                    </TextEquiv>
                    <TextStyle fontFamily="Times New Roman" fontSize="9.0"/>
                </Word>
                <Word id="w_w2aab1c11b2b3c43ac41" language="English" custom="readingOrder {index:3;}">
                    <Coords points="632,3539 674,3539 674,3576 632,3576"/>
                    <TextEquiv>
                        <Unicode>in</Unicode>
                    </TextEquiv>
                    <TextStyle fontFamily="Times New Roman" fontSize="9.0"/>
                </Word>
                <Word id="w_w2aab1c11b2b3c43ac47" language="English" custom="readingOrder {index:4;}">
                    <Coords points="697,3547 748,3547 748,3576 697,3576"/>
                    <TextEquiv>
                        <Unicode>ea</Unicode>
                    </TextEquiv>
                    <TextStyle fontFamily="Times New Roman" fontSize="9.0"/>
                </Word>
                <Word id="w_w2aab1c11b2b3c43ac53" language="English" custom="readingOrder {index:5;}">
                    <Coords points="769,3539 981,3539 981,3579 769,3579"/>
                    <TextEquiv>
                        <Unicode>contenta,</Unicode>
                    </TextEquiv>
                    <TextStyle fontFamily="Times New Roman" fontSize="9.0"/>
                </Word>
                <Word id="w_w2aab1c11b2b3c43ac73" language="English" custom="readingOrder {index:6;}">
                    <Coords points="1003,3534 1055,3534 1055,3573 1003,3573"/>
                    <TextEquiv>
                        <Unicode>sit</Unicode>
                    </TextEquiv>
                    <TextStyle fontFamily="Times New Roman" fontSize="9.0"/>
                </Word>
                <Word id="w_w2aab1c11b2b3c43ac81" language="English" custom="readingOrder {index:7;}">
                    <Coords points="1072,3534 1168,3534 1168,3573 1072,3573"/>
                    <TextEquiv>
                        <Unicode>sim¬</Unicode>
                    </TextEquiv>
                    <TextStyle fontFamily="Times New Roman" fontSize="9.0"/>
                </Word>
                <TextEquiv>
                    <Unicode>etiam tota doctrina in ea contenta, sit sim¬</Unicode>
                </TextEquiv>
                <TextStyle fontFamily="Times New Roman" fontSize="9.0"/>
            </TextLine>
            <TextLine id="tl_53" primaryLanguage="English" custom="readingOrder {index:22;}">
                <Coords points="156,3611 1166,3611 1166,3668 156,3668"/>
                <Baseline points="156,3668 323,3656 613,3660 836,3651 1051,3648 1166,3649"/>
                <Word id="w_w2aab1c11b2b3c45ab1" language="English" custom="readingOrder {index:0;}">
                    <Coords points="156,3618 323,3618 323,3668 156,3668"/>
                    <TextEquiv>
                        <Unicode>pliciter</Unicode>
                    </TextEquiv>
                    <TextStyle fontFamily="Times New Roman" fontSize="9.0"/>
                </Word>
                <Word id="w_w2aab1c11b2b3c45ac19" language="English" custom="readingOrder {index:1;}">
                    <Coords points="352,3614 613,3614 613,3660 352,3660"/>
                    <TextEquiv>
                        <Unicode>necessaria,</Unicode>
                    </TextEquiv>
                    <TextStyle fontFamily="Times New Roman" fontSize="9.0"/>
                </Word>
                <Word id="w_w2aab1c11b2b3c45ac43" language="English" custom="readingOrder {index:2;}">
                    <Coords points="643,3612 836,3612 836,3663 643,3663"/>
                    <TextEquiv>
                        <Unicode>quamvis</Unicode>
                    </TextEquiv>
                    <TextStyle fontFamily="Times New Roman" fontSize="9.0"/>
                </Word>
                <Word id="w_w2aab1c11b2b3c45ac59" language="English" custom="readingOrder {index:3;}">
                    <Coords points="868,3613 1051,3613 1051,3660 868,3660"/>
                    <TextEquiv>
                        <Unicode>utraque</Unicode>
                    </TextEquiv>
                    <TextStyle fontFamily="Times New Roman" fontSize="9.0"/>
                </Word>
                <Word id="w_w2aab1c11b2b3c45ac75" language="English" custom="readingOrder {index:4;}">
                    <Coords points="1084,3614 1166,3614 1166,3649 1084,3649"/>
                    <TextEquiv>
                        <Unicode>tam</Unicode>
                    </TextEquiv>
                    <TextStyle fontFamily="Times New Roman" fontSize="9.0"/>
                </Word>
                <TextEquiv>
                    <Unicode>pliciter necessaria, quamvis utraque tam</Unicode>
                </TextEquiv>
                <TextStyle fontFamily="Times New Roman" fontSize="9.0"/>
            </TextLine>
            <TextLine id="tl_54" primaryLanguage="English" custom="readingOrder {index:23;}">
                <Coords points="157,3684 1171,3684 1171,3745 157,3745"/>
                <Baseline points="157,3733 372,3730 589,3728 750,3728 864,3726 1089,3724 1170,3722"/>
                <Word id="w_w2aab1c11b2b3c47ab1" language="English" custom="readingOrder {index:0;}">
                    <Coords points="157,3695 372,3695 372,3745 157,3745"/>
                    <TextEquiv>
                        <Unicode>Scriptura</Unicode>
                    </TextEquiv>
                    <TextStyle fontFamily="Times New Roman" fontSize="9.0"/>
                </Word>
                <Word id="w_w2aab1c11b2b3c47ac21" language="English" custom="readingOrder {index:1;}">
                    <Coords points="401,3690 589,3690 589,3730 401,3730"/>
                    <TextEquiv>
                        <Unicode>formalis</Unicode>
                    </TextEquiv>
                    <TextStyle fontFamily="Times New Roman" fontSize="9.0"/>
                </Word>
                <Word id="w_w2aab1c11b2b3c47ac39" language="English" custom="readingOrder {index:2;}">
                    <Coords points="623,3700 750,3700 750,3740 623,3740"/>
                    <TextEquiv>
                        <Unicode>quam</Unicode>
                    </TextEquiv>
                    <TextStyle fontFamily="Times New Roman" fontSize="9.0"/>
                </Word>
                <Word id="w_w2aab1c11b2b3c47ac49" language="English" custom="readingOrder {index:3;}">
                    <Coords points="783,3691 864,3691 864,3727 783,3727"/>
                    <TextEquiv>
                        <Unicode>tota</Unicode>
                    </TextEquiv>
                    <TextStyle fontFamily="Times New Roman" fontSize="9.0"/>
                </Word>
                <Word id="w_w2aab1c11b2b3c47ac59" language="English" custom="readingOrder {index:4;}">
                    <Coords points="898,3684 1089,3684 1089,3725 898,3725"/>
                    <TextEquiv>
                        <Unicode>doctrina</Unicode>
                    </TextEquiv>
                    <TextStyle fontFamily="Times New Roman" fontSize="9.0"/>
                </Word>
                <Word id="w_w2aab1c11b2b3c47ac77" language="English" custom="readingOrder {index:5;}">
                    <Coords points="1126,3686 1170,3686 1170,3723 1126,3723"/>
                    <TextEquiv>
                        <Unicode>in</Unicode>
                    </TextEquiv>
                    <TextStyle fontFamily="Times New Roman" fontSize="9.0"/>
                </Word>
                <TextEquiv>
                    <Unicode>Scriptura formalis quam tota doctrina in</Unicode>
                </TextEquiv>
                <TextStyle fontFamily="Times New Roman" fontSize="9.0"/>
            </TextLine>
            <TextEquiv>
                <Unicode>Alio modo posset etiam responderi,
distinguendo majorem : Doctrina simplici¬
ter necessaria nunquam defuit, concedo ;
doctrina necessaria ad melius esse, nego
majorem; et concessa minori, distinguo
consequentiam, non est necessaria sim¬
pliciter, concedo consequentiam ; non est
necessaria ad melius esse, id est valde
utilis et proficua, nego consequentiam.
Itaque Doctor non asserit, nec supponit
in hac vel praecedenti quaestione, quod
Scriptura sacra tota sit simpliciter necessa¬
ria ad salutem; sed in praecedenti quae¬
stione asserit et probat necessitatem sim¬
pliciter ali cujus doctrinae supernaturaliter
revelatae, sive illa tradatur in scriptis sive
non. Et in hac quaestione concludit doctri¬
nam illam simpliciter necessariam, esse
sufficienter traditam in Scriptura, cum quo
optime stare potest quod nec ipsa Scriptu¬
ra formalis quoad totum aut partem, nec
etiam tota doctrina in ea contenta, sit sim¬
pliciter necessaria, quamvis utraque tam
Scriptura formalis quam tota doctrina in</Unicode>
            </TextEquiv>
        </TextRegion>
        <TextRegion type="paragraph" id="r_7_1" custom="readingOrder {index:2;}">
            <Coords points="1225,409 2243,409 2243,605 1225,605"/>
            <TextLine id="tl_55" primaryLanguage="English" custom="readingOrder {index:0;}">
                <Coords points="1230,410 2242,410 2242,460 1230,460"/>
                <Baseline points="1230,450 1279,450 1519,459 1795,451 1869,450 1943,451 2115,452 2242,454"/>
                <Word id="w_w2aab1c13b2b1b1ab1" language="English" custom="readingOrder {index:0;}">
                    <Coords points="1230,422 1279,422 1279,450 1230,450"/>
                    <TextEquiv>
                        <Unicode>ea</Unicode>
                    </TextEquiv>
                    <TextStyle fontFamily="Times New Roman" fontSize="9.0"/>
                </Word>
                <Word id="w_w2aab1c13b2b1b1ab7" language="English" custom="readingOrder {index:1;}">
                    <Coords points="1304,413 1519,413 1519,459 1304,459"/>
                    <TextEquiv>
                        <Unicode>contenta,</Unicode>
                    </TextEquiv>
                    <TextStyle fontFamily="Times New Roman" fontSize="9.0"/>
                </Word>
                <Word id="w_w2aab1c13b2b1b1ac27" language="English" custom="readingOrder {index:2;}">
                    <Coords points="1552,411 1795,411 1795,451 1552,451"/>
                    <TextEquiv>
                        <Unicode>necessaria</Unicode>
                    </TextEquiv>
                    <TextStyle fontFamily="Times New Roman" fontSize="9.0"/>
                </Word>
                <Word id="w_w2aab1c13b2b1b1ac49" language="English" custom="readingOrder {index:3;}">
                    <Coords points="1816,412 1869,412 1869,451 1816,451"/>
                    <TextEquiv>
                        <Unicode>sit</Unicode>
                    </TextEquiv>
                    <TextStyle fontFamily="Times New Roman" fontSize="9.0"/>
                </Word>
                <Word id="w_w2aab1c13b2b1b1ac57" language="English" custom="readingOrder {index:4;}">
                    <Coords points="1889,411 1943,411 1943,451 1889,451"/>
                    <TextEquiv>
                        <Unicode>ad</Unicode>
                    </TextEquiv>
                    <TextStyle fontFamily="Times New Roman" fontSize="9.0"/>
                </Word>
                <Word id="w_w2aab1c13b2b1b1ac63" language="English" custom="readingOrder {index:5;}">
                    <Coords points="1965,414 2115,414 2115,453 1965,453"/>
                    <TextEquiv>
                        <Unicode>melius</Unicode>
                    </TextEquiv>
                    <TextStyle fontFamily="Times New Roman" fontSize="9.0"/>
                </Word>
                <Word id="w_w2aab1c13b2b1b1ac77" language="English" custom="readingOrder {index:6;}">
                    <Coords points="2146,425 2242,425 2242,454 2146,454"/>
                    <TextEquiv>
                        <Unicode>esse</Unicode>
                    </TextEquiv>
                    <TextStyle fontFamily="Times New Roman" fontSize="9.0"/>
                </Word>
                <TextEquiv>
                    <Unicode>ea contenta, necessaria sit ad melius esse</Unicode>
                </TextEquiv>
                <TextStyle fontFamily="Times New Roman" fontSize="9.0"/>
            </TextLine>
            <TextLine id="tl_56" primaryLanguage="English" custom="readingOrder {index:1;}">
                <Coords points="1228,485 2242,485 2242,531 1228,531"/>
                <Baseline points="1228,526 1270,525 1403,524 1480,527 1750,527 1826,527 2141,528 2242,520"/>
                <Word id="w_w2aab1c13b2b1b3ab1" language="English" custom="readingOrder {index:0;}">
                    <Coords points="1228,490 1270,490 1270,526 1228,526"/>
                    <TextEquiv>
                        <Unicode>et</Unicode>
                    </TextEquiv>
                    <TextStyle fontFamily="Times New Roman" fontSize="9.0"/>
                </Word>
                <Word id="w_w2aab1c13b2b1b3ab7" language="English" custom="readingOrder {index:1;}">
                    <Coords points="1292,487 1403,487 1403,526 1292,526"/>
                    <TextEquiv>
                        <Unicode>utilis</Unicode>
                    </TextEquiv>
                    <TextStyle fontFamily="Times New Roman" fontSize="9.0"/>
                </Word>
                <Word id="w_w2aab1c13b2b1b3ac21" language="English" custom="readingOrder {index:2;}">
                    <Coords points="1433,497 1480,497 1480,527 1433,527"/>
                    <TextEquiv>
                        <Unicode>ac</Unicode>
                    </TextEquiv>
                    <TextStyle fontFamily="Times New Roman" fontSize="9.0"/>
                </Word>
                <Word id="w_w2aab1c13b2b1b3ac27" language="English" custom="readingOrder {index:3;}">
                    <Coords points="1503,486 1750,486 1750,527 1503,527"/>
                    <TextEquiv>
                        <Unicode>conducens</Unicode>
                    </TextEquiv>
                    <TextStyle fontFamily="Times New Roman" fontSize="9.0"/>
                </Word>
                <Word id="w_w2aab1c13b2b1b3ac47" language="English" custom="readingOrder {index:4;}">
                    <Coords points="1770,487 1826,487 1826,527 1770,527"/>
                    <TextEquiv>
                        <Unicode>ad</Unicode>
                    </TextEquiv>
                    <TextStyle fontFamily="Times New Roman" fontSize="9.0"/>
                </Word>
                <Word id="w_w2aab1c13b2b1b3ac53" language="English" custom="readingOrder {index:5;}">
                    <Coords points="1848,488 2141,488 2141,529 1848,529"/>
                    <TextEquiv>
                        <Unicode>reducendum</Unicode>
                    </TextEquiv>
                    <TextStyle fontFamily="Times New Roman" fontSize="9.0"/>
                </Word>
                <Word id="w_w2aab1c13b2b1b3ac75" language="English" custom="readingOrder {index:6;}">
                    <Coords points="2164,491 2242,491 2242,529 2164,529"/>
                    <TextEquiv>
                        <Unicode>ho¬</Unicode>
                    </TextEquiv>
                    <TextStyle fontFamily="Times New Roman" fontSize="9.0"/>
                </Word>
                <TextEquiv>
                    <Unicode>et utilis ac conducens ad reducendum ho¬</Unicode>
                </TextEquiv>
                <TextStyle fontFamily="Times New Roman" fontSize="9.0"/>
            </TextLine>
            <TextLine id="tl_57" primaryLanguage="English" custom="readingOrder {index:2;}">
                <Coords points="1226,562 1772,562 1772,604 1226,604"/>
                <Baseline points="1226,600 1385,601 1462,602 1609,603 1772,603"/>
                <Word id="w_w2aab1c13b2b1b5ab1" language="English" custom="readingOrder {index:0;}">
                    <Coords points="1226,564 1385,564 1385,602 1226,602"/>
                    <TextEquiv>
                        <Unicode>minem</Unicode>
                    </TextEquiv>
                    <TextStyle fontFamily="Times New Roman" fontSize="9.0"/>
                </Word>
                <Word id="w_w2aab1c13b2b1b5ac13" language="English" custom="readingOrder {index:1;}">
                    <Coords points="1408,562 1462,562 1462,602 1408,602"/>
                    <TextEquiv>
                        <Unicode>ad</Unicode>
                    </TextEquiv>
                    <TextStyle fontFamily="Times New Roman" fontSize="9.0"/>
                </Word>
                <Word id="w_w2aab1c13b2b1b5ac19" language="English" custom="readingOrder {index:2;}">
                    <Coords points="1483,573 1609,573 1609,603 1483,603"/>
                    <TextEquiv>
                        <Unicode>suum</Unicode>
                    </TextEquiv>
                    <TextStyle fontFamily="Times New Roman" fontSize="9.0"/>
                </Word>
                <Word id="w_w2aab1c13b2b1b5ac29" language="English" custom="readingOrder {index:3;}">
                    <Coords points="1626,563 1772,563 1772,603 1626,603"/>
                    <TextEquiv>
                        <Unicode>finem.</Unicode>
                    </TextEquiv>
                    <TextStyle fontFamily="Times New Roman" fontSize="9.0"/>
                </Word>
                <TextEquiv>
                    <Unicode>minem ad suum finem.</Unicode>
                </TextEquiv>
                <TextStyle fontFamily="Times New Roman" fontSize="9.0"/>
            </TextLine>
            <TextEquiv>
                <Unicode>ea contenta, necessaria sit ad melius esse
et utilis ac conducens ad reducendum ho¬
minem ad suum finem.</Unicode>
            </TextEquiv>
        </TextRegion>
        <TextRegion type="paragraph" id="TextRegion_1608211184406_697" custom="readingOrder {index:3;}">
            <Coords points="1226,634 2264,634 2264,2352 2249,2435 1228,2435 1226,1227"/>
            <TextLine id="line_1608211184637_700" primaryLanguage="English" custom="readingOrder {index:0;}">
                <Coords points="1280,635 2264,635 2264,693 1280,693"/>
                <Baseline points="1280,676 1485,677 1658,678 1841,681 2062,680 2119,691 2264,689"/>
                <Word id="w_w2aab1c13b2b3b1ab1" language="English" custom="readingOrder {index:0;}">
                    <Coords points="1280,638 1485,638 1485,678 1280,678"/>
                    <TextEquiv>
                        <Unicode>Praeterea</Unicode>
                    </TextEquiv>
                    <TextStyle fontFamily="Times New Roman" fontSize="9.0"/>
                </Word>
                <Word id="w_w2aab1c13b2b3b1ac21" language="English" custom="readingOrder {index:1;}">
                    <Coords points="1529,638 1658,638 1658,679 1529,679"/>
                    <TextEquiv>
                        <Unicode>etiam</Unicode>
                    </TextEquiv>
                    <TextStyle fontFamily="Times New Roman" fontSize="9.0"/>
                </Word>
                <Word id="w_w2aab1c13b2b3b1ac33" language="English" custom="readingOrder {index:2;}">
                    <Coords points="1701,641 1841,641 1841,691 1701,691"/>
                    <TextEquiv>
                        <Unicode>aliqua</Unicode>
                    </TextEquiv>
                    <TextStyle fontFamily="Times New Roman" fontSize="9.0"/>
                </Word>
                <Word id="w_w2aab1c13b2b3b1ac47" language="English" custom="readingOrder {index:3;}">
                    <Coords points="1872,640 2062,640 2062,680 1872,680"/>
                    <TextEquiv>
                        <Unicode>doctrina</Unicode>
                    </TextEquiv>
                    <TextStyle fontFamily="Times New Roman" fontSize="9.0"/>
                </Word>
                <Word id="w_w2aab1c13b2b3b1ac65" language="English" custom="readingOrder {index:4;}">
                    <Coords points="2093,644 2241,644 2241,691 2093,691"/>
                    <TextEquiv>
                        <Unicode>posset</Unicode>
                    </TextEquiv>
                    <TextStyle fontFamily="Times New Roman" fontSize="9.0"/>
                </Word>
                <TextEquiv>
                    <Unicode>Praeterea etiam aliqua doctrina posset Doctnna</Unicode>
                </TextEquiv>
            </TextLine>
            <TextLine id="line_1608211184637_702" primaryLanguage="English" custom="readingOrder {index:1;}">
                <Coords points="1227,698 2264,698 2264,779 1227,779"/>
                <Baseline points="1227,754 1325,754 1603,754 1864,755 1959,756 2128,756 2186,756 2264,773"/>
                <Word id="word_1608211184638_704" language="English" custom="readingOrder {index:0;}">
                    <Coords points="2260,746 2264,746 2264,777 2260,777"/>
                    <TextEquiv>
                        <Unicode>po</Unicode>
                    </TextEquiv>
                    <TextStyle fontFamily="Times New Roman" fontSize="9.0" subscript="true"/>
                </Word>
                <Word id="w_w2aab1c13b2b3b3ab1" language="English" custom="readingOrder {index:1;}">
                    <Coords points="1227,725 1325,725 1325,754 1227,754"/>
                    <TextEquiv>
                        <Unicode>esse</Unicode>
                    </TextEquiv>
                    <TextStyle fontFamily="Times New Roman" fontSize="9.0"/>
                </Word>
                <Word id="w_w2aab1c13b2b3b3ac11" language="English" custom="readingOrder {index:2;}">
                    <Coords points="1353,715 1603,715 1603,764 1353,764"/>
                    <TextEquiv>
                        <Unicode>simpliciter</Unicode>
                    </TextEquiv>
                    <TextStyle fontFamily="Times New Roman" fontSize="9.0"/>
                </Word>
                <Word id="w_w2aab1c13b2b3b3ac35" language="English" custom="readingOrder {index:3;}">
                    <Coords points="1622,717 1864,717 1864,757 1622,757"/>
                    <TextEquiv>
                        <Unicode>necessaria</Unicode>
                    </TextEquiv>
                    <TextStyle fontFamily="Times New Roman" fontSize="9.0"/>
                </Word>
                <Word id="w_w2aab1c13b2b3b3ac57" language="English" custom="readingOrder {index:4;}">
                    <Coords points="1884,728 1959,728 1959,766 1884,766"/>
                    <TextEquiv>
                        <Unicode>pro</Unicode>
                    </TextEquiv>
                    <TextStyle fontFamily="Times New Roman" fontSize="9.0"/>
                </Word>
                <Word id="w_w2aab1c13b2b3b3ac65" language="English" custom="readingOrder {index:5;}">
                    <Coords points="1986,718 2128,718 2128,767 1986,767"/>
                    <TextEquiv>
                        <Unicode>aliquo</Unicode>
                    </TextEquiv>
                    <TextStyle fontFamily="Times New Roman" fontSize="9.0"/>
                </Word>
                <Word id="w_w2aab1c13b2b3b3ac79" language="English" custom="readingOrder {index:6;}">
                    <Coords points="2148,721 2233,721 2233,777 2148,777"/>
                    <TextEquiv>
                        <Unicode>sta-</Unicode>
                    </TextEquiv>
                    <TextStyle fontFamily="Times New Roman" fontSize="9.0"/>
                </Word>
                <TextEquiv>
                    <Unicode>esse simpliciter necessaria pro aliquo sta- pot2Uesse</Unicode>
                </TextEquiv>
            </TextLine>
            <TextLine id="line_1608211184638_706" primaryLanguage="English" custom="readingOrder {index:2;}">
                <Coords points="1227,785 2264,785 2264,836 1227,836"/>
                <Baseline points="1227,823 1286,830 1408,823 1514,825 1652,827 1730,827 2001,827 2097,827 2143,826 2264,818"/>
                <Word id="word_1608211184639_708" language="English" custom="readingOrder {index:0;}">
                    <Coords points="2260,787 2264,787 2264,809 2260,809"/>
                    <TextEquiv>
                        <Unicode>necessaria</Unicode>
                    </TextEquiv>
                    <TextStyle fontFamily="Times New Roman" fontSize="9.0" superscript="true"/>
                </Word>
                <Word id="w_w2aab1c13b2b3b5ab1" language="English" custom="readingOrder {index:1;}">
                    <Coords points="1227,788 1286,788 1286,830 1227,830"/>
                    <TextEquiv>
                        <Unicode>tu,</Unicode>
                    </TextEquiv>
                    <TextStyle fontFamily="Times New Roman" fontSize="9.0"/>
                </Word>
                <Word id="w_w2aab1c13b2b3b5ab9" language="English" custom="readingOrder {index:2;}">
                    <Coords points="1311,795 1408,795 1408,836 1311,836"/>
                    <TextEquiv>
                        <Unicode>quae</Unicode>
                    </TextEquiv>
                    <TextStyle fontFamily="Times New Roman" fontSize="9.0"/>
                </Word>
                <Word id="w_w2aab1c13b2b3b5ac19" language="English" custom="readingOrder {index:3;}">
                    <Coords points="1428,797 1514,797 1514,825 1428,825"/>
                    <TextEquiv>
                        <Unicode>non</Unicode>
                    </TextEquiv>
                    <TextStyle fontFamily="Times New Roman" fontSize="9.0"/>
                </Word>
                <Word id="w_w2aab1c13b2b3b5ac27" language="English" custom="readingOrder {index:4;}">
                    <Coords points="1538,791 1652,791 1652,827 1538,827"/>
                    <TextEquiv>
                        <Unicode>esset</Unicode>
                    </TextEquiv>
                    <TextStyle fontFamily="Times New Roman" fontSize="9.0"/>
                </Word>
                <Word id="w_w2aab1c13b2b3b5ac39" language="English" custom="readingOrder {index:5;}">
                    <Coords points="1671,789 1730,789 1730,827 1671,827"/>
                    <TextEquiv>
                        <Unicode>sic</Unicode>
                    </TextEquiv>
                    <TextStyle fontFamily="Times New Roman" fontSize="9.0"/>
                </Word>
                <Word id="w_w2aab1c13b2b3b5ac47" language="English" custom="readingOrder {index:6;}">
                    <Coords points="1760,789 2001,789 2001,827 1760,827"/>
                    <TextEquiv>
                        <Unicode>necessaria</Unicode>
                    </TextEquiv>
                    <TextStyle fontFamily="Times New Roman" fontSize="9.0"/>
                </Word>
                <Word id="w_w2aab1c13b2b3b5ac69" language="English" custom="readingOrder {index:7;}">
                    <Coords points="2023,799 2097,799 2097,834 2023,834"/>
                    <TextEquiv>
                        <Unicode>pro</Unicode>
                    </TextEquiv>
                    <TextStyle fontFamily="Times New Roman" fontSize="9.0"/>
                </Word>
                <Word id="w_w2aab1c13b2b3b5ac77" language="English" custom="readingOrder {index:8;}">
                    <Coords points="2120,787 2236,787 2236,827 2120,827"/>
                    <TextEquiv>
                        <Unicode>omni</Unicode>
                    </TextEquiv>
                    <TextStyle fontFamily="Times New Roman" fontSize="9.0"/>
                </Word>
                <TextEquiv>
                    <Unicode>tu, quae non esset sic necessaria pro omni necessaria</Unicode>
                </TextEquiv>
            </TextLine>
            <TextLine id="line_1608211184641_710" primaryLanguage="English" custom="readingOrder {index:3;}">
                <Coords points="1228,861 2264,861 2264,914 1228,914"/>
                <Baseline points="1228,900 1352,907 1420,900 1515,902 1627,902 1760,903 1983,902 2067,903 2199,902 2264,897"/>
                <Word id="w_w2aab1c13b2b7b1ab1" language="English" custom="readingOrder {index:0;}">
                    <Coords points="1228,865 1352,865 1352,907 1228,907"/>
                    <TextEquiv>
                        <Unicode>statu,</Unicode>
                    </TextEquiv>
                    <TextStyle fontFamily="Times New Roman" fontSize="9.0"/>
                </Word>
                <Word id="w_w2aab1c13b2b7b1ac15" language="English" custom="readingOrder {index:1;}">
                    <Coords points="1374,864 1420,864 1420,900 1374,900"/>
                    <TextEquiv>
                        <Unicode>ut</Unicode>
                    </TextEquiv>
                    <TextStyle fontFamily="Times New Roman" fontSize="9.0"/>
                </Word>
                <Word id="w_w2aab1c13b2b7b1ac21" language="English" custom="readingOrder {index:2;}">
                    <Coords points="1440,873 1515,873 1515,912 1440,912"/>
                    <TextEquiv>
                        <Unicode>pro</Unicode>
                    </TextEquiv>
                    <TextStyle fontFamily="Times New Roman" fontSize="9.0"/>
                </Word>
                <Word id="w_w2aab1c13b2b7b1ac29" language="English" custom="readingOrder {index:3;}">
                    <Coords points="1546,863 1627,863 1627,902 1546,902"/>
                    <TextEquiv>
                        <Unicode>hoc</Unicode>
                    </TextEquiv>
                    <TextStyle fontFamily="Times New Roman" fontSize="9.0"/>
                </Word>
                <Word id="w_w2aab1c13b2b7b1ac37" language="English" custom="readingOrder {index:4;}">
                    <Coords points="1649,867 1760,867 1760,903 1649,903"/>
                    <TextEquiv>
                        <Unicode>statu</Unicode>
                    </TextEquiv>
                    <TextStyle fontFamily="Times New Roman" fontSize="9.0"/>
                </Word>
                <Word id="w_w2aab1c13b2b7b1ac49" language="English" custom="readingOrder {index:5;}">
                    <Coords points="1791,864 1983,864 1983,903 1791,903"/>
                    <TextEquiv>
                        <Unicode>doctrina</Unicode>
                    </TextEquiv>
                    <TextStyle fontFamily="Times New Roman" fontSize="9.0"/>
                </Word>
                <Word id="w_w2aab1c13b2b7b1ac67" language="English" custom="readingOrder {index:6;}">
                    <Coords points="2014,865 2067,865 2067,903 2014,903"/>
                    <TextEquiv>
                        <Unicode>de</Unicode>
                    </TextEquiv>
                    <TextStyle fontFamily="Times New Roman" fontSize="9.0"/>
                </Word>
                <Word id="w_w2aab1c13b2b7b1ac73" language="English" custom="readingOrder {index:7;}">
                    <Coords points="2095,863 2232,863 2232,912 2095,912"/>
                    <TextEquiv>
                        <Unicode>Bapti-</Unicode>
                    </TextEquiv>
                    <TextStyle fontFamily="Times New Roman" fontSize="9.0"/>
                </Word>
                <TextEquiv>
                    <Unicode>statu, ut pro hoc statu doctrina de Bapti- tu&lt;</Unicode>
                </TextEquiv>
            </TextLine>
            <TextLine id="line_1608211184642_712" primaryLanguage="English" custom="readingOrder {index:4;}">
                <Coords points="1228,937 2264,937 2264,991 1228,991"/>
                <Baseline points="1228,977 1320,977 1408,976 1690,986 1805,979 1904,979 2012,978 2240,967 2264,967"/>
                <Word id="w_w2aab1c13b2c11b1ab1" language="English" custom="readingOrder {index:0;}">
                    <Coords points="1228,949 1320,949 1320,977 1228,977"/>
                    <TextEquiv>
                        <Unicode>smo</Unicode>
                    </TextEquiv>
                    <TextStyle fontFamily="Times New Roman" fontSize="9.0"/>
                </Word>
                <Word id="w_w2aab1c13b2c11b1ab9" language="English" custom="readingOrder {index:1;}">
                    <Coords points="1344,939 1408,939 1408,976 1344,976"/>
                    <TextEquiv>
                        <Unicode>est</Unicode>
                    </TextEquiv>
                    <TextStyle fontFamily="Times New Roman" fontSize="9.0"/>
                </Word>
                <Word id="w_w2aab1c13b2c11b1ac17" language="English" custom="readingOrder {index:2;}">
                    <Coords points="1429,941 1690,941 1690,986 1429,986"/>
                    <TextEquiv>
                        <Unicode>necessaria,</Unicode>
                    </TextEquiv>
                    <TextStyle fontFamily="Times New Roman" fontSize="9.0"/>
                </Word>
                <Word id="w_w2aab1c13b2c11b1ac41" language="English" custom="readingOrder {index:3;}">
                    <Coords points="1713,951 1805,951 1805,990 1713,990"/>
                    <TextEquiv>
                        <Unicode>quae</Unicode>
                    </TextEquiv>
                    <TextStyle fontFamily="Times New Roman" fontSize="9.0"/>
                </Word>
                <Word id="w_w2aab1c13b2c11b1ac51" language="English" custom="readingOrder {index:4;}">
                    <Coords points="1819,951 1904,951 1904,980 1819,980"/>
                    <TextEquiv>
                        <Unicode>non</Unicode>
                    </TextEquiv>
                    <TextStyle fontFamily="Times New Roman" fontSize="9.0"/>
                </Word>
                <Word id="w_w2aab1c13b2c11b1ac59" language="English" custom="readingOrder {index:5;}">
                    <Coords points="1921,942 2012,942 2012,978 1921,978"/>
                    <TextEquiv>
                        <Unicode>erat</Unicode>
                    </TextEquiv>
                    <TextStyle fontFamily="Times New Roman" fontSize="9.0"/>
                </Word>
                <Word id="w_w2aab1c13b2c11b1ac69" language="English" custom="readingOrder {index:6;}">
                    <Coords points="2033,949 2240,949 2240,979 2033,979"/>
                    <TextEquiv>
                        <Unicode>necessa-</Unicode>
                    </TextEquiv>
                    <TextStyle fontFamily="Times New Roman" fontSize="9.0"/>
                </Word>
                <TextEquiv>
                    <Unicode>smo est necessaria, quae non erat necessa- sit ne-</Unicode>
                </TextEquiv>
                <TextStyle fontFamily="Times New Roman" fontSize="9.0"/>
            </TextLine>
            <TextLine id="line_1608211184643_714" primaryLanguage="English" custom="readingOrder {index:5;}">
                <Coords points="1227,1013 2264,1013 2264,1071 1227,1071"/>
                <Baseline points="1227,1058 1288,1059 1378,1058 1492,1057 1643,1054 1822,1054 1909,1054 2091,1053 2152,1054 2264,1054"/>
                <Word id="w_w2aab1c13b2c15b1ab1" language="English" custom="readingOrder {index:0;}">
                    <Coords points="1227,1019 1288,1019 1288,1059 1227,1059"/>
                    <TextEquiv>
                        <Unicode>ria</Unicode>
                    </TextEquiv>
                    <TextStyle fontFamily="Times New Roman" fontSize="9.0"/>
                </Word>
                <Word id="w_w2aab1c13b2c15b1ab9" language="English" custom="readingOrder {index:1;}">
                    <Coords points="1303,1029 1378,1029 1378,1070 1303,1070"/>
                    <TextEquiv>
                        <Unicode>pro</Unicode>
                    </TextEquiv>
                    <TextStyle fontFamily="Times New Roman" fontSize="9.0"/>
                </Word>
                <Word id="w_w2aab1c13b2c15b1ac17" language="English" custom="readingOrder {index:2;}">
                    <Coords points="1393,1019 1492,1019 1492,1070 1393,1070"/>
                    <TextEquiv>
                        <Unicode>lege</Unicode>
                    </TextEquiv>
                    <TextStyle fontFamily="Times New Roman" fontSize="9.0"/>
                </Word>
                <Word id="w_w2aab1c13b2c15b1ac27" language="English" custom="readingOrder {index:3;}">
                    <Coords points="1507,1015 1643,1015 1643,1058 1507,1058"/>
                    <TextEquiv>
                        <Unicode>veteri</Unicode>
                    </TextEquiv>
                    <TextStyle fontFamily="Times New Roman" fontSize="9.0"/>
                </Word>
                <Word id="w_w2aab1c13b2c15b1ac41" language="English" custom="readingOrder {index:4;}">
                    <Coords points="1659,1022 1822,1022 1822,1057 1659,1057"/>
                    <TextEquiv>
                        <Unicode>naturae</Unicode>
                    </TextEquiv>
                    <TextStyle fontFamily="Times New Roman" fontSize="9.0"/>
                </Word>
                <Word id="w_w2aab1c13b2c15b1ac57" language="English" custom="readingOrder {index:5;}">
                    <Coords points="1838,1019 1909,1019 1909,1054 1838,1054"/>
                    <TextEquiv>
                        <Unicode>aut</Unicode>
                    </TextEquiv>
                    <TextStyle fontFamily="Times New Roman" fontSize="9.0"/>
                </Word>
                <Word id="w_w2aab1c13b2c15b1ac65" language="English" custom="readingOrder {index:6;}">
                    <Coords points="1922,1016 2091,1016 2091,1066 1922,1066"/>
                    <TextEquiv>
                        <Unicode>Moysis.</Unicode>
                    </TextEquiv>
                    <TextStyle fontFamily="Times New Roman" fontSize="9.0"/>
                </Word>
                <Word id="w_w2aab1c13b2c15b1ac81" language="English" custom="readingOrder {index:7;}">
                    <Coords points="2121,1014 2243,1014 2243,1063 2121,1063"/>
                    <TextEquiv>
                        <Unicode>Unde</Unicode>
                    </TextEquiv>
                    <TextStyle fontFamily="Times New Roman" fontSize="9.0"/>
                </Word>
                <TextEquiv>
                    <Unicode>ria pro lege veteri naturae aut Moysis. Unde pro altero,</Unicode>
                </TextEquiv>
            </TextLine>
            <TextLine id="tl_67" primaryLanguage="English" custom="readingOrder {index:6;}">
                <Coords points="1231,1091 2240,1091 2240,1147 1231,1147"/>
                <Baseline points="1231,1136 1350,1135 1652,1135 1862,1141 1979,1130 2240,1130"/>
                <Word id="w_w2aab1c13b2c15b3ab1" language="English" custom="readingOrder {index:0;}">
                    <Coords points="1231,1097 1350,1097 1350,1137 1231,1137"/>
                    <TextEquiv>
                        <Unicode>tertio</Unicode>
                    </TextEquiv>
                    <TextStyle fontFamily="Times New Roman" fontSize="9.0"/>
                </Word>
                <Word id="w_w2aab1c13b2c15b3ac15" language="English" custom="readingOrder {index:1;}">
                    <Coords points="1398,1095 1652,1095 1652,1146 1398,1146"/>
                    <TextEquiv>
                        <Unicode>responderi</Unicode>
                    </TextEquiv>
                    <TextStyle fontFamily="Times New Roman" fontSize="9.0"/>
                </Word>
                <Word id="w_w2aab1c13b2c15b3ac37" language="English" custom="readingOrder {index:2;}">
                    <Coords points="1703,1096 1862,1096 1862,1144 1703,1144"/>
                    <TextEquiv>
                        <Unicode>potest,</Unicode>
                    </TextEquiv>
                    <TextStyle fontFamily="Times New Roman" fontSize="9.0"/>
                </Word>
                <Word id="w_w2aab1c13b2c15b3ac53" language="English" custom="readingOrder {index:3;}">
                    <Coords points="1913,1091 1979,1091 1979,1131 1913,1131"/>
                    <TextEquiv>
                        <Unicode>vel</Unicode>
                    </TextEquiv>
                    <TextStyle fontFamily="Times New Roman" fontSize="9.0"/>
                </Word>
                <Word id="w_w2aab1c13b2c15b3ac61" language="English" custom="readingOrder {index:4;}">
                    <Coords points="2036,1091 2240,1091 2240,1142 2036,1142"/>
                    <TextEquiv>
                        <Unicode>negando</Unicode>
                    </TextEquiv>
                    <TextStyle fontFamily="Times New Roman" fontSize="9.0"/>
                </Word>
                <TextEquiv>
                    <Unicode>tertio responderi potest, vel negando</Unicode>
                </TextEquiv>
                <TextStyle fontFamily="Times New Roman" fontSize="9.0"/>
            </TextLine>
            <TextLine id="tl_68" primaryLanguage="English" custom="readingOrder {index:7;}">
                <Coords points="1230,1168 2242,1168 2242,1226 1230,1226"/>
                <Baseline points="1230,1212 1437,1211 1554,1211 1689,1210 2036,1208 2207,1206 2242,1205"/>
                <Word id="w_w2aab1c13b2c15b5ab1" language="English" custom="readingOrder {index:0;}">
                    <Coords points="1230,1175 1437,1175 1437,1226 1230,1226"/>
                    <TextEquiv>
                        <Unicode>majorem</Unicode>
                    </TextEquiv>
                    <TextStyle fontFamily="Times New Roman" fontSize="9.0"/>
                </Word>
                <Word id="w_w2aab1c13b2c15b5ac17" language="English" custom="readingOrder {index:1;}">
                    <Coords points="1488,1173 1554,1173 1554,1213 1488,1213"/>
                    <TextEquiv>
                        <Unicode>vel</Unicode>
                    </TextEquiv>
                    <TextStyle fontFamily="Times New Roman" fontSize="9.0"/>
                </Word>
                <Word id="w_w2aab1c13b2c15b5ac25" language="English" custom="readingOrder {index:2;}">
                    <Coords points="1593,1183 1689,1183 1689,1212 1593,1212"/>
                    <TextEquiv>
                        <Unicode>eam</Unicode>
                    </TextEquiv>
                    <TextStyle fontFamily="Times New Roman" fontSize="9.0"/>
                </Word>
                <Word id="w_w2aab1c13b2c15b5ac33" language="English" custom="readingOrder {index:3;}">
                    <Coords points="1727,1169 2036,1169 2036,1221 1727,1221"/>
                    <TextEquiv>
                        <Unicode>distinguendo</Unicode>
                    </TextEquiv>
                    <TextStyle fontFamily="Times New Roman" fontSize="9.0"/>
                </Word>
                <Word id="w_w2aab1c13b2c15b5ac59" language="English" custom="readingOrder {index:4;}">
                    <Coords points="2086,1168 2207,1168 2207,1208 2086,1208"/>
                    <TextEquiv>
                        <Unicode>aliter</Unicode>
                    </TextEquiv>
                    <TextStyle fontFamily="Times New Roman" fontSize="9.0"/>
                </Word>
                <Word id="w_w2aab1c13b2c15b5ac73" language="English" custom="readingOrder {index:5;}">
                    <Coords points="2234,1179 2242,1179 2242,1205 2234,1205"/>
                    <TextEquiv>
                        <Unicode>:</Unicode>
                    </TextEquiv>
                    <TextStyle fontFamily="Times New Roman" fontSize="9.0"/>
                </Word>
                <TextEquiv>
                    <Unicode>majorem vel eam distinguendo aliter :</Unicode>
                </TextEquiv>
                <TextStyle fontFamily="Times New Roman" fontSize="9.0"/>
            </TextLine>
            <TextLine id="tl_69" primaryLanguage="English" custom="readingOrder {index:8;}">
                <Coords points="1229,1243 2241,1243 2241,1299 1229,1299"/>
                <Baseline points="1230,1288 1430,1288 1717,1286 1999,1284 2096,1282 2241,1280"/>
                <Word id="w_w2aab1c13b2c17b1ab1" language="English" custom="readingOrder {index:0;}">
                    <Coords points="1230,1250 1430,1250 1430,1289 1230,1289"/>
                    <TextEquiv>
                        <Unicode>Doctrina</Unicode>
                    </TextEquiv>
                    <TextStyle fontFamily="Times New Roman" fontSize="9.0"/>
                </Word>
                <Word id="w_w2aab1c13b2c17b1ac19" language="English" custom="readingOrder {index:1;}">
                    <Coords points="1468,1247 1717,1247 1717,1298 1468,1298"/>
                    <TextEquiv>
                        <Unicode>simpliciter</Unicode>
                    </TextEquiv>
                    <TextStyle fontFamily="Times New Roman" fontSize="9.0"/>
                </Word>
                <Word id="w_w2aab1c13b2c17b1ac43" language="English" custom="readingOrder {index:2;}">
                    <Coords points="1754,1245 1999,1245 1999,1286 1754,1286"/>
                    <TextEquiv>
                        <Unicode>necessaria</Unicode>
                    </TextEquiv>
                    <TextStyle fontFamily="Times New Roman" fontSize="9.0"/>
                </Word>
                <Word id="w_w2aab1c13b2c17b1ac65" language="English" custom="readingOrder {index:3;}">
                    <Coords points="2021,1255 2096,1255 2096,1294 2021,1294"/>
                    <TextEquiv>
                        <Unicode>pro</Unicode>
                    </TextEquiv>
                    <TextStyle fontFamily="Times New Roman" fontSize="9.0"/>
                </Word>
                <Word id="w_w2aab1c13b2c17b1ac73" language="English" custom="readingOrder {index:4;}">
                    <Coords points="2126,1243 2241,1243 2241,1281 2126,1281"/>
                    <TextEquiv>
                        <Unicode>omni</Unicode>
                    </TextEquiv>
                    <TextStyle fontFamily="Times New Roman" fontSize="9.0"/>
                </Word>
                <TextEquiv>
                    <Unicode>Doctrina simpliciter necessaria pro omni</Unicode>
                </TextEquiv>
                <TextStyle fontFamily="Times New Roman" fontSize="9.0"/>
            </TextLine>
            <TextLine id="tl_70" primaryLanguage="English" custom="readingOrder {index:9;}">
                <Coords points="1231,1320 2237,1320 2237,1375 1231,1375"/>
                <Baseline points="1231,1366 1360,1372 1614,1371 1724,1362 1907,1360 2237,1357"/>
                <Word id="w_w2aab1c13b2c17b3ab1" language="English" custom="readingOrder {index:0;}">
                    <Coords points="1231,1330 1360,1330 1360,1372 1231,1372"/>
                    <TextEquiv>
                        <Unicode>statu,</Unicode>
                    </TextEquiv>
                    <TextStyle fontFamily="Times New Roman" fontSize="9.0"/>
                </Word>
                <Word id="w_w2aab1c13b2c17b3ac15" language="English" custom="readingOrder {index:1;}">
                    <Coords points="1401,1328 1614,1328 1614,1371 1401,1371"/>
                    <TextEquiv>
                        <Unicode>transeat;</Unicode>
                    </TextEquiv>
                    <TextStyle fontFamily="Times New Roman" fontSize="9.0"/>
                </Word>
                <Word id="w_w2aab1c13b2c17b3ac35" language="English" custom="readingOrder {index:2;}">
                    <Coords points="1648,1335 1724,1335 1724,1374 1648,1374"/>
                    <TextEquiv>
                        <Unicode>pro</Unicode>
                    </TextEquiv>
                    <TextStyle fontFamily="Times New Roman" fontSize="9.0"/>
                </Word>
                <Word id="w_w2aab1c13b2c17b3ac43" language="English" custom="readingOrder {index:3;}">
                    <Coords points="1765,1323 1907,1323 1907,1372 1765,1372"/>
                    <TextEquiv>
                        <Unicode>aliquo</Unicode>
                    </TextEquiv>
                    <TextStyle fontFamily="Times New Roman" fontSize="9.0"/>
                </Word>
                <Word id="w_w2aab1c13b2c17b3ac57" language="English" custom="readingOrder {index:4;}">
                    <Coords points="1950,1320 2237,1320 2237,1360 1950,1360"/>
                    <TextEquiv>
                        <Unicode>determinato</Unicode>
                    </TextEquiv>
                    <TextStyle fontFamily="Times New Roman" fontSize="9.0"/>
                </Word>
                <TextEquiv>
                    <Unicode>statu, transeat; pro aliquo determinato</Unicode>
                </TextEquiv>
                <TextStyle fontFamily="Times New Roman" fontSize="9.0"/>
            </TextLine>
            <TextLine id="tl_71" primaryLanguage="English" custom="readingOrder {index:10;}">
                <Coords points="1231,1398 2244,1398 2244,1457 1231,1457"/>
                <Baseline points="1231,1444 1358,1451 1492,1443 1757,1451 1836,1440 2060,1438 2244,1425"/>
                <Word id="w_w2aab1c13b2c17b5ab1" language="English" custom="readingOrder {index:0;}">
                    <Coords points="1231,1409 1358,1409 1358,1451 1231,1451"/>
                    <TextEquiv>
                        <Unicode>statu,</Unicode>
                    </TextEquiv>
                    <TextStyle fontFamily="Times New Roman" fontSize="9.0"/>
                </Word>
                <Word id="w_w2aab1c13b2c17b5ac15" language="English" custom="readingOrder {index:1;}">
                    <Coords points="1379,1415 1492,1415 1492,1456 1379,1456"/>
                    <TextEquiv>
                        <Unicode>nego</Unicode>
                    </TextEquiv>
                    <TextStyle fontFamily="Times New Roman" fontSize="9.0"/>
                </Word>
                <Word id="w_w2aab1c13b2c17b5ac25" language="English" custom="readingOrder {index:2;}">
                    <Coords points="1532,1404 1757,1404 1757,1456 1532,1456"/>
                    <TextEquiv>
                        <Unicode>majorem,</Unicode>
                    </TextEquiv>
                    <TextStyle fontFamily="Times New Roman" fontSize="9.0"/>
                </Word>
                <Word id="w_w2aab1c13b2c17b5ac43" language="English" custom="readingOrder {index:3;}">
                    <Coords points="1793,1405 1836,1405 1836,1441 1793,1441"/>
                    <TextEquiv>
                        <Unicode>et</Unicode>
                    </TextEquiv>
                    <TextStyle fontFamily="Times New Roman" fontSize="9.0"/>
                </Word>
                <Word id="w_w2aab1c13b2c17b5ac49" language="English" custom="readingOrder {index:4;}">
                    <Coords points="1866,1400 2060,1400 2060,1441 1866,1441"/>
                    <TextEquiv>
                        <Unicode>similiter</Unicode>
                    </TextEquiv>
                    <TextStyle fontFamily="Times New Roman" fontSize="9.0"/>
                </Word>
                <Word id="w_w2aab1c13b2c17b5ac69" language="English" custom="readingOrder {index:5;}">
                    <Coords points="2097,1398 2244,1398 2244,1438 2097,1438"/>
                    <TextEquiv>
                        <Unicode>distin¬</Unicode>
                    </TextEquiv>
                    <TextStyle fontFamily="Times New Roman" fontSize="9.0"/>
                </Word>
                <TextEquiv>
                    <Unicode>statu, nego majorem, et similiter distin¬</Unicode>
                </TextEquiv>
                <TextStyle fontFamily="Times New Roman" fontSize="9.0"/>
            </TextLine>
            <TextLine id="tl_72" primaryLanguage="English" custom="readingOrder {index:11;}">
                <Coords points="1231,1472 2244,1472 2244,1534 1231,1534"/>
                <Baseline points="1231,1534 1405,1520 1720,1526 1842,1518 2080,1513 2244,1512"/>
                <Word id="w_w2aab1c13b2c17b7ab1" language="English" custom="readingOrder {index:0;}">
                    <Coords points="1231,1481 1405,1481 1405,1534 1231,1534"/>
                    <TextEquiv>
                        <Unicode>guendo</Unicode>
                    </TextEquiv>
                    <TextStyle fontFamily="Times New Roman" fontSize="9.0"/>
                </Word>
                <Word id="w_w2aab1c13b2c17b7ac15" language="English" custom="readingOrder {index:1;}">
                    <Coords points="1429,1491 1720,1491 1720,1530 1429,1530"/>
                    <TextEquiv>
                        <Unicode>consequens;</Unicode>
                    </TextEquiv>
                    <TextStyle fontFamily="Times New Roman" fontSize="9.0"/>
                </Word>
                <Word id="w_w2aab1c13b2c17b7ac39" language="English" custom="readingOrder {index:2;}">
                    <Coords points="1740,1488 1842,1488 1842,1528 1740,1528"/>
                    <TextEquiv>
                        <Unicode>ergo</Unicode>
                    </TextEquiv>
                    <TextStyle fontFamily="Times New Roman" fontSize="9.0"/>
                </Word>
                <Word id="w_w2aab1c13b2c17b7ac49" language="English" custom="readingOrder {index:3;}">
                    <Coords points="1864,1477 2080,1477 2080,1525 1864,1525"/>
                    <TextEquiv>
                        <Unicode>Scriptura</Unicode>
                    </TextEquiv>
                    <TextStyle fontFamily="Times New Roman" fontSize="9.0"/>
                </Word>
                <Word id="w_w2aab1c13b2c17b7ac69" language="English" custom="readingOrder {index:4;}">
                    <Coords points="2101,1472 2244,1472 2244,1525 2101,1525"/>
                    <TextEquiv>
                        <Unicode>quoad</Unicode>
                    </TextEquiv>
                    <TextStyle fontFamily="Times New Roman" fontSize="9.0"/>
                </Word>
                <TextEquiv>
                    <Unicode>guendo consequens; ergo Scriptura quoad</Unicode>
                </TextEquiv>
                <TextStyle fontFamily="Times New Roman" fontSize="9.0"/>
            </TextLine>
            <TextLine id="tl_73" primaryLanguage="English" custom="readingOrder {index:12;}">
                <Coords points="1232,1550 2241,1550 2241,1605 1232,1605"/>
                <Baseline points="1232,1598 1464,1596 1574,1595 1784,1593 1848,1593 1975,1591 2133,1588 2241,1589"/>
                <Word id="w_w2aab1c13b2c17b9ab1" language="English" custom="readingOrder {index:0;}">
                    <Coords points="1232,1557 1464,1557 1464,1598 1232,1598"/>
                    <TextEquiv>
                        <Unicode>doctrinam</Unicode>
                    </TextEquiv>
                    <TextStyle fontFamily="Times New Roman" fontSize="9.0"/>
                </Word>
                <Word id="w_w2aab1c13b2c17b9ac21" language="English" custom="readingOrder {index:1;}">
                    <Coords points="1487,1567 1574,1567 1574,1596 1487,1596"/>
                    <TextEquiv>
                        <Unicode>non</Unicode>
                    </TextEquiv>
                    <TextStyle fontFamily="Times New Roman" fontSize="9.0"/>
                </Word>
                <Word id="w_w2aab1c13b2c17b9ac29" language="English" custom="readingOrder {index:2;}">
                    <Coords points="1595,1556 1784,1556 1784,1595 1595,1595"/>
                    <TextEquiv>
                        <Unicode>habitam</Unicode>
                    </TextEquiv>
                    <TextStyle fontFamily="Times New Roman" fontSize="9.0"/>
                </Word>
                <Word id="w_w2aab1c13b2c17b9ac45" language="English" custom="readingOrder {index:3;}">
                    <Coords points="1804,1556 1848,1556 1848,1594 1804,1594"/>
                    <TextEquiv>
                        <Unicode>in</Unicode>
                    </TextEquiv>
                    <TextStyle fontFamily="Times New Roman" fontSize="9.0"/>
                </Word>
                <Word id="w_w2aab1c13b2c17b9ac51" language="English" custom="readingOrder {index:4;}">
                    <Coords points="1875,1554 1975,1554 1975,1603 1875,1603"/>
                    <TextEquiv>
                        <Unicode>lege</Unicode>
                    </TextEquiv>
                    <TextStyle fontFamily="Times New Roman" fontSize="9.0"/>
                </Word>
                <Word id="w_w2aab1c13b2c17b9ac61" language="English" custom="readingOrder {index:5;}">
                    <Coords points="1995,1550 2133,1550 2133,1591 1995,1591"/>
                    <TextEquiv>
                        <Unicode>veteri</Unicode>
                    </TextEquiv>
                    <TextStyle fontFamily="Times New Roman" fontSize="9.0"/>
                </Word>
                <Word id="w_w2aab1c13b2c17b9ac75" language="English" custom="readingOrder {index:6;}">
                    <Coords points="2154,1561 2241,1561 2241,1589 2154,1589"/>
                    <TextEquiv>
                        <Unicode>non</Unicode>
                    </TextEquiv>
                    <TextStyle fontFamily="Times New Roman" fontSize="9.0"/>
                </Word>
                <TextEquiv>
                    <Unicode>doctrinam non habitam in lege veteri non</Unicode>
                </TextEquiv>
                <TextStyle fontFamily="Times New Roman" fontSize="9.0"/>
            </TextLine>
            <TextLine id="tl_74" primaryLanguage="English" custom="readingOrder {index:13;}">
                <Coords points="1232,1627 2238,1627 2238,1683 1232,1683"/>
                <Baseline points="1232,1675 1298,1674 1571,1672 1845,1667 1939,1667 2083,1665 2238,1672"/>
                <Word id="w_w2aab1c13b2c17c11ab1" language="English" custom="readingOrder {index:0;}">
                    <Coords points="1232,1638 1298,1638 1298,1675 1232,1675"/>
                    <TextEquiv>
                        <Unicode>est</Unicode>
                    </TextEquiv>
                    <TextStyle fontFamily="Times New Roman" fontSize="9.0"/>
                </Word>
                <Word id="w_w2aab1c13b2c17c11ab9" language="English" custom="readingOrder {index:1;}">
                    <Coords points="1323,1635 1571,1635 1571,1674 1323,1674"/>
                    <TextEquiv>
                        <Unicode>necessaria</Unicode>
                    </TextEquiv>
                    <TextStyle fontFamily="Times New Roman" fontSize="9.0"/>
                </Word>
                <Word id="w_w2aab1c13b2c17c11ac31" language="English" custom="readingOrder {index:2;}">
                    <Coords points="1592,1632 1845,1632 1845,1682 1592,1682"/>
                    <TextEquiv>
                        <Unicode>simpliciter</Unicode>
                    </TextEquiv>
                    <TextStyle fontFamily="Times New Roman" fontSize="9.0"/>
                </Word>
                <Word id="w_w2aab1c13b2c17c11ac55" language="English" custom="readingOrder {index:3;}">
                    <Coords points="1864,1640 1939,1640 1939,1679 1864,1679"/>
                    <TextEquiv>
                        <Unicode>pro</Unicode>
                    </TextEquiv>
                    <TextStyle fontFamily="Times New Roman" fontSize="9.0"/>
                </Word>
                <Word id="w_w2aab1c13b2c17c11ac63" language="English" custom="readingOrder {index:4;}">
                    <Coords points="1969,1627 2083,1627 2083,1667 1969,1667"/>
                    <TextEquiv>
                        <Unicode>omni</Unicode>
                    </TextEquiv>
                    <TextStyle fontFamily="Times New Roman" fontSize="9.0"/>
                </Word>
                <Word id="w_w2aab1c13b2c17c11ac73" language="English" custom="readingOrder {index:5;}">
                    <Coords points="2112,1629 2238,1629 2238,1672 2112,1672"/>
                    <TextEquiv>
                        <Unicode>statu,</Unicode>
                    </TextEquiv>
                    <TextStyle fontFamily="Times New Roman" fontSize="9.0"/>
                </Word>
                <TextEquiv>
                    <Unicode>est necessaria simpliciter pro omni statu,</Unicode>
                </TextEquiv>
                <TextStyle fontFamily="Times New Roman" fontSize="9.0"/>
            </TextLine>
            <TextLine id="tl_75" primaryLanguage="English" custom="readingOrder {index:14;}">
                <Coords points="1231,1701 2245,1701 2245,1759 1231,1759"/>
                <Baseline points="1231,1749 1425,1748 1807,1744 1837,1752 1934,1743 2065,1742 2245,1748"/>
                <Word id="w_w2aab1c13b2c17c13ab1" language="English" custom="readingOrder {index:0;}">
                    <Coords points="1231,1709 1425,1709 1425,1750 1231,1750"/>
                    <TextEquiv>
                        <Unicode>concedo</Unicode>
                    </TextEquiv>
                    <TextStyle fontFamily="Times New Roman" fontSize="9.0"/>
                </Word>
                <Word id="w_w2aab1c13b2c17c13ac17" language="English" custom="readingOrder {index:1;}">
                    <Coords points="1448,1707 1807,1707 1807,1758 1448,1758"/>
                    <TextEquiv>
                        <Unicode>consequentiam</Unicode>
                    </TextEquiv>
                    <TextStyle fontFamily="Times New Roman" fontSize="9.0"/>
                </Word>
                <Word id="w_w2aab1c13b2c17c13ac45" language="English" custom="readingOrder {index:2;}">
                    <Coords points="1826,1717 1837,1717 1837,1752 1826,1752"/>
                    <TextEquiv>
                        <Unicode>;</Unicode>
                    </TextEquiv>
                    <TextStyle fontFamily="Times New Roman" fontSize="9.0"/>
                </Word>
                <Word id="w_w2aab1c13b2c17c13ac49" language="English" custom="readingOrder {index:3;}">
                    <Coords points="1857,1715 1934,1715 1934,1754 1857,1754"/>
                    <TextEquiv>
                        <Unicode>pro</Unicode>
                    </TextEquiv>
                    <TextStyle fontFamily="Times New Roman" fontSize="9.0"/>
                </Word>
                <Word id="w_w2aab1c13b2c17c13ac57" language="English" custom="readingOrder {index:4;}">
                    <Coords points="1965,1704 2065,1704 2065,1754 1965,1754"/>
                    <TextEquiv>
                        <Unicode>lege</Unicode>
                    </TextEquiv>
                    <TextStyle fontFamily="Times New Roman" fontSize="9.0"/>
                </Word>
                <Word id="w_w2aab1c13b2c17c13ac67" language="English" custom="readingOrder {index:5;}">
                    <Coords points="2085,1701 2245,1701 2245,1753 2085,1753"/>
                    <TextEquiv>
                        <Unicode>gratiae,</Unicode>
                    </TextEquiv>
                    <TextStyle fontFamily="Times New Roman" fontSize="9.0"/>
                </Word>
                <TextEquiv>
                    <Unicode>concedo consequentiam ; pro lege gratiae,</Unicode>
                </TextEquiv>
                <TextStyle fontFamily="Times New Roman" fontSize="9.0"/>
            </TextLine>
            <TextLine id="tl_76" primaryLanguage="English" custom="readingOrder {index:15;}">
                <Coords points="1232,1780 2246,1780 2246,1838 1232,1838"/>
                <Baseline points="1232,1826 1345,1825 1738,1822 1982,1818 2153,1816 2246,1815"/>
                <Word id="w_w2aab1c13b2c17c15ab1" language="English" custom="readingOrder {index:0;}">
                    <Coords points="1232,1797 1345,1797 1345,1838 1232,1838"/>
                    <TextEquiv>
                        <Unicode>nego</Unicode>
                    </TextEquiv>
                    <TextStyle fontFamily="Times New Roman" fontSize="9.0"/>
                </Word>
                <Word id="w_w2aab1c13b2c17c15ac11" language="English" custom="readingOrder {index:1;}">
                    <Coords points="1368,1785 1738,1785 1738,1835 1368,1835"/>
                    <TextEquiv>
                        <Unicode>consequentiam.</Unicode>
                    </TextEquiv>
                    <TextStyle fontFamily="Times New Roman" fontSize="9.0"/>
                </Word>
                <Word id="w_w2aab1c13b2c17c15ac41" language="English" custom="readingOrder {index:2;}">
                    <Coords points="1770,1780 1982,1780 1982,1831 1770,1831"/>
                    <TextEquiv>
                        <Unicode>Quaerenti</Unicode>
                    </TextEquiv>
                    <TextStyle fontFamily="Times New Roman" fontSize="9.0"/>
                </Word>
                <Word id="w_w2aab1c13b2c17c15ac61" language="English" custom="readingOrder {index:3;}">
                    <Coords points="2011,1783 2153,1783 2153,1818 2011,1818"/>
                    <TextEquiv>
                        <Unicode>autem</Unicode>
                    </TextEquiv>
                    <TextStyle fontFamily="Times New Roman" fontSize="9.0"/>
                </Word>
                <Word id="w_w2aab1c13b2c17c15ac73" language="English" custom="readingOrder {index:4;}">
                    <Coords points="2172,1788 2246,1788 2246,1817 2172,1817"/>
                    <TextEquiv>
                        <Unicode>cur</Unicode>
                    </TextEquiv>
                    <TextStyle fontFamily="Times New Roman" fontSize="9.0"/>
                </Word>
                <TextEquiv>
                    <Unicode>nego consequentiam. Quaerenti autem cur</Unicode>
                </TextEquiv>
                <TextStyle fontFamily="Times New Roman" fontSize="9.0"/>
            </TextLine>
            <TextLine id="tl_77" primaryLanguage="English" custom="readingOrder {index:16;}">
                <Coords points="1234,1855 2248,1855 2248,1910 1234,1910"/>
                <Baseline points="1234,1902 1428,1900 1530,1899 1783,1897 1878,1895 1984,1894 2098,1893 2248,1892"/>
                <Word id="w_w2aab1c13b2c17c17ab1" language="English" custom="readingOrder {index:0;}">
                    <Coords points="1234,1861 1428,1861 1428,1902 1234,1902"/>
                    <TextEquiv>
                        <Unicode>doctrina</Unicode>
                    </TextEquiv>
                    <TextStyle fontFamily="Times New Roman" fontSize="9.0"/>
                </Word>
                <Word id="w_w2aab1c13b2c17c17ac19" language="English" custom="readingOrder {index:1;}">
                    <Coords points="1476,1860 1530,1860 1530,1899 1476,1899"/>
                    <TextEquiv>
                        <Unicode>de</Unicode>
                    </TextEquiv>
                    <TextStyle fontFamily="Times New Roman" fontSize="9.0"/>
                </Word>
                <Word id="w_w2aab1c13b2c17c17ac25" language="English" custom="readingOrder {index:2;}">
                    <Coords points="1568,1859 1783,1859 1783,1909 1568,1909"/>
                    <TextEquiv>
                        <Unicode>Baptismo</Unicode>
                    </TextEquiv>
                    <TextStyle fontFamily="Times New Roman" fontSize="9.0"/>
                </Word>
                <Word id="w_w2aab1c13b2c17c17ac43" language="English" custom="readingOrder {index:3;}">
                    <Coords points="1824,1858 1878,1858 1878,1896 1824,1896"/>
                    <TextEquiv>
                        <Unicode>sit</Unicode>
                    </TextEquiv>
                    <TextStyle fontFamily="Times New Roman" fontSize="9.0"/>
                </Word>
                <Word id="w_w2aab1c13b2c17c17ac51" language="English" custom="readingOrder {index:4;}">
                    <Coords points="1908,1867 1984,1867 1984,1906 1908,1906"/>
                    <TextEquiv>
                        <Unicode>pro</Unicode>
                    </TextEquiv>
                    <TextStyle fontFamily="Times New Roman" fontSize="9.0"/>
                </Word>
                <Word id="w_w2aab1c13b2c17c17ac59" language="English" custom="readingOrder {index:5;}">
                    <Coords points="2015,1855 2098,1855 2098,1894 2015,1894"/>
                    <TextEquiv>
                        <Unicode>hoc</Unicode>
                    </TextEquiv>
                    <TextStyle fontFamily="Times New Roman" fontSize="9.0"/>
                </Word>
                <Word id="w_w2aab1c13b2c17c17ac67" language="English" custom="readingOrder {index:6;}">
                    <Coords points="2135,1857 2248,1857 2248,1893 2135,1893"/>
                    <TextEquiv>
                        <Unicode>statu</Unicode>
                    </TextEquiv>
                    <TextStyle fontFamily="Times New Roman" fontSize="9.0"/>
                </Word>
                <TextEquiv>
                    <Unicode>doctrina de Baptismo sit pro hoc statu</Unicode>
                </TextEquiv>
                <TextStyle fontFamily="Times New Roman" fontSize="9.0"/>
            </TextLine>
            <TextLine id="tl_78" primaryLanguage="English" custom="readingOrder {index:17;}">
                <Coords points="1232,1931 2242,1931 2242,1987 1232,1987"/>
                <Baseline points="1232,1978 1492,1986 1608,1975 1742,1976 1858,1973 1988,1971 2204,1970 2242,1968"/>
                <Word id="w_w2aab1c13b2c17c19ab1" language="English" custom="readingOrder {index:0;}">
                    <Coords points="1232,1939 1492,1939 1492,1986 1232,1986"/>
                    <TextEquiv>
                        <Unicode>necessaria,</Unicode>
                    </TextEquiv>
                    <TextStyle fontFamily="Times New Roman" fontSize="9.0"/>
                </Word>
                <Word id="w_w2aab1c13b2c17c19ac25" language="English" custom="readingOrder {index:1;}">
                    <Coords points="1522,1947 1608,1947 1608,1977 1522,1977"/>
                    <TextEquiv>
                        <Unicode>non</Unicode>
                    </TextEquiv>
                    <TextStyle fontFamily="Times New Roman" fontSize="9.0"/>
                </Word>
                <Word id="w_w2aab1c13b2c17c19ac33" language="English" custom="readingOrder {index:2;}">
                    <Coords points="1641,1947 1742,1947 1742,1976 1641,1976"/>
                    <TextEquiv>
                        <Unicode>vero</Unicode>
                    </TextEquiv>
                    <TextStyle fontFamily="Times New Roman" fontSize="9.0"/>
                </Word>
                <Word id="w_w2aab1c13b2c17c19ac43" language="English" custom="readingOrder {index:3;}">
                    <Coords points="1784,1945 1858,1945 1858,1985 1784,1985"/>
                    <TextEquiv>
                        <Unicode>pro</Unicode>
                    </TextEquiv>
                    <TextStyle fontFamily="Times New Roman" fontSize="9.0"/>
                </Word>
                <Word id="w_w2aab1c13b2c17c19ac51" language="English" custom="readingOrder {index:4;}">
                    <Coords points="1889,1934 1988,1934 1988,1983 1889,1983"/>
                    <TextEquiv>
                        <Unicode>lege</Unicode>
                    </TextEquiv>
                    <TextStyle fontFamily="Times New Roman" fontSize="9.0"/>
                </Word>
                <Word id="w_w2aab1c13b2c17c19ac61" language="English" custom="readingOrder {index:5;}">
                    <Coords points="2025,1931 2204,1931 2204,1981 2025,1981"/>
                    <TextEquiv>
                        <Unicode>antiqua</Unicode>
                    </TextEquiv>
                    <TextStyle fontFamily="Times New Roman" fontSize="9.0"/>
                </Word>
                <Word id="w_w2aab1c13b2c17c19ac77" language="English" custom="readingOrder {index:6;}">
                    <Coords points="2225,1932 2242,1932 2242,1968 2225,1968"/>
                    <TextEquiv>
                        <Unicode>?</Unicode>
                    </TextEquiv>
                    <TextStyle fontFamily="Times New Roman" fontSize="9.0"/>
                </Word>
                <TextEquiv>
                    <Unicode>necessaria, non vero pro lege antiqua ?</Unicode>
                </TextEquiv>
                <TextStyle fontFamily="Times New Roman" fontSize="9.0"/>
            </TextLine>
            <TextLine id="tl_79" primaryLanguage="English" custom="readingOrder {index:18;}">
                <Coords points="1233,2008 2244,2008 2244,2064 1233,2064"/>
                <Baseline points="1233,2053 1589,2050 1715,2059 1851,2048 2076,2046 2244,2035"/>
                <Word id="w_w2aab1c13b2c17c21ab1" language="English" custom="readingOrder {index:0;}">
                    <Coords points="1233,2012 1589,2012 1589,2064 1233,2064"/>
                    <TextEquiv>
                        <Unicode>respondendum</Unicode>
                    </TextEquiv>
                    <TextStyle fontFamily="Times New Roman" fontSize="9.0"/>
                </Word>
                <Word id="w_w2aab1c13b2c17c21ac27" language="English" custom="readingOrder {index:1;}">
                    <Coords points="1636,2014 1715,2014 1715,2059 1636,2059"/>
                    <TextEquiv>
                        <Unicode>est,</Unicode>
                    </TextEquiv>
                    <TextStyle fontFamily="Times New Roman" fontSize="9.0"/>
                </Word>
                <Word id="w_w2aab1c13b2c17c21ac37" language="English" custom="readingOrder {index:2;}">
                    <Coords points="1755,2011 1851,2011 1851,2061 1755,2061"/>
                    <TextEquiv>
                        <Unicode>quia</Unicode>
                    </TextEquiv>
                    <TextStyle fontFamily="Times New Roman" fontSize="9.0"/>
                </Word>
                <Word id="w_w2aab1c13b2c17c21ac47" language="English" custom="readingOrder {index:3;}">
                    <Coords points="1891,2010 2076,2010 2076,2059 1891,2059"/>
                    <TextEquiv>
                        <Unicode>ipsemet</Unicode>
                    </TextEquiv>
                    <TextStyle fontFamily="Times New Roman" fontSize="9.0"/>
                </Word>
                <Word id="w_w2aab1c13b2c17c21ac63" language="English" custom="readingOrder {index:4;}">
                    <Coords points="2104,2008 2244,2008 2244,2056 2104,2056"/>
                    <TextEquiv>
                        <Unicode>Bapti¬</Unicode>
                    </TextEquiv>
                    <TextStyle fontFamily="Times New Roman" fontSize="9.0"/>
                </Word>
                <TextEquiv>
                    <Unicode>respondendum est, quia ipsemet Bapti¬</Unicode>
                </TextEquiv>
                <TextStyle fontFamily="Times New Roman" fontSize="9.0"/>
            </TextLine>
            <TextLine id="tl_80" primaryLanguage="English" custom="readingOrder {index:19;}">
                <Coords points="1231,2083 2243,2083 2243,2141 1231,2141"/>
                <Baseline points="1231,2128 1348,2128 1435,2128 1557,2127 1858,2124 1935,2123 2243,2122"/>
                <Word id="w_w2aab1c13b2c17c23ab1" language="English" custom="readingOrder {index:0;}">
                    <Coords points="1231,2101 1348,2101 1348,2129 1231,2129"/>
                    <TextEquiv>
                        <Unicode>smus</Unicode>
                    </TextEquiv>
                    <TextStyle fontFamily="Times New Roman" fontSize="9.0"/>
                </Word>
                <Word id="w_w2aab1c13b2c17c23ac11" language="English" custom="readingOrder {index:1;}">
                    <Coords points="1370,2091 1435,2091 1435,2128 1370,2128"/>
                    <TextEquiv>
                        <Unicode>est</Unicode>
                    </TextEquiv>
                    <TextStyle fontFamily="Times New Roman" fontSize="9.0"/>
                </Word>
                <Word id="w_w2aab1c13b2c17c23ac19" language="English" custom="readingOrder {index:2;}">
                    <Coords points="1466,2089 1557,2089 1557,2140 1466,2140"/>
                    <TextEquiv>
                        <Unicode>jam</Unicode>
                    </TextEquiv>
                    <TextStyle fontFamily="Times New Roman" fontSize="9.0"/>
                </Word>
                <Word id="w_w2aab1c13b2c17c23ac27" language="English" custom="readingOrder {index:3;}">
                    <Coords points="1587,2087 1858,2087 1858,2127 1587,2127"/>
                    <TextEquiv>
                        <Unicode>necessarius</Unicode>
                    </TextEquiv>
                    <TextStyle fontFamily="Times New Roman" fontSize="9.0"/>
                </Word>
                <Word id="w_w2aab1c13b2c17c23ac51" language="English" custom="readingOrder {index:4;}">
                    <Coords points="1881,2096 1935,2096 1935,2124 1881,2124"/>
                    <TextEquiv>
                        <Unicode>ex</Unicode>
                    </TextEquiv>
                    <TextStyle fontFamily="Times New Roman" fontSize="9.0"/>
                </Word>
                <Word id="w_w2aab1c13b2c17c23ac57" language="English" custom="readingOrder {index:5;}">
                    <Coords points="1973,2083 2243,2083 2243,2124 1973,2124"/>
                    <TextEquiv>
                        <Unicode>ordinatione</Unicode>
                    </TextEquiv>
                    <TextStyle fontFamily="Times New Roman" fontSize="9.0"/>
                </Word>
                <TextEquiv>
                    <Unicode>smus est jam necessarius ex ordinatione</Unicode>
                </TextEquiv>
                <TextStyle fontFamily="Times New Roman" fontSize="9.0"/>
            </TextLine>
            <TextLine id="tl_81" primaryLanguage="English" custom="readingOrder {index:20;}">
                <Coords points="1234,2159 2246,2159 2246,2216 1234,2216"/>
                <Baseline points="1234,2216 1477,2204 1568,2202 1632,2203 1838,2202 1864,2207 1934,2199 2126,2197 2246,2188"/>
                <Word id="w_w2aab1c13b2c17c25ab1" language="English" custom="readingOrder {index:0;}">
                    <Coords points="1234,2165 1477,2165 1477,2216 1234,2216"/>
                    <TextEquiv>
                        <Unicode>particulari</Unicode>
                    </TextEquiv>
                    <TextStyle fontFamily="Times New Roman" fontSize="9.0"/>
                </Word>
                <Word id="w_w2aab1c13b2c17c25ac25" language="English" custom="readingOrder {index:1;}">
                    <Coords points="1493,2163 1568,2163 1568,2202 1493,2202"/>
                    <TextEquiv>
                        <Unicode>Dei</Unicode>
                    </TextEquiv>
                    <TextStyle fontFamily="Times New Roman" fontSize="9.0"/>
                </Word>
                <Word id="w_w2aab1c13b2c17c25ac33" language="English" custom="readingOrder {index:2;}">
                    <Coords points="1588,2163 1632,2163 1632,2203 1588,2203"/>
                    <TextEquiv>
                        <Unicode>id</Unicode>
                    </TextEquiv>
                    <TextStyle fontFamily="Times New Roman" fontSize="9.0"/>
                </Word>
                <Word id="w_w2aab1c13b2c17c25ac39" language="English" custom="readingOrder {index:3;}">
                    <Coords points="1652,2162 1838,2162 1838,2202 1652,2202"/>
                    <TextEquiv>
                        <Unicode>volentis</Unicode>
                    </TextEquiv>
                    <TextStyle fontFamily="Times New Roman" fontSize="9.0"/>
                </Word>
                <Word id="w_w2aab1c13b2c17c25ac57" language="English" custom="readingOrder {index:4;}">
                    <Coords points="1856,2172 1864,2172 1864,2207 1856,2207"/>
                    <TextEquiv>
                        <Unicode>;</Unicode>
                    </TextEquiv>
                    <TextStyle fontFamily="Times New Roman" fontSize="9.0"/>
                </Word>
                <Word id="w_w2aab1c13b2c17c25ac61" language="English" custom="readingOrder {index:5;}">
                    <Coords points="1892,2164 1934,2164 1934,2199 1892,2199"/>
                    <TextEquiv>
                        <Unicode>et</Unicode>
                    </TextEquiv>
                    <TextStyle fontFamily="Times New Roman" fontSize="9.0"/>
                </Word>
                <Word id="w_w2aab1c13b2c17c25ac67" language="English" custom="readingOrder {index:6;}">
                    <Coords points="1950,2159 2126,2159 2126,2210 1950,2210"/>
                    <TextEquiv>
                        <Unicode>quidem</Unicode>
                    </TextEquiv>
                    <TextStyle fontFamily="Times New Roman" fontSize="9.0"/>
                </Word>
                <Word id="w_w2aab1c13b2c17c25ac81" language="English" custom="readingOrder {index:7;}">
                    <Coords points="2149,2168 2246,2168 2246,2198 2149,2198"/>
                    <TextEquiv>
                        <Unicode>con¬</Unicode>
                    </TextEquiv>
                    <TextStyle fontFamily="Times New Roman" fontSize="9.0"/>
                </Word>
                <TextEquiv>
                    <Unicode>particulari Dei id volentis ; et quidem con¬</Unicode>
                </TextEquiv>
                <TextStyle fontFamily="Times New Roman" fontSize="9.0"/>
            </TextLine>
            <TextLine id="tl_82" primaryLanguage="English" custom="readingOrder {index:21;}">
                <Coords points="1232,2236 2247,2236 2247,2293 1232,2293"/>
                <Baseline points="1233,2293 1356,2289 1480,2279 1577,2279 1853,2276 2063,2274 2145,2274 2247,2264"/>
                <Word id="w_w2aab1c13b2c17c27ab1" language="English" custom="readingOrder {index:0;}">
                    <Coords points="1233,2252 1356,2252 1356,2293 1233,2293"/>
                    <TextEquiv>
                        <Unicode>grue,</Unicode>
                    </TextEquiv>
                    <TextStyle fontFamily="Times New Roman" fontSize="9.0"/>
                </Word>
                <Word id="w_w2aab1c13b2c17c27ac13" language="English" custom="readingOrder {index:1;}">
                    <Coords points="1381,2242 1480,2242 1480,2291 1381,2291"/>
                    <TextEquiv>
                        <Unicode>quia</Unicode>
                    </TextEquiv>
                    <TextStyle fontFamily="Times New Roman" fontSize="9.0"/>
                </Word>
                <Word id="w_w2aab1c13b2c17c27ac23" language="English" custom="readingOrder {index:2;}">
                    <Coords points="1502,2251 1577,2251 1577,2290 1502,2290"/>
                    <TextEquiv>
                        <Unicode>pro</Unicode>
                    </TextEquiv>
                    <TextStyle fontFamily="Times New Roman" fontSize="9.0"/>
                </Word>
                <Word id="w_w2aab1c13b2c17c27ac31" language="English" custom="readingOrder {index:3;}">
                    <Coords points="1607,2239 1853,2239 1853,2279 1607,2279"/>
                    <TextEquiv>
                        <Unicode>diversitate</Unicode>
                    </TextEquiv>
                    <TextStyle fontFamily="Times New Roman" fontSize="9.0"/>
                </Word>
                <Word id="w_w2aab1c13b2c17c27ac55" language="English" custom="readingOrder {index:4;}">
                    <Coords points="1874,2240 2063,2240 2063,2276 1874,2276"/>
                    <TextEquiv>
                        <Unicode>statuum</Unicode>
                    </TextEquiv>
                    <TextStyle fontFamily="Times New Roman" fontSize="9.0"/>
                </Word>
                <Word id="w_w2aab1c13b2c17c27ac71" language="English" custom="readingOrder {index:5;}">
                    <Coords points="2103,2238 2145,2238 2145,2275 2103,2275"/>
                    <TextEquiv>
                        <Unicode>et</Unicode>
                    </TextEquiv>
                    <TextStyle fontFamily="Times New Roman" fontSize="9.0"/>
                </Word>
                <Word id="w_w2aab1c13b2c17c27ac77" language="English" custom="readingOrder {index:6;}">
                    <Coords points="2185,2236 2247,2236 2247,2274 2185,2274"/>
                    <TextEquiv>
                        <Unicode>le¬</Unicode>
                    </TextEquiv>
                    <TextStyle fontFamily="Times New Roman" fontSize="9.0"/>
                </Word>
                <TextEquiv>
                    <Unicode>grue, quia pro diversitate statuum et le¬</Unicode>
                </TextEquiv>
                <TextStyle fontFamily="Times New Roman" fontSize="9.0"/>
            </TextLine>
            <TextLine id="tl_83" primaryLanguage="English" custom="readingOrder {index:22;}">
                <Coords points="1232,2312 2243,2312 2243,2368 1232,2368"/>
                <Baseline points="1232,2368 1352,2364 1565,2355 1726,2354 2038,2352 2243,2341"/>
                <Word id="w_w2aab1c13b2c17c29ab1" language="English" custom="readingOrder {index:0;}">
                    <Coords points="1232,2329 1352,2329 1352,2368 1232,2368"/>
                    <TextEquiv>
                        <Unicode>gum,</Unicode>
                    </TextEquiv>
                    <TextStyle fontFamily="Times New Roman" fontSize="9.0"/>
                </Word>
                <Word id="w_w2aab1c13b2c17c29ac11" language="English" custom="readingOrder {index:1;}">
                    <Coords points="1396,2316 1565,2316 1565,2356 1396,2356"/>
                    <TextEquiv>
                        <Unicode>diversa</Unicode>
                    </TextEquiv>
                    <TextStyle fontFamily="Times New Roman" fontSize="9.0"/>
                </Word>
                <Word id="w_w2aab1c13b2c17c29ac27" language="English" custom="readingOrder {index:2;}">
                    <Coords points="1606,2318 1726,2318 1726,2356 1606,2356"/>
                    <TextEquiv>
                        <Unicode>erant</Unicode>
                    </TextEquiv>
                    <TextStyle fontFamily="Times New Roman" fontSize="9.0"/>
                </Word>
                <Word id="w_w2aab1c13b2c17c29ac39" language="English" custom="readingOrder {index:3;}">
                    <Coords points="1775,2312 2038,2312 2038,2354 1775,2354"/>
                    <TextEquiv>
                        <Unicode>assumenda</Unicode>
                    </TextEquiv>
                    <TextStyle fontFamily="Times New Roman" fontSize="9.0"/>
                </Word>
                <Word id="w_w2aab1c13b2c17c29ac59" language="English" custom="readingOrder {index:4;}">
                    <Coords points="2092,2313 2243,2313 2243,2351 2092,2351"/>
                    <TextEquiv>
                        <Unicode>Sacra¬</Unicode>
                    </TextEquiv>
                    <TextStyle fontFamily="Times New Roman" fontSize="9.0"/>
                </Word>
                <TextEquiv>
                    <Unicode>gum, diversa erant assumenda Sacra¬</Unicode>
                </TextEquiv>
                <TextStyle fontFamily="Times New Roman" fontSize="9.0"/>
            </TextLine>
            <TextLine id="tl_84" primaryLanguage="English" custom="readingOrder {index:23;}">
                <Coords points="1232,2397 1389,2397 1389,2434 1232,2434"/>
                <Baseline points="1232,2433 1389,2432"/>
                <Word id="w_w2aab1c13b2c17c31ab1" language="English" custom="readingOrder {index:0;}">
                    <Coords points="1232,2397 1389,2397 1389,2434 1232,2434"/>
                    <TextEquiv>
                        <Unicode>menta.</Unicode>
                    </TextEquiv>
                    <TextStyle fontFamily="Times New Roman" fontSize="9.0"/>
                </Word>
                <TextEquiv>
                    <Unicode>menta.</Unicode>
                </TextEquiv>
                <TextStyle fontFamily="Times New Roman" fontSize="9.0"/>
            </TextLine>
            <TextEquiv>
                <Unicode>Praeterea etiam aliqua doctrina posset Doctnna
esse simpliciter necessaria pro aliquo sta- pot2Uesse
tu, quae non esset sic necessaria pro omni necessaria
statu, ut pro hoc statu doctrina de Bapti- tu&lt;
smo est necessaria, quae non erat necessa- sit ne-
ria pro lege veteri naturae aut Moysis. Unde pro altero,
tertio responderi potest, vel negando
majorem vel eam distinguendo aliter :
Doctrina simpliciter necessaria pro omni
statu, transeat; pro aliquo determinato
statu, nego majorem, et similiter distin¬
guendo consequens; ergo Scriptura quoad
doctrinam non habitam in lege veteri non
est necessaria simpliciter pro omni statu,
concedo consequentiam ; pro lege gratiae,
nego consequentiam. Quaerenti autem cur
doctrina de Baptismo sit pro hoc statu
necessaria, non vero pro lege antiqua ?
respondendum est, quia ipsemet Bapti¬
smus est jam necessarius ex ordinatione
particulari Dei id volentis ; et quidem con¬
grue, quia pro diversitate statuum et le¬
gum, diversa erant assumenda Sacra¬
menta.</Unicode>
            </TextEquiv>
        </TextRegion>
        <TextRegion type="paragraph" id="TextRegion_1608211230857_750" custom="readingOrder {index:4;}">
            <Coords points="1230,2465 2268,2465 2268,3054 1230,3054"/>
            <TextLine id="line_1608211231086_753" primaryLanguage="English" custom="readingOrder {index:0;}">
                <Coords points="1284,2466 2268,2466 2268,2522 1284,2522"/>
                <Baseline points="1284,2522 1339,2522 1625,2508 1970,2507 2242,2507 2268,2506"/>
                <Word id="w_w2aab1c13b2c19b1ab1" language="English" custom="readingOrder {index:0;}">
                    <Coords points="1284,2468 1339,2468 1339,2522 1284,2522"/>
                    <TextEquiv>
                        <Unicode>(c)</Unicode>
                    </TextEquiv>
                    <TextStyle fontFamily="Times New Roman" fontSize="9.0"/>
                </Word>
                <Word id="w_w2aab1c13b2c19b1ab9" language="English" custom="readingOrder {index:1;}">
                    <Coords points="1377,2469 1625,2469 1625,2509 1377,2509"/>
                    <TextEquiv>
                        <Unicode>Secundum</Unicode>
                    </TextEquiv>
                    <TextStyle fontFamily="Times New Roman" fontSize="9.0"/>
                </Word>
                <Word id="w_w2aab1c13b2c19b1ac27" language="English" custom="readingOrder {index:2;}">
                    <Coords points="1668,2470 1970,2470 1970,2519 1668,2519"/>
                    <TextEquiv>
                        <Unicode>argumentum</Unicode>
                    </TextEquiv>
                    <TextStyle fontFamily="Times New Roman" fontSize="9.0"/>
                </Word>
                <Word id="w_w2aab1c13b2c19b1ac49" language="English" custom="readingOrder {index:3;}">
                    <Coords points="2008,2467 2242,2467 2242,2517 2008,2517"/>
                    <TextEquiv>
                        <Unicode>principale</Unicode>
                    </TextEquiv>
                    <TextStyle fontFamily="Times New Roman" fontSize="9.0"/>
                </Word>
                <TextEquiv>
                    <Unicode>(c) Secundum argumentum principale 57.</Unicode>
                </TextEquiv>
                <TextStyle fontFamily="Times New Roman" fontSize="9.0"/>
            </TextLine>
            <TextLine id="tl_86" primaryLanguage="English" custom="readingOrder {index:1;}">
                <Coords points="1233,2546 2245,2546 2245,2601 1233,2601"/>
                <Baseline points="1233,2590 1297,2590 1327,2589 1387,2589 1595,2590 1787,2589 2070,2586 2245,2584"/>
                <Word id="w_w2aab1c13b2c19b3ab1" language="English" custom="readingOrder {index:0;}">
                    <Coords points="1233,2555 1297,2555 1297,2590 1233,2590"/>
                    <TextEquiv>
                        <Unicode>est</Unicode>
                    </TextEquiv>
                    <TextStyle fontFamily="Times New Roman" fontSize="9.0"/>
                </Word>
                <Word id="w_w2aab1c13b2c19b3ab9" language="English" custom="readingOrder {index:1;}">
                    <Coords points="1321,2564 1327,2564 1327,2589 1321,2589"/>
                    <TextEquiv>
                        <Unicode>:</Unicode>
                    </TextEquiv>
                    <TextStyle fontFamily="Times New Roman" fontSize="9.0"/>
                </Word>
                <Word id="w_w2aab1c13b2c19b3ac13" language="English" custom="readingOrder {index:2;}">
                    <Coords points="1344,2551 1387,2551 1387,2589 1344,2589"/>
                    <TextEquiv>
                        <Unicode>In</Unicode>
                    </TextEquiv>
                    <TextStyle fontFamily="Times New Roman" fontSize="9.0"/>
                </Word>
                <Word id="w_w2aab1c13b2c19b3ac19" language="English" custom="readingOrder {index:3;}">
                    <Coords points="1405,2551 1595,2551 1595,2600 1405,2600"/>
                    <TextEquiv>
                        <Unicode>qualibet</Unicode>
                    </TextEquiv>
                    <TextStyle fontFamily="Times New Roman" fontSize="9.0"/>
                </Word>
                <Word id="w_w2aab1c13b2c19b3ac37" language="English" custom="readingOrder {index:4;}">
                    <Coords points="1608,2550 1787,2550 1787,2590 1608,2590"/>
                    <TextEquiv>
                        <Unicode>scientia</Unicode>
                    </TextEquiv>
                    <TextStyle fontFamily="Times New Roman" fontSize="9.0"/>
                </Word>
                <Word id="w_w2aab1c13b2c19b3ac55" language="English" custom="readingOrder {index:5;}">
                    <Coords points="1807,2547 2070,2547 2070,2588 1807,2588"/>
                    <TextEquiv>
                        <Unicode>sufficienter</Unicode>
                    </TextEquiv>
                    <TextStyle fontFamily="Times New Roman" fontSize="9.0"/>
                </Word>
                <Word id="w_w2aab1c13b2c19b3ac81" language="English" custom="readingOrder {index:6;}">
                    <Coords points="2093,2546 2245,2546 2245,2586 2093,2586"/>
                    <TextEquiv>
                        <Unicode>tradita</Unicode>
                    </TextEquiv>
                    <TextStyle fontFamily="Times New Roman" fontSize="9.0"/>
                </Word>
                <TextEquiv>
                    <Unicode>est : In qualibet scientia sufficienter tradita</Unicode>
                </TextEquiv>
                <TextStyle fontFamily="Times New Roman" fontSize="9.0"/>
            </TextLine>
            <TextLine id="tl_87" primaryLanguage="English" custom="readingOrder {index:2;}">
                <Coords points="1231,2621 2246,2621 2246,2677 1231,2677"/>
                <Baseline points="1231,2666 1418,2665 1691,2674 1811,2663 1982,2662 2246,2660"/>
                <Word id="w_w2aab1c13b2c19b5ab1" language="English" custom="readingOrder {index:0;}">
                    <Coords points="1231,2628 1418,2628 1418,2666 1231,2666"/>
                    <TextEquiv>
                        <Unicode>vitantur</Unicode>
                    </TextEquiv>
                    <TextStyle fontFamily="Times New Roman" fontSize="9.0"/>
                </Word>
                <Word id="w_w2aab1c13b2c19b5ac19" language="English" custom="readingOrder {index:1;}">
                    <Coords points="1445,2625 1691,2625 1691,2676 1445,2676"/>
                    <TextEquiv>
                        <Unicode>superflua;</Unicode>
                    </TextEquiv>
                    <TextStyle fontFamily="Times New Roman" fontSize="9.0"/>
                </Word>
                <Word id="w_w2aab1c13b2c19b5ac41" language="English" custom="readingOrder {index:2;}">
                    <Coords points="1732,2624 1811,2624 1811,2664 1732,2664"/>
                    <TextEquiv>
                        <Unicode>sed</Unicode>
                    </TextEquiv>
                    <TextStyle fontFamily="Times New Roman" fontSize="9.0"/>
                </Word>
                <Word id="w_w2aab1c13b2c19b5ac49" language="English" custom="readingOrder {index:3;}">
                    <Coords points="1848,2624 1982,2624 1982,2662 1848,2662"/>
                    <TextEquiv>
                        <Unicode>multa</Unicode>
                    </TextEquiv>
                    <TextStyle fontFamily="Times New Roman" fontSize="9.0"/>
                </Word>
                <Word id="w_w2aab1c13b2c19b5ac61" language="English" custom="readingOrder {index:4;}">
                    <Coords points="2027,2621 2246,2621 2246,2673 2027,2673"/>
                    <TextEquiv>
                        <Unicode>superflua</Unicode>
                    </TextEquiv>
                    <TextStyle fontFamily="Times New Roman" fontSize="9.0"/>
                </Word>
                <TextEquiv>
                    <Unicode>vitantur superflua; sed multa superflua</Unicode>
                </TextEquiv>
                <TextStyle fontFamily="Times New Roman" fontSize="9.0"/>
            </TextLine>
            <TextLine id="tl_88" primaryLanguage="English" custom="readingOrder {index:3;}">
                <Coords points="1233,2701 2246,2701 2246,2751 1233,2751"/>
                <Baseline points="1233,2742 1462,2741 1524,2741 1683,2740 1933,2744 2014,2738 2245,2726"/>
                <Word id="w_w2aab1c13b2c19b7ab1" language="English" custom="readingOrder {index:0;}">
                    <Coords points="1233,2703 1462,2703 1462,2742 1233,2742"/>
                    <TextEquiv>
                        <Unicode>traduntur</Unicode>
                    </TextEquiv>
                    <TextStyle fontFamily="Times New Roman" fontSize="9.0"/>
                </Word>
                <Word id="w_w2aab1c13b2c19b7ac21" language="English" custom="readingOrder {index:1;}">
                    <Coords points="1480,2703 1524,2703 1524,2741 1480,2741"/>
                    <TextEquiv>
                        <Unicode>in</Unicode>
                    </TextEquiv>
                    <TextStyle fontFamily="Times New Roman" fontSize="9.0"/>
                </Word>
                <Word id="w_w2aab1c13b2c19b7ac27" language="English" custom="readingOrder {index:2;}">
                    <Coords points="1561,2713 1683,2713 1683,2741 1561,2741"/>
                    <TextEquiv>
                        <Unicode>sacra</Unicode>
                    </TextEquiv>
                    <TextStyle fontFamily="Times New Roman" fontSize="9.0"/>
                </Word>
                <Word id="w_w2aab1c13b2c19b7ac39" language="English" custom="readingOrder {index:3;}">
                    <Coords points="1702,2702 1933,2702 1933,2750 1702,2750"/>
                    <TextEquiv>
                        <Unicode>Scriptura,</Unicode>
                    </TextEquiv>
                    <TextStyle fontFamily="Times New Roman" fontSize="9.0"/>
                </Word>
                <Word id="w_w2aab1c13b2c19b7ac61" language="English" custom="readingOrder {index:4;}">
                    <Coords points="1965,2703 2014,2703 2014,2738 1965,2738"/>
                    <TextEquiv>
                        <Unicode>ut</Unicode>
                    </TextEquiv>
                    <TextStyle fontFamily="Times New Roman" fontSize="9.0"/>
                </Word>
                <Word id="w_w2aab1c13b2c19b7ac67" language="English" custom="readingOrder {index:5;}">
                    <Coords points="2044,2709 2245,2709 2245,2738 2044,2738"/>
                    <TextEquiv>
                        <Unicode>caeremo-</Unicode>
                    </TextEquiv>
                    <TextStyle fontFamily="Times New Roman" fontSize="9.0"/>
                </Word>
                <TextEquiv>
                    <Unicode>traduntur in sacra Scriptura, ut caeremo-</Unicode>
                </TextEquiv>
                <TextStyle fontFamily="Times New Roman" fontSize="9.0"/>
            </TextLine>
            <TextLine id="tl_89" primaryLanguage="English" custom="readingOrder {index:4;}">
                <Coords points="1234,2777 2250,2777 2250,2828 1234,2828"/>
                <Baseline points="1234,2819 1361,2817 1432,2817 1627,2817 1856,2825 1990,2814 2117,2814 2250,2813"/>
                <Word id="w_w2aab1c13b2c19b9ab1" language="English" custom="readingOrder {index:0;}">
                    <Coords points="1234,2779 1361,2779 1361,2819 1234,2819"/>
                    <TextEquiv>
                        <Unicode>nialia</Unicode>
                    </TextEquiv>
                    <TextStyle fontFamily="Times New Roman" fontSize="9.0"/>
                </Word>
                <Word id="w_w2aab1c13b2c19b9ac15" language="English" custom="readingOrder {index:1;}">
                    <Coords points="1391,2781 1432,2781 1432,2817 1391,2817"/>
                    <TextEquiv>
                        <Unicode>et</Unicode>
                    </TextEquiv>
                    <TextStyle fontFamily="Times New Roman" fontSize="9.0"/>
                </Word>
                <Word id="w_w2aab1c13b2c19b9ac21" language="English" custom="readingOrder {index:2;}">
                    <Coords points="1482,2778 1627,2778 1627,2827 1482,2827"/>
                    <TextEquiv>
                        <Unicode>plures</Unicode>
                    </TextEquiv>
                    <TextStyle fontFamily="Times New Roman" fontSize="9.0"/>
                </Word>
                <Word id="w_w2aab1c13b2c19b9ac35" language="English" custom="readingOrder {index:3;}">
                    <Coords points="1661,2778 1856,2778 1856,2825 1661,2825"/>
                    <TextEquiv>
                        <Unicode>historiae,</Unicode>
                    </TextEquiv>
                    <TextStyle fontFamily="Times New Roman" fontSize="9.0"/>
                </Word>
                <Word id="w_w2aab1c13b2c19b9ac57" language="English" custom="readingOrder {index:4;}">
                    <Coords points="1894,2785 1990,2785 1990,2825 1894,2825"/>
                    <TextEquiv>
                        <Unicode>quae</Unicode>
                    </TextEquiv>
                    <TextStyle fontFamily="Times New Roman" fontSize="9.0"/>
                </Word>
                <Word id="w_w2aab1c13b2c19b9ac67" language="English" custom="readingOrder {index:5;}">
                    <Coords points="2029,2786 2117,2786 2117,2814 2029,2814"/>
                    <TextEquiv>
                        <Unicode>non</Unicode>
                    </TextEquiv>
                    <TextStyle fontFamily="Times New Roman" fontSize="9.0"/>
                </Word>
                <Word id="w_w2aab1c13b2c19b9ac75" language="English" custom="readingOrder {index:6;}">
                    <Coords points="2146,2777 2250,2777 2250,2814 2146,2814"/>
                    <TextEquiv>
                        <Unicode>sunt</Unicode>
                    </TextEquiv>
                    <TextStyle fontFamily="Times New Roman" fontSize="9.0"/>
                </Word>
                <TextEquiv>
                    <Unicode>nialia et plures historiae, quae non sunt</Unicode>
                </TextEquiv>
                <TextStyle fontFamily="Times New Roman" fontSize="9.0"/>
            </TextLine>
            <TextLine id="tl_90" primaryLanguage="English" custom="readingOrder {index:5;}">
                <Coords points="1233,2851 2237,2851 2237,2904 1233,2904"/>
                <Baseline points="1233,2894 1476,2892 1552,2892 1765,2891 1792,2899 1926,2890 2141,2890 2237,2879"/>
                <Word id="w_w2aab1c13b2c19c11ab1" language="English" custom="readingOrder {index:0;}">
                    <Coords points="1233,2854 1476,2854 1476,2894 1233,2894"/>
                    <TextEquiv>
                        <Unicode>necessaria</Unicode>
                    </TextEquiv>
                    <TextStyle fontFamily="Times New Roman" fontSize="9.0"/>
                </Word>
                <Word id="w_w2aab1c13b2c19c11ac23" language="English" custom="readingOrder {index:1;}">
                    <Coords points="1499,2853 1552,2853 1552,2892 1499,2892"/>
                    <TextEquiv>
                        <Unicode>ad</Unicode>
                    </TextEquiv>
                    <TextStyle fontFamily="Times New Roman" fontSize="9.0"/>
                </Word>
                <Word id="w_w2aab1c13b2c19c11ac29" language="English" custom="readingOrder {index:2;}">
                    <Coords points="1585,2854 1765,2854 1765,2892 1585,2892"/>
                    <TextEquiv>
                        <Unicode>salutem</Unicode>
                    </TextEquiv>
                    <TextStyle fontFamily="Times New Roman" fontSize="9.0"/>
                </Word>
                <Word id="w_w2aab1c13b2c19c11ac45" language="English" custom="readingOrder {index:3;}">
                    <Coords points="1784,2866 1792,2866 1792,2899 1784,2899"/>
                    <TextEquiv>
                        <Unicode>;</Unicode>
                    </TextEquiv>
                    <TextStyle fontFamily="Times New Roman" fontSize="9.0"/>
                </Word>
                <Word id="w_w2aab1c13b2c19c11ac49" language="English" custom="readingOrder {index:4;}">
                    <Coords points="1823,2862 1926,2862 1926,2902 1823,2902"/>
                    <TextEquiv>
                        <Unicode>ergo</Unicode>
                    </TextEquiv>
                    <TextStyle fontFamily="Times New Roman" fontSize="9.0"/>
                </Word>
                <Word id="w_w2aab1c13b2c19c11ac59" language="English" custom="readingOrder {index:5;}">
                    <Coords points="1950,2851 2141,2851 2141,2891 1950,2891"/>
                    <TextEquiv>
                        <Unicode>doctrina</Unicode>
                    </TextEquiv>
                    <TextStyle fontFamily="Times New Roman" fontSize="9.0"/>
                </Word>
                <Word id="w_w2aab1c13b2c19c11ac77" language="English" custom="readingOrder {index:6;}">
                    <Coords points="2164,2861 2237,2861 2237,2890 2164,2890"/>
                    <TextEquiv>
                        <Unicode>ne¬</Unicode>
                    </TextEquiv>
                    <TextStyle fontFamily="Times New Roman" fontSize="9.0"/>
                </Word>
                <TextEquiv>
                    <Unicode>necessaria ad salutem ; ergo doctrina ne¬</Unicode>
                </TextEquiv>
                <TextStyle fontFamily="Times New Roman" fontSize="9.0"/>
            </TextLine>
            <TextLine id="tl_91" primaryLanguage="English" custom="readingOrder {index:6;}">
                <Coords points="1235,2926 2249,2926 2249,2970 1235,2970"/>
                <Baseline points="1235,2969 1422,2968 1518,2968 1734,2968 1842,2968 1944,2966 2249,2965"/>
                <Word id="w_w2aab1c13b2c19c13ab1" language="English" custom="readingOrder {index:0;}">
                    <Coords points="1235,2931 1422,2931 1422,2970 1235,2970"/>
                    <TextEquiv>
                        <Unicode>cessaria</Unicode>
                    </TextEquiv>
                    <TextStyle fontFamily="Times New Roman" fontSize="9.0"/>
                </Word>
                <Word id="w_w2aab1c13b2c19c13ac19" language="English" custom="readingOrder {index:1;}">
                    <Coords points="1470,2930 1518,2930 1518,2968 1470,2968"/>
                    <TextEquiv>
                        <Unicode>ad</Unicode>
                    </TextEquiv>
                    <TextStyle fontFamily="Times New Roman" fontSize="9.0"/>
                </Word>
                <Word id="w_w2aab1c13b2c19c13ac25" language="English" custom="readingOrder {index:2;}">
                    <Coords points="1551,2929 1734,2929 1734,2968 1551,2968"/>
                    <TextEquiv>
                        <Unicode>salutem</Unicode>
                    </TextEquiv>
                    <TextStyle fontFamily="Times New Roman" fontSize="9.0"/>
                </Word>
                <Word id="w_w2aab1c13b2c19c13ac41" language="English" custom="readingOrder {index:3;}">
                    <Coords points="1756,2938 1842,2938 1842,2969 1756,2969"/>
                    <TextEquiv>
                        <Unicode>non</Unicode>
                    </TextEquiv>
                    <TextStyle fontFamily="Times New Roman" fontSize="9.0"/>
                </Word>
                <Word id="w_w2aab1c13b2c19c13ac49" language="English" custom="readingOrder {index:4;}">
                    <Coords points="1879,2931 1944,2931 1944,2966 1879,2966"/>
                    <TextEquiv>
                        <Unicode>est</Unicode>
                    </TextEquiv>
                    <TextStyle fontFamily="Times New Roman" fontSize="9.0"/>
                </Word>
                <Word id="w_w2aab1c13b2c19c13ac57" language="English" custom="readingOrder {index:5;}">
                    <Coords points="1980,2926 2249,2926 2249,2967 1980,2967"/>
                    <TextEquiv>
                        <Unicode>sufficienter</Unicode>
                    </TextEquiv>
                    <TextStyle fontFamily="Times New Roman" fontSize="9.0"/>
                </Word>
                <TextEquiv>
                    <Unicode>cessaria ad salutem non est sufficienter</Unicode>
                </TextEquiv>
                <TextStyle fontFamily="Times New Roman" fontSize="9.0"/>
            </TextLine>
            <TextLine id="tl_92" primaryLanguage="English" custom="readingOrder {index:7;}">
                <Coords points="1237,3003 1854,3003 1854,3053 1237,3053"/>
                <Baseline points="1237,3044 1387,3043 1449,3043 1686,3042 1854,3041"/>
                <Word id="w_w2aab1c13b2c19c15ab1" language="English" custom="readingOrder {index:0;}">
                    <Coords points="1237,3004 1387,3004 1387,3044 1237,3044"/>
                    <TextEquiv>
                        <Unicode>tradita</Unicode>
                    </TextEquiv>
                    <TextStyle fontFamily="Times New Roman" fontSize="9.0"/>
                </Word>
                <Word id="w_w2aab1c13b2c19c15ac17" language="English" custom="readingOrder {index:1;}">
                    <Coords points="1408,3005 1449,3005 1449,3043 1408,3043"/>
                    <TextEquiv>
                        <Unicode>in</Unicode>
                    </TextEquiv>
                    <TextStyle fontFamily="Times New Roman" fontSize="9.0"/>
                </Word>
                <Word id="w_w2aab1c13b2c19c15ac23" language="English" custom="readingOrder {index:2;}">
                    <Coords points="1471,3004 1686,3004 1686,3052 1471,3052"/>
                    <TextEquiv>
                        <Unicode>Scriptura</Unicode>
                    </TextEquiv>
                    <TextStyle fontFamily="Times New Roman" fontSize="9.0"/>
                </Word>
                <Word id="w_w2aab1c13b2c19c15ac43" language="English" custom="readingOrder {index:3;}">
                    <Coords points="1718,3014 1854,3014 1854,3043 1718,3043"/>
                    <TextEquiv>
                        <Unicode>sacra.</Unicode>
                    </TextEquiv>
                    <TextStyle fontFamily="Times New Roman" fontSize="9.0"/>
                </Word>
                <TextEquiv>
                    <Unicode>tradita in Scriptura sacra.</Unicode>
                </TextEquiv>
                <TextStyle fontFamily="Times New Roman" fontSize="9.0"/>
            </TextLine>
            <TextEquiv>
                <Unicode>(c) Secundum argumentum principale 57.
est : In qualibet scientia sufficienter tradita
vitantur superflua; sed multa superflua
traduntur in sacra Scriptura, ut caeremo-
nialia et plures historiae, quae non sunt
necessaria ad salutem ; ergo doctrina ne¬
cessaria ad salutem non est sufficienter
tradita in Scriptura sacra.</Unicode>
            </TextEquiv>
        </TextRegion>
        <TextRegion type="paragraph" id="TextRegion_1608211209690_730" custom="readingOrder {index:5;}">
            <Coords points="1233,3075 2274,3075 2274,3742 1233,3742"/>
            <TextLine id="line_1608211209916_733" primaryLanguage="English" custom="readingOrder {index:0;}">
                <Coords points="1286,3076 2274,3076 2274,3132 1286,3132"/>
                <Baseline points="1286,3120 1587,3118 1802,3118 2035,3118 2066,3116 2124,3126 2274,3122"/>
                <Word id="w_w2aab1c13b2c21b1ab1" language="English" custom="readingOrder {index:0;}">
                    <Coords points="1286,3079 1587,3079 1587,3130 1286,3130"/>
                    <TextEquiv>
                        <Unicode>Respondetur</Unicode>
                    </TextEquiv>
                    <TextStyle fontFamily="Times New Roman" fontSize="9.0"/>
                </Word>
                <Word id="w_w2aab1c13b2c21b1ac25" language="English" custom="readingOrder {index:1;}">
                    <Coords points="1599,3078 1802,3078 1802,3131 1599,3131"/>
                    <TextEquiv>
                        <Unicode>negando</Unicode>
                    </TextEquiv>
                    <TextStyle fontFamily="Times New Roman" fontSize="9.0"/>
                </Word>
                <Word id="w_w2aab1c13b2c21b1ac41" language="English" custom="readingOrder {index:2;}">
                    <Coords points="1825,3079 2035,3079 2035,3118 1825,3118"/>
                    <TextEquiv>
                        <Unicode>minorem</Unicode>
                    </TextEquiv>
                    <TextStyle fontFamily="Times New Roman" fontSize="9.0"/>
                </Word>
                <Word id="w_w2aab1c13b2c21b1ac57" language="English" custom="readingOrder {index:3;}">
                    <Coords points="2058,3090 2066,3090 2066,3116 2058,3116"/>
                    <TextEquiv>
                        <Unicode>:</Unicode>
                    </TextEquiv>
                    <TextStyle fontFamily="Times New Roman" fontSize="9.0"/>
                </Word>
                <Word id="w_w2aab1c13b2c21b1ac61" language="English" custom="readingOrder {index:4;}">
                    <Coords points="2092,3079 2245,3079 2245,3126 2092,3126"/>
                    <TextEquiv>
                        <Unicode>Quam-</Unicode>
                    </TextEquiv>
                    <TextStyle fontFamily="Times New Roman" fontSize="9.0"/>
                </Word>
                <TextEquiv>
                    <Unicode>Respondetur negando minorem : Quam- Nihil in</Unicode>
                </TextEquiv>
            </TextLine>
            <TextLine id="line_1608211209917_735" primaryLanguage="English" custom="readingOrder {index:1;}">
                <Coords points="1234,3154 2274,3154 2274,3218 1234,3218"/>
                <Baseline points="1234,3197 1296,3197 1434,3194 1648,3194 2039,3192 2115,3193 2243,3184 2274,3186"/>
                <Word id="word_1608211209917_737" language="English" custom="readingOrder {index:0;}">
                    <Coords points="2265,3173 2274,3173 2274,3216 2265,3216"/>
                    <TextEquiv>
                        <Unicode>superfluunt,</Unicode>
                    </TextEquiv>
                    <TextStyle fontFamily="Times New Roman" fontSize="9.0"/>
                </Word>
                <Word id="w_w2aab1c13b2c21b3ab1" language="English" custom="readingOrder {index:1;}">
                    <Coords points="1234,3159 1296,3159 1296,3197 1234,3197"/>
                    <TextEquiv>
                        <Unicode>vis</Unicode>
                    </TextEquiv>
                    <TextStyle fontFamily="Times New Roman" fontSize="9.0"/>
                </Word>
                <Word id="w_w2aab1c13b2c21b3ab9" language="English" custom="readingOrder {index:2;}">
                    <Coords points="1318,3157 1434,3157 1434,3196 1318,3196"/>
                    <TextEquiv>
                        <Unicode>enim</Unicode>
                    </TextEquiv>
                    <TextStyle fontFamily="Times New Roman" fontSize="9.0"/>
                </Word>
                <Word id="w_w2aab1c13b2c21b3ac19" language="English" custom="readingOrder {index:3;}">
                    <Coords points="1463,3156 1648,3156 1648,3206 1463,3206"/>
                    <TextEquiv>
                        <Unicode>cognitio</Unicode>
                    </TextEquiv>
                    <TextStyle fontFamily="Times New Roman" fontSize="9.0"/>
                </Word>
                <Word id="w_w2aab1c13b2c21b3ac37" language="English" custom="readingOrder {index:4;}">
                    <Coords points="1681,3155 2039,3155 2039,3195 1681,3195"/>
                    <TextEquiv>
                        <Unicode>caeremonialium</Unicode>
                    </TextEquiv>
                    <TextStyle fontFamily="Times New Roman" fontSize="9.0"/>
                </Word>
                <Word id="w_w2aab1c13b2c21b3ac67" language="English" custom="readingOrder {index:5;}">
                    <Coords points="2075,3158 2115,3158 2115,3194 2075,3194"/>
                    <TextEquiv>
                        <Unicode>et</Unicode>
                    </TextEquiv>
                    <TextStyle fontFamily="Times New Roman" fontSize="9.0"/>
                </Word>
                <Word id="w_w2aab1c13b2c21b3ac73" language="English" custom="readingOrder {index:6;}">
                    <Coords points="2151,3155 2243,3155 2243,3204 2151,3204"/>
                    <TextEquiv>
                        <Unicode>plu-</Unicode>
                    </TextEquiv>
                    <TextStyle fontFamily="Times New Roman" fontSize="9.0"/>
                </Word>
                <TextEquiv>
                    <Unicode>vis enim cognitio caeremonialium et plu- superfluunt,</Unicode>
                </TextEquiv>
                <TextStyle fontFamily="Times New Roman" fontSize="9.0"/>
            </TextLine>
            <TextLine id="tl_95" primaryLanguage="English" custom="readingOrder {index:2;}">
                <Coords points="1235,3230 2246,3230 2246,3278 1235,3278"/>
                <Baseline points="1235,3271 1344,3270 1644,3277 1715,3271 1865,3270 2246,3268"/>
                <Word id="w_w2aab1c13b2c21b5ab1" language="English" custom="readingOrder {index:0;}">
                    <Coords points="1235,3234 1344,3234 1344,3271 1235,3271"/>
                    <TextEquiv>
                        <Unicode>riuvn</Unicode>
                    </TextEquiv>
                    <TextStyle fontFamily="Times New Roman" fontSize="9.0"/>
                </Word>
                <Word id="w_w2aab1c13b2c21b5ac13" language="English" custom="readingOrder {index:1;}">
                    <Coords points="1358,3232 1644,3232 1644,3277 1358,3277"/>
                    <TextEquiv>
                        <Unicode>historiarum,</Unicode>
                    </TextEquiv>
                    <TextStyle fontFamily="Times New Roman" fontSize="9.0"/>
                </Word>
                <Word id="w_w2aab1c13b2c21b5ac39" language="English" custom="readingOrder {index:2;}">
                    <Coords points="1667,3243 1715,3243 1715,3271 1667,3271"/>
                    <TextEquiv>
                        <Unicode>ac</Unicode>
                    </TextEquiv>
                    <TextStyle fontFamily="Times New Roman" fontSize="9.0"/>
                </Word>
                <Word id="w_w2aab1c13b2c21b5ac45" language="English" custom="readingOrder {index:3;}">
                    <Coords points="1738,3232 1865,3232 1865,3270 1738,3270"/>
                    <TextEquiv>
                        <Unicode>etiam</Unicode>
                    </TextEquiv>
                    <TextStyle fontFamily="Times New Roman" fontSize="9.0"/>
                </Word>
                <Word id="w_w2aab1c13b2c21b5ac57" language="English" custom="readingOrder {index:4;}">
                    <Coords points="1887,3230 2246,3230 2246,3270 1887,3270"/>
                    <TextEquiv>
                        <Unicode>documentorum</Unicode>
                    </TextEquiv>
                    <TextStyle fontFamily="Times New Roman" fontSize="9.0"/>
                </Word>
                <TextEquiv>
                    <Unicode>riuvn historiarum, ac etiam documentorum</Unicode>
                </TextEquiv>
                <TextStyle fontFamily="Times New Roman" fontSize="9.0"/>
            </TextLine>
            <TextLine id="tl_96" primaryLanguage="English" custom="readingOrder {index:3;}">
                <Coords points="1239,3306 2247,3306 2247,3349 1239,3349"/>
                <Baseline points="1239,3348 1280,3347 1659,3346 1999,3344 2080,3344 2247,3344"/>
                <Word id="w_w2aab1c13b2c21b7ab1" language="English" custom="readingOrder {index:0;}">
                    <Coords points="1239,3312 1280,3312 1280,3348 1239,3348"/>
                    <TextEquiv>
                        <Unicode>et</Unicode>
                    </TextEquiv>
                    <TextStyle fontFamily="Times New Roman" fontSize="9.0"/>
                </Word>
                <Word id="w_w2aab1c13b2c21b7ab7" language="English" custom="readingOrder {index:1;}">
                    <Coords points="1327,3308 1659,3308 1659,3347 1327,3347"/>
                    <TextEquiv>
                        <Unicode>instructionum</Unicode>
                    </TextEquiv>
                    <TextStyle fontFamily="Times New Roman" fontSize="9.0"/>
                </Word>
                <Word id="w_w2aab1c13b2c21b7ac35" language="English" custom="readingOrder {index:2;}">
                    <Coords points="1698,3310 1999,3310 1999,3348 1698,3348"/>
                    <TextEquiv>
                        <Unicode>contentarum</Unicode>
                    </TextEquiv>
                    <TextStyle fontFamily="Times New Roman" fontSize="9.0"/>
                </Word>
                <Word id="w_w2aab1c13b2c21b7ac59" language="English" custom="readingOrder {index:3;}">
                    <Coords points="2037,3306 2080,3306 2080,3344 2037,3344"/>
                    <TextEquiv>
                        <Unicode>in</Unicode>
                    </TextEquiv>
                    <TextStyle fontFamily="Times New Roman" fontSize="9.0"/>
                </Word>
                <Word id="w_w2aab1c13b2c21b7ac65" language="English" custom="readingOrder {index:4;}">
                    <Coords points="2127,3316 2247,3316 2247,3345 2127,3345"/>
                    <TextEquiv>
                        <Unicode>sacra</Unicode>
                    </TextEquiv>
                    <TextStyle fontFamily="Times New Roman" fontSize="9.0"/>
                </Word>
                <TextEquiv>
                    <Unicode>et instructionum contentarum in sacra</Unicode>
                </TextEquiv>
                <TextStyle fontFamily="Times New Roman" fontSize="9.0"/>
            </TextLine>
            <TextLine id="tl_97" primaryLanguage="English" custom="readingOrder {index:4;}">
                <Coords points="1238,3381 2250,3381 2250,3435 1238,3435"/>
                <Baseline points="1238,3423 1451,3422 1567,3422 1641,3422 1910,3421 2173,3420 2250,3419"/>
                <Word id="w_w2aab1c13b2c21b9ab1" language="English" custom="readingOrder {index:0;}">
                    <Coords points="1238,3385 1451,3385 1451,3433 1238,3433"/>
                    <TextEquiv>
                        <Unicode>Scriptura</Unicode>
                    </TextEquiv>
                    <TextStyle fontFamily="Times New Roman" fontSize="9.0"/>
                </Word>
                <Word id="w_w2aab1c13b2c21b9ac21" language="English" custom="readingOrder {index:1;}">
                    <Coords points="1478,3394 1567,3394 1567,3422 1478,3422"/>
                    <TextEquiv>
                        <Unicode>non</Unicode>
                    </TextEquiv>
                    <TextStyle fontFamily="Times New Roman" fontSize="9.0"/>
                </Word>
                <Word id="w_w2aab1c13b2c21b9ac29" language="English" custom="readingOrder {index:2;}">
                    <Coords points="1589,3385 1641,3385 1641,3423 1589,3423"/>
                    <TextEquiv>
                        <Unicode>sit</Unicode>
                    </TextEquiv>
                    <TextStyle fontFamily="Times New Roman" fontSize="9.0"/>
                </Word>
                <Word id="w_w2aab1c13b2c21b9ac37" language="English" custom="readingOrder {index:3;}">
                    <Coords points="1660,3383 1910,3383 1910,3434 1660,3434"/>
                    <TextEquiv>
                        <Unicode>simpliciter</Unicode>
                    </TextEquiv>
                    <TextStyle fontFamily="Times New Roman" fontSize="9.0"/>
                </Word>
                <Word id="w_w2aab1c13b2c21b9ac61" language="English" custom="readingOrder {index:4;}">
                    <Coords points="1929,3383 2173,3383 2173,3422 1929,3422"/>
                    <TextEquiv>
                        <Unicode>necessaria</Unicode>
                    </TextEquiv>
                    <TextStyle fontFamily="Times New Roman" fontSize="9.0"/>
                </Word>
                <Word id="w_w2aab1c13b2c21b9ac83" language="English" custom="readingOrder {index:5;}">
                    <Coords points="2195,3381 2250,3381 2250,3420 2195,3420"/>
                    <TextEquiv>
                        <Unicode>ad</Unicode>
                    </TextEquiv>
                    <TextStyle fontFamily="Times New Roman" fontSize="9.0"/>
                </Word>
                <TextEquiv>
                    <Unicode>Scriptura non sit simpliciter necessaria ad</Unicode>
                </TextEquiv>
                <TextStyle fontFamily="Times New Roman" fontSize="9.0"/>
            </TextLine>
            <TextLine id="tl_98" primaryLanguage="English" custom="readingOrder {index:5;}">
                <Coords points="1239,3458 2252,3458 2252,3509 1239,3509"/>
                <Baseline points="1239,3498 1436,3505 1603,3498 1720,3498 1807,3498 2024,3496 2160,3497 2252,3496"/>
                <Word id="w_w2aab1c13b2c21c11ab1" language="English" custom="readingOrder {index:0;}">
                    <Coords points="1239,3460 1436,3460 1436,3505 1239,3505"/>
                    <TextEquiv>
                        <Unicode>salutem,</Unicode>
                    </TextEquiv>
                    <TextStyle fontFamily="Times New Roman" fontSize="9.0"/>
                </Word>
                <Word id="w_w2aab1c13b2c21c11ac19" language="English" custom="readingOrder {index:1;}">
                    <Coords points="1461,3463 1603,3463 1603,3498 1461,3498"/>
                    <TextEquiv>
                        <Unicode>tamen</Unicode>
                    </TextEquiv>
                    <TextStyle fontFamily="Times New Roman" fontSize="9.0"/>
                </Word>
                <Word id="w_w2aab1c13b2c21c11ac31" language="English" custom="readingOrder {index:2;}">
                    <Coords points="1632,3470 1720,3470 1720,3498 1632,3498"/>
                    <TextEquiv>
                        <Unicode>non</Unicode>
                    </TextEquiv>
                    <TextStyle fontFamily="Times New Roman" fontSize="9.0"/>
                </Word>
                <Word id="w_w2aab1c13b2c21c11ac39" language="English" custom="readingOrder {index:3;}">
                    <Coords points="1743,3463 1807,3463 1807,3498 1743,3498"/>
                    <TextEquiv>
                        <Unicode>est</Unicode>
                    </TextEquiv>
                    <TextStyle fontFamily="Times New Roman" fontSize="9.0"/>
                </Word>
                <Word id="w_w2aab1c13b2c21c11ac47" language="English" custom="readingOrder {index:4;}">
                    <Coords points="1845,3458 2024,3458 2024,3497 1845,3497"/>
                    <TextEquiv>
                        <Unicode>dubium</Unicode>
                    </TextEquiv>
                    <TextStyle fontFamily="Times New Roman" fontSize="9.0"/>
                </Word>
                <Word id="w_w2aab1c13b2c21c11ac61" language="English" custom="readingOrder {index:5;}">
                    <Coords points="2057,3458 2160,3458 2160,3507 2057,3507"/>
                    <TextEquiv>
                        <Unicode>quin</Unicode>
                    </TextEquiv>
                    <TextStyle fontFamily="Times New Roman" fontSize="9.0"/>
                </Word>
                <Word id="w_w2aab1c13b2c21c11ac71" language="English" custom="readingOrder {index:6;}">
                    <Coords points="2198,3459 2252,3459 2252,3496 2198,3496"/>
                    <TextEquiv>
                        <Unicode>sit</Unicode>
                    </TextEquiv>
                    <TextStyle fontFamily="Times New Roman" fontSize="9.0"/>
                </Word>
                <TextEquiv>
                    <Unicode>salutem, tamen non est dubium quin sit</Unicode>
                </TextEquiv>
                <TextStyle fontFamily="Times New Roman" fontSize="9.0"/>
            </TextLine>
            <TextLine id="tl_99" primaryLanguage="English" custom="readingOrder {index:6;}">
                <Coords points="1239,3533 2253,3533 2253,3583 1239,3583"/>
                <Baseline points="1239,3575 1486,3575 1570,3574 1762,3575 1906,3581 2011,3573 2110,3571 2253,3572"/>
                <Word id="w_w2aab1c13b2c21c13ab1" language="English" custom="readingOrder {index:0;}">
                    <Coords points="1239,3534 1486,3534 1486,3576 1239,3576"/>
                    <TextEquiv>
                        <Unicode>necessaria</Unicode>
                    </TextEquiv>
                    <TextStyle fontFamily="Times New Roman" fontSize="9.0"/>
                </Word>
                <Word id="w_w2aab1c13b2c21c13ac23" language="English" custom="readingOrder {index:1;}">
                    <Coords points="1517,3535 1570,3535 1570,3574 1517,3574"/>
                    <TextEquiv>
                        <Unicode>ad</Unicode>
                    </TextEquiv>
                    <TextStyle fontFamily="Times New Roman" fontSize="9.0"/>
                </Word>
                <Word id="w_w2aab1c13b2c21c13ac29" language="English" custom="readingOrder {index:2;}">
                    <Coords points="1610,3536 1762,3536 1762,3575 1610,3575"/>
                    <TextEquiv>
                        <Unicode>melius</Unicode>
                    </TextEquiv>
                    <TextStyle fontFamily="Times New Roman" fontSize="9.0"/>
                </Word>
                <Word id="w_w2aab1c13b2c21c13ac43" language="English" custom="readingOrder {index:3;}">
                    <Coords points="1795,3545 1906,3545 1906,3581 1795,3581"/>
                    <TextEquiv>
                        <Unicode>esse,</Unicode>
                    </TextEquiv>
                    <TextStyle fontFamily="Times New Roman" fontSize="9.0"/>
                </Word>
                <Word id="w_w2aab1c13b2c21c13ac55" language="English" custom="readingOrder {index:4;}">
                    <Coords points="1929,3534 2011,3534 2011,3573 1929,3573"/>
                    <TextEquiv>
                        <Unicode>hoc</Unicode>
                    </TextEquiv>
                    <TextStyle fontFamily="Times New Roman" fontSize="9.0"/>
                </Word>
                <Word id="w_w2aab1c13b2c21c13ac63" language="English" custom="readingOrder {index:5;}">
                    <Coords points="2044,3536 2110,3536 2110,3573 2044,3573"/>
                    <TextEquiv>
                        <Unicode>est</Unicode>
                    </TextEquiv>
                    <TextStyle fontFamily="Times New Roman" fontSize="9.0"/>
                </Word>
                <Word id="w_w2aab1c13b2c21c13ac71" language="English" custom="readingOrder {index:6;}">
                    <Coords points="2140,3533 2253,3533 2253,3572 2140,3572"/>
                    <TextEquiv>
                        <Unicode>utilis</Unicode>
                    </TextEquiv>
                    <TextStyle fontFamily="Times New Roman" fontSize="9.0"/>
                </Word>
                <TextEquiv>
                    <Unicode>necessaria ad melius esse, hoc est utilis</Unicode>
                </TextEquiv>
                <TextStyle fontFamily="Times New Roman" fontSize="9.0"/>
            </TextLine>
            <TextLine id="tl_100" primaryLanguage="English" custom="readingOrder {index:7;}">
                <Coords points="1241,3610 2250,3610 2250,3662 1241,3662"/>
                <Baseline points="1241,3651 1290,3650 1577,3657 1699,3649 1924,3647 2012,3648 2250,3637"/>
                <Word id="w_w2aab1c13b2c21c15ab1" language="English" custom="readingOrder {index:0;}">
                    <Coords points="1241,3624 1290,3624 1290,3651 1241,3651"/>
                    <TextEquiv>
                        <Unicode>ac</Unicode>
                    </TextEquiv>
                    <TextStyle fontFamily="Times New Roman" fontSize="9.0"/>
                </Word>
                <Word id="w_w2aab1c13b2c21c15ab7" language="English" custom="readingOrder {index:1;}">
                    <Coords points="1307,3611 1577,3611 1577,3657 1307,3657"/>
                    <TextEquiv>
                        <Unicode>conducens;</Unicode>
                    </TextEquiv>
                    <TextStyle fontFamily="Times New Roman" fontSize="9.0"/>
                </Word>
                <Word id="w_w2aab1c13b2c21c15ac29" language="English" custom="readingOrder {index:2;}">
                    <Coords points="1602,3622 1699,3622 1699,3650 1602,3650"/>
                    <TextEquiv>
                        <Unicode>nam</Unicode>
                    </TextEquiv>
                    <TextStyle fontFamily="Times New Roman" fontSize="9.0"/>
                </Word>
                <Word id="w_w2aab1c13b2c21c15ac37" language="English" custom="readingOrder {index:3;}">
                    <Coords points="1718,3613 1924,3613 1924,3661 1718,3661"/>
                    <TextEquiv>
                        <Unicode>quantum</Unicode>
                    </TextEquiv>
                    <TextStyle fontFamily="Times New Roman" fontSize="9.0"/>
                </Word>
                <Word id="w_w2aab1c13b2c21c15ac53" language="English" custom="readingOrder {index:4;}">
                    <Coords points="1962,3610 2012,3610 2012,3648 1962,3648"/>
                    <TextEquiv>
                        <Unicode>ad</Unicode>
                    </TextEquiv>
                    <TextStyle fontFamily="Times New Roman" fontSize="9.0"/>
                </Word>
                <Word id="w_w2aab1c13b2c21c15ac59" language="English" custom="readingOrder {index:5;}">
                    <Coords points="2044,3619 2250,3619 2250,3648 2044,3648"/>
                    <TextEquiv>
                        <Unicode>cseremo-</Unicode>
                    </TextEquiv>
                    <TextStyle fontFamily="Times New Roman" fontSize="9.0"/>
                </Word>
                <TextEquiv>
                    <Unicode>ac conducens; nam quantum ad cseremo-</Unicode>
                </TextEquiv>
                <TextStyle fontFamily="Times New Roman" fontSize="9.0"/>
            </TextLine>
            <TextLine id="tl_101" primaryLanguage="English" custom="readingOrder {index:8;}">
                <Coords points="1241,3685 2258,3685 2258,3741 1241,3741"/>
                <Baseline points="1241,3728 1383,3734 1505,3726 1767,3726 1967,3725 2119,3725 2258,3728"/>
                <Word id="w_w2aab1c13b2c21c17ab1" language="English" custom="readingOrder {index:0;}">
                    <Coords points="1241,3689 1383,3689 1383,3734 1241,3734"/>
                    <TextEquiv>
                        <Unicode>nialia,</Unicode>
                    </TextEquiv>
                    <TextStyle fontFamily="Times New Roman" fontSize="9.0"/>
                </Word>
                <Word id="w_w2aab1c13b2c21c17ac17" language="English" custom="readingOrder {index:1;}">
                    <Coords points="1407,3688 1505,3688 1505,3738 1407,3738"/>
                    <TextEquiv>
                        <Unicode>quia</Unicode>
                    </TextEquiv>
                    <TextStyle fontFamily="Times New Roman" fontSize="9.0"/>
                </Word>
                <Word id="w_w2aab1c13b2c21c17ac27" language="English" custom="readingOrder {index:2;}">
                    <Coords points="1525,3686 1767,3686 1767,3738 1525,3738"/>
                    <TextEquiv>
                        <Unicode>significant</Unicode>
                    </TextEquiv>
                    <TextStyle fontFamily="Times New Roman" fontSize="9.0"/>
                </Word>
                <Word id="w_w2aab1c13b2c21c17ac51" language="English" custom="readingOrder {index:3;}">
                    <Coords points="1787,3686 1967,3686 1967,3739 1787,3739"/>
                    <TextEquiv>
                        <Unicode>mystice</Unicode>
                    </TextEquiv>
                    <TextStyle fontFamily="Times New Roman" fontSize="9.0"/>
                </Word>
                <Word id="w_w2aab1c13b2c21c17ac67" language="English" custom="readingOrder {index:4;}">
                    <Coords points="1989,3687 2119,3687 2119,3726 1989,3726"/>
                    <TextEquiv>
                        <Unicode>multa</Unicode>
                    </TextEquiv>
                    <TextStyle fontFamily="Times New Roman" fontSize="9.0"/>
                </Word>
                <Word id="w_w2aab1c13b2c21c17ac79" language="English" custom="readingOrder {index:5;}">
                    <Coords points="2156,3685 2258,3685 2258,3728 2156,3728"/>
                    <TextEquiv>
                        <Unicode>fidei</Unicode>
                    </TextEquiv>
                    <TextStyle fontFamily="Times New Roman" fontSize="9.0"/>
                </Word>
                <TextEquiv>
                    <Unicode>nialia, quia significant mystice multa fidei</Unicode>
                </TextEquiv>
                <TextStyle fontFamily="Times New Roman" fontSize="9.0"/>
            </TextLine>
            <TextEquiv>
                <Unicode>Respondetur negando minorem : Quam- Nihil in
vis enim cognitio caeremonialium et plu- superfluunt,
riuvn historiarum, ac etiam documentorum
et instructionum contentarum in sacra
Scriptura non sit simpliciter necessaria ad
salutem, tamen non est dubium quin sit
necessaria ad melius esse, hoc est utilis
ac conducens; nam quantum ad cseremo-
nialia, quia significant mystice multa fidei</Unicode>
            </TextEquiv>
        </TextRegion>
    </Page>
</PcGts>
