2682 3979
363 333 505 374 omnia
552 329 911 380 proponerentur,
951 327 1079 373 atque
1131 319 1239 358 adeo
1273 327 1367 357 eam

361 404 627 445 sufficienter
668 403 890 441 continere
918 399 1039 451 juxta
1066 395 1238 446 regulas
1268 390 1369 430 divi¬

362 492 424 521 na}
445 478 722 531 providenda)
754 486 850 528 quae
879 474 932 514 ad
963 476 1152 513 nostram
1190 469 1368 508 salutem

361 556 622 597 conducunt.

414 634 564 672 Posset
580 630 762 671 ulterius
778 628 924 679 objici,
949 624 1065 676 quod
1079 625 1167 673 ipsa
1183 621 1369 671 Scriptu¬

359 720 402 749 ra
419 709 472 748 sit
487 706 610 748 valde
629 704 806 745 difficilis
829 706 872 744 et
892 703 1090 747 obscura,
1119 708 1205 737 non
1234 697 1369 736 solum

361 784 506 835 quoad
533 795 583 823 ea
619 792 716 833 quae
739 779 938 830 implicite
977 780 1139 816 tantum
1168 774 1369 817 continet,

359 861 438 900 sed
459 862 585 900 etiam
603 858 746 909 quoad
763 869 812 898 ea
830 866 927 907 quae
945 853 1142 904 explicile
1159 851 1370 895 continet;

363 947 467 987 ergo
484 946 570 976 non
592 937 783 975 continet
797 931 1059 973 sufficienter
1078 927 1279 979 mysteria
1300 934 1372 964 ne¬

364 1022 548 1052 cessaria
577 1010 632 1052 ad
665 1010 864 1049 salutem.
888 1005 1159 1046 Antecedens
1181 1000 1372 1052 quamvis

363 1091 549 1139 negetur
567 1087 618 1126 ab
635 1083 1047 1130 haereticis,Luthero
1065 1083 1108 1119 in
1122 1079 1374 1129 praefatione

366 1165 607 1204 assertionis
627 1161 910 1201 articulorum
931 1170 957 1197 a
978 1161 1106 1197 Leone
1126 1158 1245 1204 Papa
1261 1156 1373 1193 dam¬

366 1245 571 1280 natorum,
571 1272 577 1287 ,
612 1243 652 1278 et
673 1237 843 1277 Brentio
864 1237 908 1274 in
936 1232 1246 1285 prolegomenis
1282 1240 1372 1270 con¬

365 1320 434 1354 tra
454 1318 626 1354 Petrum
659 1325 683 1351 a
710 1316 827 1358 Soto,
859 1310 1036 1360 aliisque
1084 1305 1375 1348 asserentibus

370 1392 628 1442 Scripturam
658 1388 827 1428 facilem
859 1397 954 1427 esse
986 1384 1214 1425 humilibus
1247 1393 1296 1421 ac
1327 1381 1369 1421 fi¬

369 1467 556 1515 delibus,
581 1465 818 1517 praesertim
846 1463 940 1510 illis,
973 1463 1045 1513 qui
1082 1461 1222 1500 sciunt
1248 1460 1373 1509 phra¬

365 1556 437 1585 ses
479 1545 639 1595 linguae
676 1542 889 1582 Hebraicae
922 1543 965 1578 et
998 1539 1168 1584 Graecae,
1211 1533 1377 1575 admitti

367 1623 511 1658 tamen
533 1617 664 1657 debet
695 1627 792 1655 cum
828 1614 1056 1656 Catholicis
1091 1612 1300 1658 omnibus,
1337 1613 1378 1649 et

368 1696 486 1741 patet
525 1695 613 1731 tum
652 1702 705 1730 ex
731 1693 822 1740 ipsa
857 1689 1071 1737 Scriptura
1093 1689 1131 1727 2.
1167 1689 1275 1725 Petr.
1300 1685 1374 1724 ult.

368 1768 440 1806 ubi
480 1768 630 1807 Petrus
661 1765 820 1805 fatetur
847 1764 1041 1816 quaedam
1063 1761 1246 1802 difficilia
1281 1770 1376 1800 esse

370 1843 414 1882 in
434 1843 632 1892 Epistolis
654 1842 896 1881 Pauli.Tum
919 1850 972 1879 ex
986 1839 1198 1884 Patribus,
1221 1839 1376 1877 Irenaeo

367 1917 442 1957 lib.
475 1919 512 1958 2.
548 1928 641 1967 cap.
682 1917 746 1956 47.
782 1915 895 1964 Orig.
935 1916 972 1954 7.
1027 1917 1174 1953 CGntra
1197 1913 1375 1961 Celsum,

367 1993 564 2034 Ambros.
595 1993 713 2043 epist.
755 1992 816 2031 44.
859 1991 1113 2042 Hieronymo
1153 1991 1197 2028 in
1227 1991 1378 2038 episto¬

364 2069 409 2107 la
439 2071 500 2109 ad
550 2069 788 2120 Algasam,
819 2068 1049 2117 August.2.
1078 2068 1188 2105 Doct.
1226 2065 1375 2104 Christ.

361 2144 568 2196 Gregorio
617 2144 797 2184 homilia
826 2143 863 2184 6.
907 2144 950 2182 in
984 2141 1254 2182 Ezechielem■
1275 2143 1381 2180 Tum

364 2221 637 2272 experientia
685 2224 746 2260 tot
775 2220 1162 2261 controversiarum
1199 2218 1253 2257 de
1277 2228 1377 2257 vero

364 2298 594 2348 Scripturae
638 2307 770 2337 sensu
791 2301 833 2336 et
872 2299 932 2335 tot
977 2297 1379 2344 interpretationum

364 2373 629 2412 diversarum
662 2374 772 2424 ejus,
806 2383 896 2422 quae
918 2371 1032 2412 omni
1057 2375 1250 2420 tempore
1284 2369 1376 2408 fue¬

365 2453 464 2488 runt
486 2453 528 2489 et
561 2448 701 2488 adhuc
722 2452 847 2496 sunt;
875 2451 962 2487 tum
984 2447 1171 2499 denique
1207 2456 1377 2485 eorum-

369 2526 469 2565 dem
526 2526 821 2565 haereticorum
870 2524 1171 2570 consensione,
1209 2523 1382 2562 Lutheri

374 2601 549 2652 quidem
568 2601 641 2641 lib.
676 2603 713 2642 1.
750 2604 897 2640 contra
915 2601 1156 2650 Zvinglium
1193 2604 1230 2639 et
1271 2602 1378 2638 Eco-

365 2677 644 2728 lampadium,
686 2678 844 2718 Brentii
895 2679 994 2717 vero
1047 2679 1091 2716 in
1123 2678 1378 2725 confessione

373 2756 739 2806 Wirlembergica,
780 2766 871 2805 cap.
913 2755 963 2794 de
995 2764 1119 2793 sacra
1139 2753 1374 2801 Scriptura.

429 2837 578 2886 Itaque
647 2842 855 2872 concesso
919 2829 1211 2876 antecedenti,
1262 2839 1376 2880 nego

365 2910 735 2962 consequentiam,
758 2909 859 2959 quia
896 2910 944 2946 ut
989 2910 1088 2946 ante
1125 2904 1225 2954 dixi,
1264 2904 1376 2945 suffi-

366 2989 522 3028 cientia
568 2985 875 3037 propositionis
926 2984 1231 3035 mysteriorum
1276 2981 1378 3021 fidei

364 3074 452 3103 non
483 3062 614 3102 debet
651 3060 831 3110 praecise
880 3057 1047 3096 desumi
1087 3067 1137 3096 ex
1184 3056 1375 3095 claritate

364 3139 483 3180 modi
511 3149 595 3188 quo
627 3139 935 3187 proponuntur,
968 3144 1048 3173 nec
1079 3130 1379 3172 insufficientia

367 3228 420 3256 ex
477 3210 764 3260 obscuritate,
813 3211 891 3252 sed
942 3211 1085 3260 potius
1131 3221 1181 3248 ex
1220 3210 1381 3248 utilita¬

365 3298 405 3333 te
422 3296 464 3332 et
487 3293 775 3332 emolumento
796 3288 911 3328 modi
944 3300 1027 3338 quo
1062 3289 1374 3338 proponuntur,

365 3371 455 3410 sive
512 3369 614 3409 clari
665 3368 753 3407 sive
801 3365 988 3411 obscuri,
1036 3374 1124 3403 non
1178 3365 1375 3412 respectu

365 3448 493 3485 unius
515 3449 586 3484 aut
623 3443 812 3490 alterius,
849 3441 927 3481 sed
953 3442 1156 3490 respectu
1190 3449 1375 3477 commu¬

366 3523 509 3562 nitatis
541 3521 672 3562 debet
710 3517 878 3559 desumi
915 3515 1170 3556 sufficientia
1204 3518 1246 3554 et
1279 3524 1376 3557 con¬

367 3600 529 3651 genitas
549 3595 866 3649 propositionis.
899 3594 1062 3634 Utilitas
1097 3594 1239 3631 autem
1272 3602 1377 3630 con¬

1441 312 1661 364 gruentiae,
1683 310 1737 350 ob
1763 320 1892 360 quam
1922 308 2136 358 Scriptura
2160 305 2302 357 quoad
2319 304 2451 344 multa

1442 390 1496 428 sit
1515 388 1697 426 obscure
1721 385 1954 437 proposita,
1985 383 2192 433 colligitur
2228 382 2282 422 ob
2328 382 2452 420 ratio¬

1446 473 1524 503 nes
1553 462 1676 502 istius
1697 462 1890 501 obscurae
1904 459 2221 511 propositionis,
2251 468 2356 509 quas
2392 468 2453 496 as¬

1444 541 1617 590 signant
1633 539 1775 577 Sancli
1797 539 1957 584 Patres,
1991 545 2167 586 quarum
2190 535 2353 585 aliquas
2386 533 2453 572 hic

1442 615 1634 654 breviter
1653 623 1900 663 proponere
1920 614 2058 652 visum
2086 614 2166 651 est.

1497 691 1677 729 Primam
1717 690 1922 728 rationem
1955 689 2146 739 assignat
2175 687 2216 726 8.
2271 688 2458 725 Irenaeus

1445 766 1518 806 lib.
1543 768 1579 805 2.
1605 777 1682 814 cap
1715 767 1780 804 47.
1826 769 1871 805 ut
1907 775 2083 815 semper
2103 765 2213 802 Deus
2246 762 2399 802 doceat
2419 765 2460 800 et

1453 842 1581 882 homo
1605 840 1739 881 discat
1761 844 1767 887 :
1800 842 1910 887 Quid
1942 840 2053 880 mali
2080 844 2152 887 esi,
2173 840 2325 889 inquit,
2351 841 2388 876 si
2424 840 2459 875 et

1445 927 1589 956 eorum
1609 927 1702 965 quae
1723 917 1764 955 in
1788 917 2021 965 Scriptura
2037 917 2317 964 requiruntur
2322 924 2331 962 ,
2355 924 2461 962 quae¬

1445 993 1543 1031 dam
1574 992 1743 1041 quidem
1780 990 2045 1030 absolvamus
2086 989 2310 1029 secundum
2354 999 2456 1038 gra¬

1444 1069 1549 1106 tiam
1587 1069 1663 1106 Dei
1666 1078 1674 1116 ,
1728 1069 1916 1116 quaedam
1954 1070 2093 1106 autem
2127 1067 2461 1106 commendemus

1448 1145 1546 1188 Deo,
1561 1146 1595 1181 et
1610 1153 1689 1181 non
1704 1142 1837 1181 solum
1852 1143 1892 1180 in
1900 1143 1977 1180 hoc
1989 1142 2153 1187 saeculo,
2164 1143 2234 1182 sed
2247 1146 2282 1181 et
2297 1143 2338 1180 in
2345 1142 2459 1189 futu¬

1448 1229 1507 1265 ro,
1537 1222 1580 1257 ut
1612 1228 1774 1267 semper
1804 1220 1973 1268 quidem
2018 1222 2126 1259 Deus
2155 1219 2298 1257 doceat
2303 1218 2312 1263 ,
2336 1218 2460 1256 homo

1449 1297 1589 1332 autem
1603 1305 1764 1343 semper
1780 1295 1908 1334 discat
1925 1305 2016 1343 quae
2030 1298 2122 1333 sunt
2137 1304 2162 1332 a
2176 1296 2276 1332 Deo.

1501 1369 1747 1409 Secundam
1780 1373 1822 1409 et
1862 1373 2025 1409 tertiam
2074 1371 2284 1409 rationem
2340 1368 2462 1407 affert

1449 1447 1714 1496 Augustinus
1735 1447 1773 1485 2.
1799 1448 1848 1485 de
1868 1449 1981 1485 Doct.
2009 1447 2264 1493 Christiana,
2285 1444 2339 1484 ad
2361 1445 2461 1484 edo¬

1449 1522 1654 1562 mandam
1701 1522 1940 1573 superbiam
1994 1526 2036 1560 et
2077 1521 2314 1562 tollendum
2346 1520 2458 1560 fasti¬

1452 1596 1566 1636 dium
1591 1600 1599 1635 :
1630 1600 1709 1645 Ita,
1731 1598 1885 1647 inquit,
1903 1599 2096 1646 quaedam
2115 1599 2228 1637 dicta
2264 1598 2323 1646 fin
2354 1598 2461 1636 Scri¬

1451 1676 1575 1723 ptura
1604 1673 1766 1712 scilicet
1813 1672 1961 1724 sacra),
1982 1674 2271 1713 densissimam
2309 1674 2458 1722 caligi¬

1449 1759 1545 1787 nem
1579 1749 1796 1788 obducunt.
1832 1747 1956 1797 Quod
1981 1752 2115 1788 totum
2155 1750 2370 1798 provisum
2401 1748 2459 1787 di¬

1450 1824 1611 1862 vinitus
1648 1833 1744 1862 esse
1785 1834 1869 1863 non
1894 1823 2054 1872 dubito,
2086 1822 2140 1862 ad
2174 1823 2459 1863 edomandam

1450 1900 1596 1939 labore
1617 1899 1867 1949 superbiam
1907 1902 1949 1938 et
1977 1900 2241 1939 intellectum
2279 1911 2303 1940 a
2348 1899 2461 1939 fasti¬

1454 1975 1520 2016 dio
1568 1975 1873 2022 revocandum,
1922 1976 1989 2014 cui
2040 1974 2163 2014 facile
2206 1975 2463 2028 investigata

1453 2054 1710 2103 plerumque
1732 2053 1965 2092 viluerunt.

1506 2130 1708 2177 Quartam
1739 2133 1782 2168 et
1829 2132 2020 2180 quintam
2070 2128 2192 2168 affert
2232 2130 2463 2182 Gregorius

1451 2206 1598 2244 homil.
1621 2205 1659 2244 6.
1691 2205 1735 2243 in
1756 2205 2028 2251 Ezechielem,
2053 2208 2100 2244 ut
2119 2206 2281 2245 scilicet
2299 2206 2460 2246 habea¬

1451 2291 1547 2319 mus
1587 2291 1670 2331 quo
1723 2281 1903 2320 vitemus
1943 2281 2075 2320 otium
2116 2283 2157 2319 et
2197 2292 2251 2320 ne
2289 2282 2464 2321 vilescat

1452 2356 1666 2406 Scriptura
1686 2369 1693 2394 :
1912 2357 2062 2406 inquit,
2087 2357 2282 2397 utilitatis
2301 2361 2358 2397 est
2372 2359 2463 2403 ipsa

1452 2431 1685 2470 obscuritas
1717 2431 1987 2480 eloquiorum
2019 2432 2107 2477 Dei,
2157 2433 2260 2480 quia
2297 2437 2462 2472 exercet

1452 2516 1631 2553 sensum,
1654 2510 1699 2545 ut
1716 2507 1964 2556 fatigatione
1993 2507 2193 2546 dilatetur
2222 2511 2259 2547 et
2301 2511 2460 2549 exerci¬

1451 2586 1562 2621 tatus
1581 2583 1740 2632 capiat,
1772 2584 1885 2632 quod
1920 2593 2069 2632 capere
2095 2594 2177 2622 non
2197 2588 2333 2633 potest
2361 2587 2462 2625 otio¬

1449 2670 1532 2697 sus.
1549 2660 1677 2698 Ilabet
1697 2670 1861 2708 quoque
1890 2661 2028 2699 adhuc
2047 2661 2187 2709 majus
2208 2661 2343 2708 aliud,
2362 2663 2462 2711 quia

1449 2735 1487 2773 si
1512 2735 1746 2784 Scripturae
1764 2745 1895 2774 sacrae
1915 2736 2191 2785 intelligenlia
2227 2738 2272 2776 in
2304 2739 2462 2776 cunctis

1450 2814 1549 2849 esset
1579 2813 1741 2859 aperta,
1763 2812 1988 2858 vilesceret,
2026 2822 2116 2861 quae
2147 2813 2190 2850 in
2210 2813 2462 2861 quibusdam

1449 2886 1550 2924 locis
1569 2886 1895 2932 obscurioribus,
1923 2890 2039 2925 tanto
2065 2888 2228 2937 majori
2244 2888 2461 2928 dulcedine

1449 2961 1614 3002 ‘inventa
1627 2963 1774 3010 reficit,
1807 2967 1960 3012 quanto
1989 2964 2152 3013 majori
2169 2963 2315 3004 labore
2354 2964 2456 3012 fati¬

1449 3043 1520 3086 gat
1541 3039 1727 3078 animam
1757 3039 1943 3087 quaesita.

1503 3115 1780 3163 Objectiones
1801 3115 2100 3153 haereticorum
2125 3115 2178 3154 ad
2195 3116 2459 3165 probandam

1454 3189 1682 3240 Scripturae
1716 3199 1849 3229 sacrae
1878 3187 2129 3229 facilitatem
2171 3191 2327 3230 nullius
2362 3196 2462 3231 sunt

1450 3266 1670 3312 momenti,
1705 3268 1748 3304 et
1779 3263 2044 3304 sufficienter
2071 3266 2295 3306 solvuntur
2323 3278 2344 3307 a
2367 3269 2464 3307 Bel¬

1450 3343 1514 3381 lar
1519 3342 1570 3380 mi
1577 3343 1629 3381 no
1650 3342 1724 3381 lib.
1744 3341 1780 3381 3.
1804 3343 1854 3381 de
1872 3341 1996 3380 verbo
2029 3342 2105 3381 Dei
2130 3345 2285 3393 scripto
2311 3355 2403 3394 cap.
2421 3345 2460 3385 2.
