2682 3979
323 357 529 398 rationale
560 360 730 409 proprie
752 365 817 400 est
852 364 958 403 ratio
979 361 1168 404 formalis
1190 368 1323 406 conti¬

323 432 471 480 nendi,
494 438 537 472 et
556 434 653 474 ideo
676 447 721 475 se
744 437 874 478 habet
893 444 938 490 ut
972 451 1066 490 quo,
1084 441 1328 494 subjectum

323 520 422 549 vero
441 513 485 560 ut
501 513 624 560 quod.
636 514 683 552 Et
704 515 802 564 quia
819 515 1032 557 evidentia
1054 518 1162 558 illius
1184 519 1329 558 imme¬

319 585 446 624 diatae
467 589 658 628 continet
679 589 925 632 immediate
944 593 1203 634 evidentiam
1226 605 1329 634 con¬

319 662 535 710 clusionis,
558 666 752 716 sequitur
767 668 881 718 quod
898 669 1143 720 subjectum
1162 674 1328 711 remote

320 740 510 779 continet
543 741 779 783 virtualiler
817 744 1078 786 evidentiam
1121 748 1208 786 sive
1240 748 1326 788 evi¬

319 814 495 854 dentem
534 816 831 859 habitudinem
872 820 1087 871 pra*dicali
1131 823 1185 862 ad
1229 826 1327 864 sub¬

312 891 478 941 jectum
516 892 650 943 ipsius
682 897 966 936 conclusionis
985 911 994 943 ;
1034 905 1075 940 et
1115 901 1175 939 sic
1211 905 1329 951 patet

321 967 538 1017 quomodo
580 969 822 1021 subjectum
859 974 1096 1015 virtualiler
1138 978 1329 1018 continet

318 1054 492 1084 omnem
510 1049 733 1087 veritatem
765 1049 876 1088 illius
903 1050 1074 1090 habitus
1095 1053 1216 1102 cujus
1237 1057 1318 1093 est.

367 1121 505 1161 Tertio
525 1124 734 1172 praemitto
753 1125 867 1175 quod
885 1136 978 1164 cum
997 1125 1191 1173 dicimus,
1211 1129 1326 1179 quod

315 1198 519 1237 veritates
540 1199 779 1240 scienlificae
792 1200 1141 1242 demonstrantur
1160 1204 1212 1243 de
1229 1206 1328 1244 sub¬

309 1272 428 1324 jecto
450 1275 654 1321 scientiae,
690 1287 776 1315 non
815 1278 1067 1328 inlelligitur
1099 1279 1217 1330 quod
1248 1281 1328 1320 de¬

315 1353 577 1390 monstretur
613 1352 704 1402 ipsa
727 1354 961 1400 conclusio,
1003 1357 1102 1406 quia
1133 1356 1202 1395 illa
1242 1368 1327 1396 non

314 1424 575 1475 praedicatur
605 1427 658 1466 de
688 1428 902 1480 subjecto,
945 1441 1025 1469 nec
1053 1433 1229 1481 praecise
1265 1433 1327 1472 in-

316 1502 520 1553 telligitur
557 1503 675 1554 quod
721 1504 1048 1547 demonstretur
1089 1509 1230 1558 passio
1273 1510 1327 1549 de

314 1578 529 1629 subjecto,
552 1579 631 1619 sed
656 1580 976 1622 demonstratur
1001 1586 1169 1635 proprie
1201 1586 1326 1626 inhae¬

315 1655 449 1694 rentia
478 1657 567 1696 sive
602 1657 807 1698 habitudo
841 1661 1050 1708 passionis
1092 1660 1147 1700 ad
1186 1663 1327 1714 subje¬

316 1735 429 1770 ctum
447 1746 456 1779 ;
480 1743 566 1772 non
588 1734 706 1783 quod
728 1735 822 1774 talis
852 1735 1055 1776 habitudo
1085 1739 1175 1777 sive
1196 1739 1325 1780 inhae¬

313 1809 448 1848 rentia
469 1809 512 1847 in
533 1820 579 1849 se
602 1809 920 1851 demonstretur
936 1812 989 1852 de
1010 1815 1225 1866 subjecto,
1248 1818 1326 1857 sed

316 1884 635 1925 demonstratur
667 1887 785 1937 quod
817 1888 956 1937 passio
998 1889 1097 1930 dicit
1124 1902 1325 1933 necessa¬

316 1961 420 2000 riam
461 1961 758 2002 habitudinem
808 1966 896 2005 sive
943 1967 1234 2009 inhaerentiam
1273 1971 1329 2010 ad

315 2037 556 2088 subjectum
580 2042 755 2089 propter
795 2040 1085 2083 definitionem
1124 2046 1326 2097 subjecti,

316 2123 409 2162 quae
447 2116 512 2152 est
551 2115 727 2164 praecise
771 2128 898 2158 causa
931 2119 1023 2159 talis
1062 2121 1327 2163 habitudinis

314 2189 583 2236 necessariae,
622 2191 681 2230 ita
702 2192 819 2241 quod
841 2195 978 2244 posito
1016 2198 1133 2236 omni
1172 2199 1262 2247 alio,
1286 2203 1330 2239 et

315 2265 404 2304 sola
460 2265 710 2307 definitione
755 2271 939 2321 subjecti
992 2273 1325 2327 circumscripta,

314 2341 430 2380 nulla
459 2346 575 2382 esset
599 2343 805 2384 habitudo
841 2349 1086 2388 necessaria
1118 2350 1328 2399 passionis

315 2416 370 2456 ad
415 2418 691 2469 subjectum;
732 2421 813 2460 sed
846 2424 983 2472 posita
1020 2425 1088 2464 illa
1129 2429 1172 2465 et
1212 2429 1328 2467 omni

315 2495 394 2533 alio
418 2495 756 2546 circumscripto,
799 2499 916 2549 quod
950 2512 1036 2541 non
1071 2506 1136 2542 est
1158 2503 1211 2543 de
1245 2504 1328 2544 for¬

315 2571 413 2610 mali
434 2571 597 2611 ratione
620 2573 870 2620 illius,esset
890 2580 1065 2626 praecisa
1087 2589 1215 2618 causa
1236 2582 1328 2622 talis

314 2645 575 2686 habitudinis
605 2653 869 2690 necessariae.

368 2724 526 2772 Quarto
550 2728 772 2776 praemitto,
797 2728 913 2778 quod
942 2729 1109 2769 habitus
1139 2731 1328 2773 scientiae

314 2803 456 2850 potest
502 2801 730 2851 dupliciter
756 2804 953 2856 inlelligi.
986 2808 1074 2848 Uno
1104 2809 1231 2850 modo
1251 2822 1325 2860 pro

313 2876 462 2916 notitia
479 2879 767 2918 conclusionis
788 2880 1104 2924 demonstratae.
1126 2885 1216 2924 Alio
1237 2898 1329 2926 mo¬

317 2951 370 2991 do
395 2964 469 3002 pro
492 2953 561 2992 illa
583 2954 835 2996 habitudine
858 2960 1097 3000 necessaria
1115 2963 1328 3010 passionis

314 3029 368 3068 ad
390 3029 646 3080 subjectum.
681 3033 882 3073 Secundo
914 3035 1042 3075 modo
1081 3038 1324 3089 subjectum

315 3107 381 3142 est
403 3106 576 3153 praecisa
609 3110 652 3144 et
681 3107 903 3158 adaequata
925 3120 1052 3150 causa
1073 3112 1185 3152 illius
1209 3113 1327 3154 habi¬

316 3181 383 3218 tus
416 3179 503 3218 sive
544 3181 804 3222 habitudinis
842 3188 1109 3233 necessariae,
1145 3199 1225 3238 qua
1265 3201 1330 3229 re¬

314 3259 445 3301 mota,
500 3260 616 3296 esset
657 3258 934 3307 impossibilis
981 3263 1073 3302 talis
1121 3263 1328 3305 habitudo

313 3333 576 3382 necessaria,
617 3334 698 3373 nisi
738 3334 903 3375 dicatur
930 3337 1047 3387 quod
1087 3339 1331 3382 intellectus

316 3409 483 3449 divinus
522 3411 576 3449 sit
623 3421 775 3457 causa,,
816 3413 918 3462 quia
969 3426 1120 3455 omnes
1163 3419 1332 3458 termini

314 3489 416 3526 sunt
445 3489 635 3536 praecise,
658 3497 734 3526 suo
761 3488 910 3535 modo,
929 3491 1125 3539 producti
1156 3493 1207 3531 ab
1233 3497 1331 3533 actu

313 3562 558 3601 intellectus
593 3562 736 3609 divini,
774 3567 825 3603 ut
851 3563 961 3603 infra
991 3568 1154 3616 patebit
1171 3569 1262 3609 dUt.
1288 3571 1327 3609 3.

317 3642 458 3688 quasst.
499 3638 536 3679 4.
579 3639 620 3678 et
657 3635 749 3680 dist.
787 3640 852 3680 36.
905 3640 969 3681 43.
1023 3647 1063 3682 et
1101 3644 1160 3683 sic
1208 3649 1328 3696 quasi

1402 370 1566 407 remote
1615 370 1803 408 continet
1834 368 1947 408 illam
1986 366 2329 408 conformitalem
2368 371 2411 408 et

1401 444 1711 484 habitudinem.
1760 445 1799 484 Si
1839 448 1981 484 tamen
2015 444 2258 494 subjectum
2297 447 2412 484 esset

1405 520 1785 569 circumscriptum,
1809 521 1900 559 talis
1921 519 2126 561 habitudo
2145 519 2258 560 nullo
2282 518 2410 559 modo

1403 600 1552 646 posset
1579 598 1742 646 haberi,
1776 601 1819 638 et
1855 601 1997 638 stante
2027 597 2192 638 ratione
2226 598 2411 648 subjecti

1404 675 1446 710 et
1467 672 1579 711 omni
1601 672 1680 711 alio
1702 676 1883 721 remoto,
1907 674 2050 713 stalim
2072 677 2220 723 posset
2246 672 2409 712 haberi.

1402 750 1463 788 De
1489 749 1637 790 habitu
1674 761 1774 789 vero
1815 750 1950 799 primo
1980 749 2126 796 modo,
2158 749 2319 790 scilicet
2358 749 2410 790 de

1402 826 1551 865 notitia
1589 826 1889 871 conclusionis,
1916 830 2081 866 certum
2108 830 2173 866 est
2195 825 2312 877 quod
2340 826 2409 865 illa

1400 903 1533 951 possit
1555 904 1716 942 causari
1733 914 1756 942 a
1771 903 1989 943 voluntate
2011 903 2168 951 divina,
2185 903 2244 943 sic
2267 910 2410 943 tamen

1400 978 1697 1030 inlelligendo,
1722 979 1839 1030 quod
1860 990 1944 1019 non
1966 983 2115 1030 posset
2137 981 2250 1019 illam
2266 981 2410 1019 imme¬

1401 1053 1517 1093 diate
1539 1064 1717 1094 causare
1737 1055 1780 1093 in
1817 1055 1959 1104 aliquo
1989 1055 2231 1101 intellectu,
2254 1057 2302 1094 ut
2331 1055 2411 1094 sibi

1403 1128 1648 1168 evidentem
1672 1133 1848 1180 propter
1867 1129 1997 1178 aliud,
2022 1130 2100 1168 nisi
2121 1131 2275 1169 saltem
2296 1129 2412 1179 prius

1402 1209 1551 1244 natura
1583 1209 1780 1244 causaret
1808 1207 1850 1244 in
1880 1205 1949 1244 illo
1971 1205 2191 1247 intellectu
2222 1206 2412 1244 notitiam

1401 1281 1704 1330 propositionis
1748 1279 2018 1326 immediatae,
2060 1285 2239 1331 propter
2281 1291 2410 1331 quam

1402 1359 1467 1395 est
1498 1356 1675 1396 evidens
1695 1357 1752 1397 illi
1783 1357 2032 1397 intellectui.
2055 1358 2179 1397 Aliud
2201 1361 2265 1396 est
2293 1357 2407 1396 enim

1404 1443 1579 1472 causare
1601 1434 1794 1473 notitiam
1817 1433 2344 1480 conclusionis'absolute,
2368 1436 2409 1473 et

1401 1509 1515 1548 aliud
1554 1513 1620 1548 est
1663 1510 1801 1560 ipsam
1839 1521 2015 1550 causare
2055 1513 2103 1549 ut
2142 1509 2405 1550 evidentem.

1400 1585 1619 1625 Evidentia
1669 1586 1783 1625 enim
1833 1586 1995 1626 notitiae
2054 1589 2117 1625 est
2162 1586 2412 1636 simpliciter

1400 1665 1579 1712 propter
1624 1663 1884 1702 evidentiam
1932 1663 2264 1714 principiorum;
2312 1662 2413 1702 licet

1402 1748 1506 1788 ergo
1539 1742 1688 1788 posset
1724 1739 1839 1779 illam
1872 1740 2068 1779 absolute
2108 1750 2285 1779 causare
2320 1739 2412 1779 sine

1401 1815 1632 1865 principiis,
1675 1826 1761 1855 non
1805 1819 1946 1855 tamen
1987 1820 2132 1866 posset
2169 1817 2285 1856 illam
2316 1826 2411 1855 cau¬

1400 1902 1495 1931 sare
1524 1895 1571 1930 ut
1601 1891 1846 1931 evidentem
1884 1891 1976 1932 sine
2010 1893 2084 1932 eis.
2115 1894 2163 1932 Et
2200 1893 2298 1932 ideo
2338 1904 2412 1942 po¬

1399 1969 1476 2008 sita
1523 1968 1742 2008 voluntate
1796 1967 1953 2016 divina,
2007 1971 2049 2008 et
2096 1969 2413 2019 circumscripla

1401 2045 1515 2084 omni
1536 2046 1703 2084 ratione
1745 2045 2048 2096 principiorum
2080 2048 2122 2084 et
2156 2045 2304 2085 notitia
2334 2055 2408 2085 eo¬

1400 2132 1510 2168 rum,
1542 2131 1628 2160 non
1650 2124 1799 2170 posset
1833 2121 1998 2160 causari
2027 2120 2069 2160 in
2097 2122 2317 2160 intellectu
2340 2131 2412 2160 no¬

1401 2201 1487 2237 stro
1511 2198 1659 2237 notitia
1680 2198 1872 2245 evidens,
1896 2201 1943 2236 ut
1964 2197 2144 2237 evidens
2165 2209 2189 2236 a
2219 2198 2309 2237 sola
2337 2208 2411 2237 vo¬

1401 2273 1562 2312 luntate
1587 2272 1753 2319 divina;
1786 2273 1865 2312 sed
1905 2283 1982 2323 per
2021 2273 2284 2322 impossibile
2315 2273 2408 2322 ipsa

1403 2349 1722 2397 circumscripla
1762 2352 1803 2388 et
1832 2350 1966 2399 posita
1996 2349 2085 2388 sola
2108 2352 2272 2389 ratione
2293 2352 2412 2399 prin¬

1401 2425 1608 2475 cipiorum
1659 2428 1701 2464 et
1756 2426 1905 2465 notitia
1948 2436 2114 2473 eorum,
2166 2425 2412 2466 immediate

1400 2502 1548 2540 notitia
1615 2500 1901 2540 conclusionis
1947 2505 1992 2540 ut
2039 2500 2218 2541 evidens
2265 2504 2414 2552 posset

1402 2578 1582 2622 causari,
1621 2576 1841 2627 loquendo
1884 2587 2058 2627 semper
2099 2577 2152 2617 de
2201 2577 2413 2618 evidentia

1400 2656 1580 2704 propter
1599 2653 1728 2701 aliud,
1751 2657 1793 2693 et
1823 2653 1876 2692 de
1900 2654 2117 2694 evidentia
2137 2665 2216 2704 per
2245 2653 2408 2695 discur¬

1400 2741 1494 2769 sum
1517 2729 1845 2781 syllogisticum,
1870 2741 1963 2779 quae
1997 2732 2064 2769 est
2085 2732 2258 2780 praecise
2280 2742 2303 2769 a
2345 2731 2411 2770 tali

1400 2805 1597 2856 subjecto
1622 2808 1664 2844 et
1694 2805 1847 2844 talibus
1887 2805 2118 2855 principiis.
2155 2805 2280 2854 Quod
2314 2805 2409 2847 dico

1399 2885 1576 2932 propter
1588 2881 1855 2920 intellectum
1871 2880 2074 2929 divinum,
2094 2884 2167 2932 qui
2189 2883 2410 2934 cognoscit

1400 2959 1511 2998 hanc
1534 2957 1869 3005 evidentissime,
1898 2958 2058 2998 scilicet
2082 2959 2205 2997 homo
2228 2963 2284 2998 est
2312 2961 2410 2999 risi¬

1403 3035 1512 3082 bilis,
1552 3033 1630 3074 sed
1654 3035 1769 3073 nullo
1791 3033 1921 3073 modo
1945 3038 2010 3074 est
2031 3038 2219 3081 causata,
2249 3046 2330 3074 nec
2353 3041 2418 3076 est

1400 3111 1481 3150 sibi
1501 3109 1680 3149 evidens
1710 3121 1790 3160 per
1818 3110 2060 3150 discursum
2081 3109 2411 3162 syllogisticum,

1402 3190 1450 3225 ut
1470 3185 1574 3226 infra
1608 3188 1725 3235 patet
1746 3188 1892 3235 quaesi,
1927 3186 2149 3236 penultim.
2191 3197 2288 3238 quae
2312 3189 2378 3226 est
2405 3200 2412 3225 :

1403 3265 1460 3301 An
1486 3262 1710 3310 Theologia
1730 3262 1782 3301 sit
1811 3262 1984 3302 scientia
1994 3274 2003 3309 ;
2044 3261 2090 3300 fit
2119 3264 2233 3302 enim
2261 3265 2412 3304 imme¬

1404 3337 1518 3376 diate
1538 3336 1617 3376 sibi
1639 3336 1817 3376 evidens
1838 3337 1891 3376 ab
1915 3338 2101 3376 essentia
2134 3337 2291 3385 divina,
2325 3350 2412 3380 non

1405 3421 1517 3458 enim
1547 3421 1611 3457 est
1638 3418 1720 3458 sibi
1749 3418 1923 3458 evidens
1950 3422 2127 3469 propter
2155 3420 2412 3460 evidentiam

1405 3494 1456 3534 ali
1465 3494 1586 3546 cujus
1606 3494 1820 3544 principii,
1854 3505 1947 3544 quae
1979 3495 2123 3534 omnia
2153 3496 2268 3534 bene
2295 3500 2411 3536 nota.

1403 3571 1463 3609 Ex
1496 3570 1562 3608 his
1609 3580 1712 3622 ergo
1751 3572 1869 3619 patet
1907 3569 2123 3620 quomodo
2170 3571 2414 3622 subjectum

1405 3645 1555 3685 dicitur
1576 3646 1793 3685 continere
1815 3645 2107 3697 praedicatum,
2130 3648 2294 3688 scilicet
2311 3659 2409 3697 pas-
