2682 3979
363 412 482 450 istius
503 409 674 448 minime
697 406 975 454 concludunt,
994 406 1140 445 essent
1156 404 1269 442 enim
1291 401 1369 440 alia

364 489 618 537 argumenta
637 484 771 524 multo
794 483 1048 522 efficaciora.

416 562 568 601 Ultimo
589 561 731 612 arguit
752 559 999 611 Gregorius,
1024 556 1123 607 quia
1155 553 1372 604 splirvrici¬

364 642 426 678 tas
443 640 507 678 est
529 639 668 687 passio
691 637 745 676 de
767 637 874 675 coelo
899 639 940 675 et
960 634 1082 673 astris
1104 632 1374 670 demonstra¬

365 714 459 753 bilis
479 713 518 753 2.
547 713 652 752 Coeli
655 717 663 751 .
694 714 795 750 text.
830 722 863 750 c.
895 710 960 749 22.
994 712 1030 748 et
1063 706 1126 745 48.
1157 708 1200 744 et
1234 706 1376 744 tamen

367 788 525 828 coelum
544 799 631 827 non
652 790 717 827 est
738 797 864 826 causa
888 784 1082 824 effectiva
1109 791 1198 820 sum
1233 779 1373 829 sphse-

367 864 538 904 ricitatis
559 875 653 903 cum
671 863 743 902 illa
762 864 816 901 sit
834 864 1008 907 aeterna,
1039 861 1083 898 et
1109 867 1179 897 res
1207 858 1381 894 aeterna;

369 940 608 979 secundum
653 937 921 978 Aristotelem
962 945 1050 974 non
1091 933 1253 972 habent
1284 939 1381 969 cau¬

371 1026 463 1054 sam
493 1018 710 1066 agentem.

425 1091 726 1140 Respondetur
770 1089 924 1137 primo,
974 1083 1091 1136 quod
1138 1082 1383 1133 subjectum

374 1178 459 1206 non
494 1170 560 1206 est
588 1165 759 1216 proprie
793 1173 935 1209 causa,
966 1165 1013 1200 ut
1035 1159 1116 1199 dixi
1139 1167 1281 1208 supra.
1307 1157 1382 1194 Se¬

374 1242 532 1289 cundo,
601 1240 717 1292 quod
767 1238 932 1280 etiamsi
995 1240 1179 1287 ponatur
1214 1232 1387 1283 propria

375 1329 517 1365 causa,
553 1329 641 1357 non
671 1316 866 1366 sequitur
904 1313 1022 1365 quod
1061 1314 1270 1350 aeternum
1301 1317 1387 1347 non

374 1396 531 1435 habeat
565 1393 782 1445 propriam
830 1401 1003 1432 causam
1043 1388 1300 1433 effectivam,
1341 1387 1389 1422 ut

376 1474 495 1522 patet
525 1482 547 1509 a
577 1470 702 1510 Scoto
724 1470 769 1509 in
788 1469 813 1507 2
852 1468 891 1507 d.
920 1468 952 1516 1.
979 1477 1016 1516 q.
1040 1466 1077 1505 3.
1102 1466 1144 1504 et
1164 1466 1206 1502 in
1230 1462 1264 1502 1.
1293 1462 1387 1500 dist.

376 1547 414 1597 8.
439 1550 579 1597 qusest.
603 1546 680 1586 ult.
706 1546 833 1584 etiam
850 1542 904 1583 ad
919 1545 1112 1581 mentem
1133 1536 1387 1579 Aristotelis.

379 1626 534 1664 Verum
564 1625 643 1670 est,
684 1620 803 1672 quod
841 1629 971 1659 causa
1011 1617 1207 1657 effectiva
1247 1617 1311 1653 est
1345 1614 1389 1652 in

378 1700 536 1750 duplici
556 1708 734 1750 genere.
758 1695 967 1745 Quaedam
989 1697 1054 1733 est
1076 1702 1173 1743 quae
1191 1689 1391 1742 producit

377 1776 492 1816 aliud
521 1786 600 1825 per
628 1777 790 1814 motum
820 1771 890 1813 vel
919 1782 999 1821 per
1030 1769 1320 1812 mutationem,
1348 1769 1391 1805 et

378 1854 472 1892 talis
492 1863 579 1892 non
606 1855 671 1891 est
691 1849 870 1900 alicujus
891 1847 1048 1893 aeterni,
1074 1846 1172 1895 quia
1193 1855 1276 1883 esse
1298 1843 1390 1881 talis

379 1929 577 1979 producti
599 1927 653 1966 de
674 1925 933 1966 necessitate
954 1921 1180 1973 praecessit
1205 1931 1285 1959 non
1308 1931 1392 1958 esse

377 2007 488 2046 illius
509 2006 752 2050 duratione,
774 2006 821 2041 ut
844 2004 961 2052 patet
987 2011 1009 2039 a
1030 2001 1153 2040 Scoto
1176 1999 1219 2037 in
1240 2006 1394 2036 secun¬

381 2081 449 2123 do.
481 2081 569 2122 Alia
593 2083 658 2120 est
679 2088 777 2130 quae
806 2075 1006 2127 producit
1040 2073 1171 2120 aliud,
1199 2082 1286 2113 non
1318 2081 1394 2120 per

382 2162 545 2197 motum
571 2156 642 2196 vel
670 2166 749 2206 per
773 2153 1074 2198 mutationem,
1107 2153 1150 2188 et
1184 2148 1267 2188 tale
1298 2158 1394 2196 pro¬

382 2239 558 2279 ductum
579 2239 723 2287 potest
743 2245 839 2275 esse
862 2236 1090 2278 aeternum,
1124 2233 1171 2269 ut
1201 2229 1391 2279 singula¬

383 2317 486 2355 riter
531 2314 687 2365 probat
734 2310 888 2350 Scotus
938 2310 983 2348 in
1005 2309 1041 2347 1.
1064 2309 1105 2346 d.
1127 2307 1165 2355 8.
1190 2317 1229 2355 q.
1250 2304 1312 2343 ult
1320 2334 1328 2343 .
1353 2306 1394 2343 et

383 2394 427 2432 in
450 2393 488 2432 2.
511 2393 551 2431 d.
578 2393 612 2440 1.
637 2402 679 2440 q.
708 2391 745 2430 3.
771 2392 813 2428 et
834 2386 948 2427 alibi.

439 2465 638 2507 Secundo
668 2462 956 2516 principaliter
985 2460 1126 2511 arguit
1154 2457 1396 2508 Alphonsus

384 2544 616 2584 Toletanus
636 2541 864 2590 inproloj.
887 2549 926 2587 q.
947 2537 987 2577 6.
1017 2533 1258 2586 probando,
1280 2532 1398 2583 quod

384 2619 629 2670 subjectum
657 2626 743 2656 non
781 2613 970 2654 continet
1009 2610 1245 2651 virtualiter
1286 2618 1393 2658 prae¬

385 2695 572 2734 dicatum
592 2695 681 2734 sive
696 2691 911 2743 propriam
928 2688 1174 2739 passionem
1192 2685 1251 2725 sic
1270 2696 1277 2722 :
1298 2685 1397 2734 quia

383 2770 645 2822 quandoque
667 2767 944 2820 praedicatum
963 2767 1028 2804 est
1042 2761 1277 2814 perfectius
1298 2761 1397 2799 sub¬

375 2847 512 2898 jecto,
546 2848 657 2886 sicut
691 2846 810 2894 patet
845 2839 1019 2893 quando
1062 2838 1394 2881 demonstratur,

383 2923 500 2974 quod
518 2921 656 2962 forma
679 2917 974 2961 substantialis
996 2918 1138 2967 potest
1167 2912 1397 2953 informare

380 2999 617 3046 materiam,
659 3001 700 3038 et
745 2992 1043 3046 imperfectius
1081 3001 1168 3030 non
1207 2989 1400 3029 continet

382 3076 616 3116 virtualiter
635 3072 886 3125 perfectius.
910 3071 1001 3109 Haec
1032 3068 1116 3107 ille.
1141 3065 1219 3105 Sed
1234 3064 1396 3116 judicio

384 3163 481 3192 meo
508 3152 552 3191 in
586 3151 664 3190 hac
690 3152 812 3200 parte
834 3157 921 3187 non
942 3145 1076 3185 habet
1100 3146 1291 3181 mentem
1312 3140 1395 3178 ve¬

385 3229 526 3277 ctoris;
559 3235 682 3267 mens
705 3225 819 3264 enim
840 3224 956 3264 Scoti
977 3225 1055 3268 est,
1089 3218 1206 3269 quod
1225 3216 1399 3267 propria

385 3306 524 3357 passio
560 3300 903 3343 demonstrabilis
939 3298 992 3337 de
1025 3295 1223 3346 subjecto
1260 3292 1397 3332 conti¬

386 3386 538 3422 neatur
555 3377 791 3420 virtualiter
809 3377 852 3414 in
871 3375 958 3419 illo,
985 3375 1029 3412 et
1049 3371 1108 3410 sic
1138 3371 1259 3420 patet
1280 3366 1394 3417 quod

384 3457 554 3509 propria
582 3454 724 3506 passio
753 3462 842 3491 non
858 3453 924 3490 est
941 3448 1080 3488 forma
1099 3446 1233 3496 ipsius
1257 3446 1396 3483 mate¬

382 3537 464 3574 riae.
495 3533 543 3572 Et
573 3541 670 3570 cum
691 3526 808 3573 dicit,
832 3524 948 3576 quod
977 3524 1296 3563 demonstratur
1316 3519 1396 3558 for¬

383 3622 495 3650 mam
514 3605 843 3648 substantialem
865 3611 992 3652 posse
1014 3597 1242 3640 informare
1261 3599 1394 3634 mate¬

381 3690 502 3733 riam,
538 3683 649 3730 dico,
685 3680 801 3732 quod
829 3680 917 3718 haec
954 3680 1020 3716 est
1053 3674 1224 3725 propria
1252 3672 1396 3723 passio

1445 398 1646 446 materiae,
1669 397 1786 448 quod
1807 397 1859 435 sit
1878 392 2156 436 informabilis
2178 387 2363 432 mediate
2387 385 2452 429 vel

1443 475 1689 515 immediate
1710 473 1844 514 forma
1864 471 2146 513 substantiali-
2176 470 2224 509 Et
2243 469 2337 508 dico
2365 478 2451 506 me-

2471 550 2477 581 esse
1446 554 1557 592 diate
1577 555 1752 602 propter
1780 551 2062 601 pluralitatem
2076 548 2329 594 formarum,
2354 556 2450 597 quae

1447 632 1627 679 possunt
1664 638 1758 667 esse
1780 628 1822 666 in
1853 626 2022 672 eodem,
2054 628 2101 664 ut
2123 626 2241 674 patet
2270 634 2292 662 a
2326 624 2452 662 Scoto

1450 706 1492 744 in
1520 705 1556 744 4.
1580 706 1620 744 d.
1648 705 1708 743 12.
1730 705 1811 743 Ista
1840 701 2033 754 aptitudo
2050 700 2160 752 quod
2183 703 2246 739 est
2275 708 2370 738 esse
2391 698 2453 737 in¬

1453 777 1693 826 formabile,
1727 783 1790 818 est
1822 780 1992 828 propria
2029 776 2169 826 passio
2192 774 2384 814 materiae
2417 775 2459 812 et

1453 855 1798 894 demonstrabilis
1819 854 1873 894 de
1902 856 2008 904 ipsa,
2033 856 2076 892 et
2095 862 2182 892 non
2202 850 2337 890 forma
2356 850 2459 889 sub¬

1453 931 1675 979 stantialis,
1716 935 1764 971 ut
1800 933 1919 980 patet
1954 929 2162 977 intuenti;
2195 929 2305 967 sicut
2335 927 2463 966 etiam

1458 1007 1636 1047 dicimus
1675 1006 1793 1057 quod
1832 1016 1927 1046 esse
1966 1004 2250 1049 bealificabile
2292 1002 2463 1054 objecto

1456 1083 1667 1131 beatifico,
1704 1087 1769 1123 est
1805 1083 1945 1133 passio
1987 1087 2191 1122 creaturae
2234 1078 2466 1125 rationalis,

1460 1169 1562 1210 ergo
1585 1159 1800 1211 objectum
1822 1158 2064 1199 beatificum
2089 1161 2155 1198 est
2175 1157 2317 1206 passio
2338 1154 2465 1201 illius,

1459 1246 1546 1274 non
1577 1236 1702 1276 valet.
1725 1235 1925 1274 Similiter
1946 1245 2041 1276 esse
2069 1232 2348 1274 beatificabile
2368 1231 2467 1270 bea-

1462 1311 1641 1352 titudine
1661 1310 1841 1358 formali,
1884 1314 1950 1351 est
1987 1312 2128 1362 passio
2155 1311 2289 1361 ipsius
2312 1321 2321 1356 ;
2363 1317 2465 1357 ergo

1460 1387 1678 1427 bealitudo
1701 1388 1785 1435 illa,
1813 1390 1915 1436 puta
1937 1385 2092 1435 fruitio,
2122 1389 2186 1426 est
2205 1387 2345 1435 passio
2367 1395 2468 1433 pro¬

1461 1465 1554 1513 prie
1583 1470 1768 1514 sumpta,
1792 1463 2138 1503 demonstrabilis
2160 1461 2214 1502 de
2244 1461 2438 1512 subjecto
2457 1473 2466 1507 ;

1462 1545 1578 1589 patet
1613 1540 1694 1580 hoc
1724 1551 1819 1581 esse
1858 1538 2027 1588 falsum,
2061 1540 2161 1589 quia
2192 1537 2360 1589 quando
2395 1535 2469 1575 de¬

1463 1621 1721 1657 monstratur
1738 1619 1875 1667 passio
1895 1617 1948 1656 de
1965 1616 2178 1667 subjecto,
2202 1615 2471 1655 demonstra¬

1463 1697 1529 1731 tur
1557 1694 1791 1733 necessitas
1822 1694 2084 1732 inhaerentiae
2110 1693 2238 1732 unius
2266 1691 2321 1731 ad
2342 1689 2474 1738 aliud,

1466 1780 1562 1808 cum
1601 1769 1912 1810 demonstratio
1959 1771 2132 1820 proprie
2161 1771 2335 1818 sumpta
2363 1769 2406 1807 et
2452 1777 2474 1804 a

1465 1847 1608 1894 priori,
1631 1847 1684 1884 sit
1706 1844 1759 1884 de
1789 1845 2058 1892 necessariis,
2090 1845 2242 1884 saltem
2271 1844 2324 1883 de
2364 1854 2476 1883 com¬

1465 1922 1618 1971 plexis,
1649 1926 1769 1971 patet
1803 1933 1826 1962 a
1857 1923 1982 1963 Scoto
2021 1924 2062 1962 in
2100 1922 2297 1972 prologo.
2324 1921 2389 1960 Sic
2413 1924 2477 1959 est

1466 1998 1509 2036 in
1537 1999 1756 2048 proposito
1793 1997 1848 2038 de
1877 1999 2068 2039 materia.
2114 2000 2199 2038 Hoc
2226 1997 2343 2037 idem
2383 1997 2476 2037 dico

1468 2073 1522 2113 de
1544 2074 1694 2122 forma,
1717 2085 1817 2114 nam
1837 2072 1971 2114 forma
1985 2075 2273 2114 substantialis
2295 2077 2359 2114 est
2378 2077 2476 2123 apta

1465 2154 1565 2190 nata
1587 2150 1816 2191 informare
1844 2153 2080 2197 materiam,
2113 2154 2156 2190 et
2174 2150 2263 2190 haec
2293 2155 2357 2191 est
2375 2160 2474 2199 pas¬

1468 2227 1528 2266 sio
1565 2227 1910 2267 demonstrabilis
1940 2228 1993 2267 de
2022 2227 2091 2266 illa
2114 2240 2123 2276 ;
2160 2237 2262 2276 ergo
2297 2229 2476 2266 materia

1467 2309 1531 2343 est
1549 2303 1692 2354 passio
1714 2305 1848 2355 ipsius
1867 2301 2026 2350 formae,
2056 2306 2175 2353 patet
2196 2313 2292 2342 esse
2325 2302 2480 2342 falsum

1470 2382 1513 2418 et
1532 2380 1592 2419 sic
1612 2379 1716 2418 nihil
1744 2381 1890 2418 contra
1918 2380 2160 2418 Doctorem.
2201 2379 2317 2417 Multi
2356 2378 2483 2417 etiam

1470 2453 1538 2494 alii
1568 2459 1711 2495 contra
1734 2455 1916 2505 primam
1938 2455 2258 2496 conclusionem
2280 2457 2483 2505 arguunt»

1469 2533 1518 2568 ut
1546 2529 1781 2569 Gulielmus
1811 2530 2000 2570 Occham
2018 2531 2062 2569 in
2092 2530 2292 2581 prologo,
2322 2541 2361 2579 q.
2381 2530 2423 2569 6.
2444 2535 2486 2570 et

1471 2606 1590 2645 multi
1620 2606 1688 2646 alii
1709 2605 1986 2656 posteriores,
2017 2616 2198 2655 quorum
2227 2607 2483 2656 argumenta

1471 2693 1524 2721 ex
1555 2681 1677 2721 dictis
1716 2692 1845 2732 supra
1876 2681 2075 2720 facillime
2114 2682 2351 2730 solvuntur,
2384 2681 2483 2731 quia

1471 2768 1622 2806 parum
1660 2759 1729 2797 vel
1773 2758 1949 2798 minime
1993 2758 2238 2808 discrepant
2272 2758 2324 2798 ab
2355 2768 2485 2808 argu¬

1472 2835 1627 2874 mentis
1658 2834 1852 2886 Gregorii
1871 2841 1908 2876 et
1926 2836 2143 2886 Alphonsi.

1524 2909 1676 2950 Contra
1703 2912 1939 2951 secundam
1982 2912 2305 2952 conclusionem
2344 2911 2483 2961 arguit

1473 2985 1721 3035 Gregorius,
1754 2987 1826 3027 ubi
1847 2999 1990 3038 supra,
2023 2988 2244 3036 probando
2268 2985 2385 3038 quod
2408 2999 2481 3028 no¬

1471 3061 1559 3101 titia
1611 3063 1794 3114 subjecti
1841 3074 1928 3103 non
1981 3065 2201 3104 contineat
2245 3064 2486 3104 virtualiter

1473 3139 1668 3177 notitiam
1703 3139 1930 3189 passionis,
1981 3141 2023 3178 et
2069 3140 2129 3178 sic
2178 3139 2408 3191 deinceps,
2440 3145 2486 3180 ut

1473 3214 1558 3253 dixi
1586 3216 1627 3254 in
1649 3215 1924 3255 conclusione
1946 3226 2090 3264 supra.
2123 3218 2170 3256 Et
2187 3218 2321 3265 primo
2342 3219 2485 3268 arguit

1472 3290 1531 3329 sic
1556 3303 1564 3329 :
1597 3290 1743 3330 Omnis
1780 3289 1931 3331 notitia
1969 3291 2103 3341 primo
2139 3294 2364 3334 continens
2404 3286 2483 3333 vir-

1473 3367 1642 3407 tualiler
1675 3367 1800 3406 aliam
1838 3368 2052 3414 notitiam,
2105 3369 2297 3410 continet
2344 3370 2483 3422 primo

1468 3443 1704 3482 virtualiter
1732 3454 1907 3483 omnem
1923 3446 2049 3484 aliam
2069 3445 2265 3486 notitiam
2284 3449 2378 3488 sine
2399 3460 2482 3499 qua

1473 3519 1699 3558 causaliter
1726 3520 1795 3559 illa
1824 3520 1972 3559 haberi
1992 3532 2079 3560 non
2107 3526 2278 3572 potest;
2315 3524 2392 3564 sed
2414 3536 2487 3565 no¬

1473 3595 1559 3633 titia
1604 3595 1787 3646 subjecti
1829 3607 1916 3636 non
1961 3598 2021 3636 sic
2061 3600 2251 3639 continet
2289 3602 2482 3641 notitiam

1471 3671 1695 3720 passionis,
1728 3676 1844 3721 patet
1878 3674 1931 3714 de
1961 3675 2121 3725 multis,
2155 3677 2254 3728 quia
2294 3688 2389 3718 esse
2422 3679 2482 3719 in-
