2682 3979
368 390 442 438 ita
476 388 619 436 nullo
650 390 801 436 modo
832 387 1036 449 perficit
1074 388 1372 448 portionem

367 459 697 520 superiorem
747 459 986 512 rationis,
1022 461 1072 506 et
1115 460 1190 507 ita
1232 460 1371 506 esset

365 535 557 594 aliquis
580 533 792 582 habitus
832 533 1132 582 intellectus
1157 535 1369 582 omnino

363 610 592 657 nobilior
610 611 730 663 isto,
759 608 1036 669 perficiens
1065 611 1224 658 istam
1256 623 1370 670 por¬

363 689 577 742 tionem,
610 690 744 749 quod
764 693 844 737 est
863 687 1251 735 inconveniens.

418 760 599 808 Tertia
627 758 902 819 persuasio
921 759 985 816 (e)
1017 761 1113 810 est,
1145 756 1266 816 quia
1297 768 1369 802 se¬

360 835 584 881 cundum
612 835 823 882 beatum
847 833 1199 891 Augustinum
1229 832 1298 878 14.
1317 831 1371 875 de

363 911 685 971 Trinit.cap.l.
704 922 741 956 et
762 913 803 958 4.
831 911 934 957 ista
957 909 1178 956 scientia
1208 911 1288 954 est
1311 908 1368 953 de

362 985 466 1032 illis
489 988 674 1046 quibus
698 988 814 1034 fides
849 985 1106 1046 gignitur,
1143 982 1368 1030 defendi¬

358 1063 448 1107 tur
472 1063 523 1107 et
553 1060 865 1112 roboratur;
909 1071 1037 1117 ergo
1078 1059 1157 1104 est
1184 1057 1242 1104 de
1277 1057 1367 1102 illo

354 1135 534 1182 eodem
587 1136 838 1196 subjecto,
867 1133 1000 1193 quod
1027 1136 1106 1179 est
1139 1132 1366 1192 primum

358 1210 655 1270 subjectum
698 1210 842 1263 fidei;
891 1209 977 1256 sed
1026 1208 1150 1254 fides
1196 1210 1275 1255 est
1309 1207 1367 1253 de

355 1288 585 1335 veritate
628 1288 816 1348 prima,
860 1298 1004 1344 ergo.
1031 1287 1232 1337 Quarta
1256 1287 1367 1343 per¬

357 1363 534 1410 suasio
557 1366 653 1418 est,
681 1364 802 1424 quia
830 1361 1164 1408 nobilissima
1204 1360 1367 1407 scien¬

356 1440 430 1486 tia
457 1444 538 1488 est
582 1440 724 1487 circa
770 1437 1158 1486 nobilissimum
1183 1449 1362 1496 genus,

355 1532 410 1561 ex
441 1518 482 1563 6.
507 1518 813 1575 Metaphysicce
818 1531 826 1568 ,
863 1524 902 1558 et
924 1517 1069 1571 primo
1090 1515 1142 1557 de
1174 1515 1331 1557 Anima
1349 1529 1365 1565 ;

354 1592 463 1639 liaec
486 1596 662 1639 autem
687 1590 991 1639 conceditur
1012 1588 1361 1640 nobilissima,

352 1681 481 1728 ergo
518 1671 727 1729 oportet
767 1668 901 1728 quod
941 1667 1008 1713 sit
1048 1667 1107 1712 de
1151 1667 1259 1712 Deo
1307 1668 1363 1712 ut

352 1746 413 1793 de
439 1745 692 1805 subjecto.

655 1861 1069 1904 COMMENTARIUS.

417 1981 472 2034 (a)
495 1984 559 2022 Ex
579 1982 697 2021 dictis
714 1983 826 2031 patet
851 1980 1064 2027 responsio
1097 1980 1153 2018 ad
1178 1980 1366 2027 primam

359 2059 640 2109 quaestionem.
662 2058 734 2096 Ilie
775 2057 932 2096 Doclor
951 2057 1071 2105 ponit
1102 2066 1224 2094 unam
1261 2067 1362 2097 con¬

357 2135 609 2180 clusionem,
644 2133 845 2172 videlicet
891 2131 1007 2182 quod
1045 2132 1287 2182 Theologiae
1323 2132 1366 2172 in

354 2221 401 2250 se
422 2213 626 2260 respectu
644 2209 1002 2253 necessariorum,
1024 2209 1142 2246 solus
1164 2208 1281 2246 Deus
1301 2210 1368 2247 est

352 2286 613 2337 subjectum.
635 2286 684 2324 Et
703 2287 839 2334 primo
864 2284 1019 2333 probat
1048 2294 1127 2332 per
1149 2282 1364 2323 definitio¬

354 2372 454 2402 nem
474 2361 684 2412 subjecti:
708 2360 942 2399 Continens
961 2359 1196 2399 virtualiter
1215 2370 1366 2400 omnes

353 2440 553 2478 veritates
591 2436 873 2488 Theologicas
918 2438 960 2474 et
997 2436 1262 2476 necessarias
1302 2439 1367 2476 est

353 2520 598 2570 subjectum
613 2517 853 2569 Theologiae
870 2518 912 2555 in
932 2527 978 2555 se
993 2520 1195 2567 respectu
1210 2529 1362 2558 neces¬

352 2596 580 2642 sariorum;
629 2592 709 2633 sed
746 2595 860 2633 Deus
892 2596 956 2632 est
1001 2593 1263 2644 hujusmodi,
1295 2605 1361 2634 er¬

350 2680 421 2721 go.
457 2669 589 2720 Major
620 2672 739 2719 palet
777 2679 853 2718 per
893 2666 1181 2707 definitionem
1216 2670 1363 2720 subje¬

351 2746 404 2785 cti
437 2744 622 2795 positam
642 2746 684 2784 in
714 2742 908 2783 secundo
946 2743 1142 2783 articulo.
1172 2744 1362 2782 Probatio

352 2823 540 2868 minoris,
582 2822 680 2871 quia
723 2821 826 2860 nihil
859 2819 975 2858 aliud
997 2831 1020 2858 a
1050 2821 1139 2860 Deo
1175 2821 1366 2859 continet

350 2897 442 2936 illas
471 2899 690 2943 veritates,
723 2907 804 2935 nec
825 2900 872 2935 ut
894 2906 1038 2942 causa,
1062 2906 1142 2934 nec
1173 2899 1221 2934 ut
1258 2895 1363 2935 illud

351 2973 407 3014 ad
445 2972 548 3023 quid
593 2973 783 3011 habeant
815 2971 1153 3010 attributionem.
1178 2971 1362 3011 Primum

355 3051 485 3100 patet,
538 3049 634 3098 quia
690 3047 794 3086 nihil
854 3046 967 3085 aliud
1019 3057 1043 3085 a
1086 3048 1173 3085 Deo
1221 3049 1362 3097 potest

355 3134 530 3164 causare
560 3124 749 3162 notitiam
771 3122 958 3162 veritatis
986 3122 1253 3173 Theologicae
1285 3134 1361 3162 ne¬

356 3202 564 3247 cessariae,
584 3205 632 3239 ut
669 3204 766 3250 puta
795 3199 920 3238 istius
952 3201 961 3237 :
999 3201 1113 3238 Deus
1142 3202 1199 3237 est
1228 3201 1365 3238 trinus

357 3281 392 3317 et
413 3290 529 3324 unus,
548 3279 646 3327 quia
667 3277 701 3315 si
722 3276 959 3316 virtualiter
981 3276 1218 3316 contineret
1236 3277 1366 3315 talem

355 3355 573 3394 veritatem
596 3354 684 3392 sive
725 3352 935 3400 notitiam,
974 3352 1103 3390 etiam
1134 3353 1367 3392 virtualiter

359 3429 598 3469 contineret
620 3427 854 3472 entilatem,
879 3425 932 3464 de
955 3436 1038 3475 qua
1060 3431 1123 3464 est
1140 3425 1230 3465 talis
1252 3428 1366 3466 noti¬

360 3508 429 3553 tia,
452 3508 497 3544 ut
519 3507 635 3554 patet
654 3514 678 3542 a
701 3505 885 3542 Doctore
906 3500 1013 3540 infra
1035 3503 1074 3540 d.
1097 3503 1133 3551 3.
1159 3507 1298 3551 quaesi-
1327 3506 1361 3542 1.

361 3585 403 3622 6t
422 3583 461 3621 ci.
484 3580 522 3629 8.
546 3583 685 3629 quaesi.
723 3580 756 3618 1.
790 3578 832 3617 et
873 3578 914 3616 in
941 3579 981 3617 2.
1010 3579 1048 3617 d.
1081 3577 1117 3627 3.
1152 3582 1291 3627 quaesi.
1323 3580 1361 3620 9.

362 3661 461 3711 quia
491 3658 715 3698 continens
744 3655 980 3696 virtualiter
1019 3655 1213 3694 notitiam
1234 3655 1362 3693 alicu-

1442 389 1530 439 jus,
1570 389 1801 428 virtualiter
1839 389 1965 428 etiam
2011 389 2200 427 continet
2232 387 2448 427 entilatem

1446 464 1570 502 illius.
1594 466 1641 504 Et
1679 464 1774 504 vide
1813 464 1869 504 ibi
1903 464 2060 503 bonam
2092 465 2294 514 glossam.
2330 463 2448 502 Patet

1445 550 1548 590 ergo
1571 540 1686 590 quod
1705 540 1806 580 nihil
1825 538 1939 579 aliud
1956 552 1976 578 a
1995 541 2081 578 Deo
2098 539 2330 579 virtualiter
2351 549 2447 578 con¬

1447 616 1552 655 tinet
1584 618 1775 655 notitiam
1811 616 1993 657 veritatis
2021 617 2270 656 necessariae
2306 616 2443 655 Theo¬

1442 689 1610 741 logicae.
1635 691 1877 730 Secundum
1910 691 2062 741 probat
2094 693 2252 730 Doctor
2271 692 2313 730 in
2332 690 2444 730 litte¬

1445 776 1505 811 ra,
1546 766 1710 806 scilicet
1733 765 1847 816 quod
1886 776 1966 805 nec
2001 767 2191 805 contine!
2228 777 2308 816 per
2332 765 2449 804 attri¬

1443 841 1679 889 butionem,
1703 845 1746 880 et
1767 844 1897 891 patet,
1935 851 2032 880 nam
2069 843 2104 881 si
2134 842 2286 882 veritas
2315 841 2446 892 hujus

1444 916 1742 965 propositionis
1766 920 1773 955 :
1799 919 1906 955 Deus
1925 920 1981 955 est
2002 919 2137 956 trinus
2168 922 2203 956 et
2223 927 2332 956 unus
2336 947 2344 962 ,
2370 916 2447 954 ha¬

1441 990 1564 1029 beret
1581 991 1896 1031 attributionem
1919 991 1965 1030 ad
1987 991 2143 1041 aliquid
2167 992 2279 1031 aliud
2302 1002 2324 1030 a
2342 992 2445 1038 Deo,

1441 1070 1633 1117 sequitur
1666 1068 1782 1118 quod
1813 1068 1938 1107 etiam
1958 1070 2046 1118 ipse
2078 1069 2192 1108 Deus
2215 1080 2312 1108 vere
2333 1069 2445 1107 attri¬

1441 1141 1648 1182 bueretur
1667 1143 1800 1190 alteri,
1825 1142 1942 1194 quod
1978 1146 2043 1182 est
2062 1142 2232 1183 falsum.

1492 1220 1576 1258 Nec
1606 1218 1729 1258 aliud
1756 1219 1961 1258 contineat
1983 1229 2068 1265 eas,
2101 1223 2145 1257 ut
2176 1219 2345 1274 effectus
2374 1220 2443 1258 de¬

1444 1295 1740 1334 monstratione
1769 1294 1884 1344 quia.
1909 1293 2015 1342 Quia
2046 1293 2196 1345 aliquis
2218 1298 2364 1343 posset
2386 1295 2445 1334 di¬

1443 1377 1553 1416 cere,
1591 1368 1705 1419 quod
1736 1380 1813 1419 per
1838 1368 2030 1407 notitiam
2065 1369 2243 1420 alicujus
2265 1369 2444 1409 effectus

1440 1455 1668 1495 possumus
1708 1445 1910 1485 devenire
1936 1447 1980 1485 in
2010 1445 2298 1495 cognitionem
2334 1446 2440 1485 veri¬

1439 1523 1534 1562 tatis
1553 1522 1819 1574 Theologicae
1840 1523 2102 1561 necessariae.
2126 1521 2211 1560 Sed
2247 1522 2327 1562 hoc
2375 1533 2443 1561 ex¬

1440 1598 1584 1646 cludit,
1635 1598 1781 1638 dicens
1813 1596 1928 1648 quod
1967 1598 2107 1636 nullus
2153 1598 2331 1637 effectus
2367 1598 2442 1637 de¬

1438 1677 1644 1713 monstrat
1693 1676 1827 1713 Deum
1880 1673 2062 1720 Irinum;
2099 1677 2141 1712 et
2171 1674 2252 1712 hoc
2292 1672 2444 1713 diffuse

1438 1749 1700 1789 declaratum
1721 1753 1787 1790 est
1805 1760 1945 1800 supra,
1975 1753 2115 1800 quaest.
2150 1751 2184 1789 1.

1490 1826 1575 1866 Sed
1594 1828 1636 1866 in
1654 1827 1734 1866 ista
1748 1827 1885 1865 littera
1900 1827 2092 1866 oriuntur
2107 1825 2198 1864 duae
2214 1824 2438 1865 difficulta¬

1440 1900 2459 1953 tes. Prima circa hoc quod dicit quod nihil Diff
1439 1977 1553 2017 aliud
1591 1982 1637 2018 ut
1674 1990 1800 2017 causa
1833 1979 2022 2017 continet
2041 1979 2264 2018 veritatem
2286 1988 2436 2018 neces¬

1435 2055 1588 2094 sariam
1625 2055 1940 2106 Theologicam.
1991 2054 2160 2102 Contra,
2211 2057 2308 2105 quia
2342 2054 2435 2104 ipse

1435 2132 1525 2171 vult
1557 2132 1599 2170 in
1644 2130 1835 2170 secundo
1873 2131 1967 2171 dist.
1998 2132 2036 2179 3.
2078 2134 2217 2179 quaest.
2249 2132 2285 2170 9.
2322 2130 2439 2180 quod

1437 2207 1629 2257 Angelus
1681 2207 1846 2246 habens
1902 2206 2094 2255 speciem
2132 2205 2448 2257 intelligibilem

1440 2282 1629 2327 Deitatis,
1669 2286 1813 2332 potest
1865 2293 2041 2321 causare
2093 2283 2284 2321 notitiam
2317 2281 2449 2331 ipsius

1440 2357 1643 2405 Deitatis;
1669 2361 1711 2397 et
1733 2359 1859 2406 ultra,
1883 2361 2037 2407 potens
2061 2367 2328 2408 cognoscere
2350 2357 2448 2396 Dei¬

1438 2439 1568 2474 tatem
1591 2433 1808 2483 distincte,
1826 2437 1968 2486 potest
1997 2445 2263 2485 cognoscere
2297 2434 2446 2474 verita¬

1440 2516 1502 2552 tes
1524 2513 1784 2551 necessarias
1806 2510 1859 2550 de
1892 2512 1997 2557 Deo,
2019 2514 2065 2550 ut
2088 2513 2206 2560 patet
2243 2511 2293 2550 ab
2333 2510 2443 2560 ipso,

1435 2591 1502 2630 hic
1531 2595 1565 2629 et
1588 2592 1726 2638 quaest.
1753 2589 1786 2626 1.
1809 2587 1927 2635 infra
1947 2588 1986 2625 d.
2010 2588 2048 2625 2.
2071 2597 2192 2637 ergo.

2460 2679 2463 2710 Res
1487 2668 1605 2714 Dico,
1643 2663 1760 2716 quod
1792 2665 1948 2703 Doctor
1982 2665 2114 2712 negat
2143 2659 2259 2711 quod
2285 2659 2443 2710 aliquid

1437 2742 1552 2781 aliud
1573 2753 1596 2781 a
1633 2743 1721 2781 Deo
1743 2742 1809 2780 via
1828 2737 2006 2778 naturali
2025 2739 2160 2787 possit
2180 2745 2444 2787 cognoscere

1440 2822 1650 2860 Deitatem
1690 2819 1770 2858 sub
1791 2817 1953 2857 ratione
1975 2816 2167 2855 Deitatis.
2197 2816 2243 2854 Et
2273 2813 2442 2864 quando

1437 2896 1556 2944 dicis,
1580 2895 1697 2946 quod
1716 2895 1879 2933 habens
1902 2891 2106 2942 speciem,
2119 2893 2200 2930 etc.
2217 2889 2309 2929 dico
2329 2887 2444 2939 quod

1438 2968 1529 3011 talis
1555 2972 1722 3022 species
1750 2973 1815 3010 est
1852 2966 2235 3018 supernaturaliter
2255 2969 2441 3010 causata,

1438 3050 1482 3086 ut
1516 3050 1632 3096 patet
1647 3057 1669 3085 a
1690 3045 1873 3085 Doctore
1894 3045 1936 3082 in
1949 3044 1987 3082 2.
2011 3045 2051 3082 d.
2074 3043 2111 3091 3.
2145 3045 2284 3091 quaest.
2302 3041 2335 3081 9.
2359 3039 2444 3079 Sed

1436 3125 1523 3163 haec
1545 3124 1766 3174 responsio
1790 3132 1876 3161 non
1904 3119 2075 3160 videtur
2102 3128 2310 3158 evacuare
2333 3115 2441 3155 diffi¬

1439 3201 1655 3247 cultatem,
1673 3201 1770 3250 quia
1785 3199 1884 3238 licet
1899 3197 1990 3236 talis
2006 3196 2173 3245 species
2186 3197 2438 3244 supernatu¬

1438 3276 1581 3315 raliter
1603 3278 1775 3314 causata
1809 3274 1876 3319 sit,
1900 3276 2043 3311 tamen
2070 3273 2164 3320 ipsa
2194 3269 2443 3309 naturaliter

1439 3353 1540 3402 agit,
1581 3355 1627 3391 ut
1648 3354 1766 3401 patet
1794 3362 1817 3389 a
1839 3351 2020 3388 Doctore
2049 3348 2092 3386 in
2113 3346 2237 3386 simili
2264 3347 2306 3385 in
2353 3344 2444 3394 plu¬

1438 3428 1555 3467 ribus
1574 3427 1694 3473 locis,
1719 3429 1761 3465 et
1790 3427 1849 3465 sic
1883 3424 2125 3462 intellectus
2158 3421 2311 3472 Angeli
2348 3431 2441 3458 cum

1438 3503 1600 3553 specie,
1624 3513 1716 3553 quae
1743 3505 1806 3541 est
1826 3499 1940 3540 aliud
1972 3510 1995 3537 a
2024 3500 2129 3544 Deo,
2161 3496 2330 3539 videtur
2358 3497 2444 3535 vir¬

1440 3579 1608 3619 tualiter
1629 3579 1849 3618 continere
1883 3576 2103 3614 veritatem
2139 3571 2441 3623 Theologicam

1437 3654 1742 3701 necessariam,
1772 3657 1813 3692 et
1844 3653 1904 3690 sic
1923 3654 1969 3689 ut
2003 3659 2144 3688 causa.
2185 3649 2302 3694 Dico,
2323 3645 2438 3696 quod
