2653 3979
125 325 242 374 illas
262 330 655 389 propositiones
671 332 1002 382 immediatas
1019 349 1131 396 pos¬

124 417 296 450 semus
344 406 481 453 scire
527 408 910 462 conclusiones,
961 414 1012 458 et
1060 411 1133 458 ita

120 481 293 526 totam
320 478 662 541 Theologiam
703 485 1028 534 naturaliter
1049 500 1134 534 ac¬

123 555 349 614 quirere.
383 559 616 605 Secundo
661 560 741 619 (b),
782 561 902 620 quia
941 576 1005 608 ex
1033 577 1132 622 quo

120 637 404 694 conceptus
429 649 734 688 communes
763 652 866 684 non
884 643 1004 688 sunt
1033 640 1132 687 soli

120 711 228 757 Deo
276 712 600 759 naturaliter
659 715 794 766 noti;
854 728 980 774 ergo
1038 730 1132 764 nec

121 785 379 834 veritates
413 787 628 838 inclusae
665 790 715 835 in
756 790 861 836 illis
902 805 1132 838 commu¬

122 863 273 910 nibus
312 864 669 923 conceptibus,
715 867 774 912 de
819 867 1006 926 quibus
1052 872 1133 917 est

121 939 432 999 Theologia;
480 953 609 1000 ergo
651 942 694 988 si
745 945 885 989 esset
918 944 976 990 de
1021 946 1130 992 Deo

123 1016 216 1061 sub
246 1017 452 1064 ratione
481 1018 574 1065 tali
609 1019 892 1071 communi,
931 1033 1034 1067 non
1056 1036 1132 1068 es¬

123 1093 200 1138 set
231 1093 328 1139 soli
358 1094 466 1139 Deo
503 1095 828 1142 naturaliter
860 1099 1004 1149 nota,
1043 1112 1130 1144 cu¬

117 1167 203 1227 jus
258 1170 558 1230 oppositum
621 1175 891 1220 ostensum
947 1176 1028 1222 est
1080 1175 1132 1221 in

122 1244 296 1305 prima
319 1247 626 1306 quaestione.

179 1323 379 1370 Contra
423 1323 484 1382 (c)
512 1324 672 1370 aliam
721 1325 1038 1384 positionem
1071 1328 1130 1374 de

123 1399 330 1446 ratione
381 1400 697 1454 attributali,
753 1404 932 1460 posset
974 1405 1129 1462 argui

122 1487 214 1533 per
235 1475 440 1521 easdem
474 1476 725 1523 rationes.
752 1478 845 1524 Sed
871 1478 1034 1526 adhuc
1051 1492 1130 1525 ar¬

121 1562 224 1608 guo
252 1551 315 1610 (d)
339 1565 432 1611 per
459 1552 592 1598 alias
623 1553 894 1613 speciales.
929 1555 1126 1610 Primo,

121 1626 241 1686 quia
275 1628 509 1687 cognitio
532 1629 644 1689 ejus
672 1632 782 1683 quod
811 1633 916 1688 quid
936 1642 1010 1684 esi,
1049 1637 1129 1680 est

123 1700 526 1760 perfectissima,
594 1707 646 1752 ut
709 1706 834 1754 dicit
895 1707 1130 1755 Philoso¬

122 1777 252 1836 phus
273 1781 314 1826 7.
348 1781 532 1837 Meiaph.
565 1795 692 1841 ergo
722 1783 956 1842 cognitio
986 1785 1129 1832 illius

119 1857 362 1904 essentiae
425 1861 504 1905 est
553 1859 843 1918 perfectior
895 1861 1129 1921 cognitio

121 1945 276 1992 quam
306 1934 537 1993 cognitio
578 1936 927 1996 proprietatis
979 1940 1130 1987 attri-

120 2009 331 2065 butalis,
364 2024 476 2070 quae
499 2025 552 2057 se
586 2011 739 2060 habet
772 2014 923 2073 quasi
951 2017 1128 2076 passio

120 2086 274 2145 hujus
302 2089 524 2141 naturae,
545 2090 826 2136 secundum
846 2092 1130 2140 Damasce¬

121 2166 245 2210 num
268 2165 340 2209 lib.
378 2166 398 2211 1
411 2181 417 2208 .
442 2181 536 2222 cap.
560 2167 601 2212 5.

180 2242 413 2288 Secundo
442 2242 504 2300 (e)
533 2242 653 2301 quia
682 2242 725 2290 si
760 2243 863 2290 illae
895 2246 1129 2306 proprie¬

120 2317 258 2363 tates
298 2331 355 2364 re
361 2316 430 2364 ali
436 2321 520 2365 ter
554 2318 828 2367 differrent
861 2320 924 2366 ab
958 2335 1129 2368 essen¬

119 2393 209 2448 tia,
256 2395 487 2442 essentia
525 2399 664 2444 esset
711 2396 930 2444 realiter
969 2412 1129 2446 causa

120 2470 384 2530 ipsarum;
415 2485 542 2531 ergo
578 2473 714 2520 sicut
759 2473 1008 2522 differunt
1051 2489 1128 2521 ra¬

119 2546 280 2600 tione,
311 2547 386 2593 ita
431 2548 663 2596 essentia
689 2549 747 2595 de
787 2564 881 2596 sua
924 2550 1130 2598 ratione

120 2622 275 2671 habet
339 2624 601 2671 rationem
671 2625 949 2673 incausati.
1022 2628 1130 2674 Illae

121 2701 313 2753 autem,
344 2701 471 2747 licet
509 2714 602 2760 per
639 2701 967 2749 identitatem
1009 2717 1129 2750 cum

119 2778 345 2824 essentia
371 2777 476 2825 sint
500 2777 804 2832 incausatae,
828 2792 932 2825 non
955 2781 1131 2826 tamen

121 2853 401 2900 secundum
447 2867 596 2899 suam
631 2854 894 2900 rationem
935 2855 1130 2902 forma¬

117 2929 219 2975 lem
275 2929 449 2990 primo
513 2928 782 2976 includunt
846 2930 1132 2978 incausati-

122 3017 272 3051 onem
298 3005 394 3051 sui.

176 3080 354 3128 Tertio
402 3080 474 3138 (f),
518 3079 640 3139 quia
683 3080 808 3127 illud
842 3082 1128 3128 secundum

120 3169 269 3202 suam
305 3156 581 3216 propriam
623 3156 885 3203 rationem
923 3158 1131 3204 videtur

121 3247 236 3280 esse
288 3232 549 3279 actualius
601 3232 654 3279 in
699 3246 769 3286 se,
820 3233 903 3279 cui
960 3235 1130 3292 magis

125 3313 385 3369 repugnat
407 3308 923 3357 communicabilitas
941 3310 1002 3356 ad
1027 3310 1133 3369 plu-

126 3399 187 3431 ra
212 3402 255 3430 a(
249 3388 272 3430 q
296 3394 448 3436 extra;
474 3384 560 3431 sed
595 3385 839 3431 essentiae
869 3388 1129 3444 repugnat

125 3460 638 3508 communicabilitas
677 3461 738 3507 ad
781 3461 936 3520 plura
963 3464 1022 3506 ad
1059 3479 1132 3506 ex-

126 3548 207 3590 ira,
238 3541 290 3585 et
311 3536 441 3584 nulli
466 3537 786 3596 proprietati
809 3538 1127 3591 attributali,

126 3614 228 3661 nisi
268 3617 524 3674 quatenus
557 3616 637 3660 est
684 3613 827 3659 illius
869 3615 1129 3670 essentiae,

1208 336 1289 383 vel
1326 337 1457 385 idem
1498 340 1573 386 illi
1614 340 1857 389 essentiae
1905 342 2216 402 inquantum

1208 414 1442 463 infinitae.
1475 415 1528 464 Si
1568 430 1694 464 vero
1734 418 1942 465 dicatur
1969 419 2052 477 (g),
2086 421 2220 480 quod

1210 490 1451 548 quaelibet
1482 492 1788 551 proprietas
1816 495 1895 540 est
1924 494 2144 549 infinita,
2169 497 2220 543 et

1207 566 1319 612 ideo
1345 568 1857 616 incommunicabilis
1902 572 2124 630 propter
2153 573 2224 618 in¬

1206 640 1465 690 finitatem
1490 665 1499 699 ;
1521 647 1724 698 contra,
1752 646 1985 693 infinitas
2015 646 2118 693 ista
2146 650 2227 694 est

1208 717 1259 763 in
1287 718 1361 765 eis
1402 722 1624 779 propter
1656 720 1989 769 identitatem
2031 735 2214 769 earum

1208 806 1324 839 cum
1369 795 1620 849 essentia,
1670 796 1804 843 sicut
1851 810 1912 843 ex
1952 797 2124 845 radice
2170 802 2220 846 et

1206 867 1545 917 fundamento
1575 872 1746 918 omnis
1771 872 2116 932 perfectionis
2147 875 2219 920 in¬

1207 943 1472 993 trinsecae.

1265 1023 1464 1069 Contra
1489 1021 1632 1069 viam
1667 1023 1828 1070 etiam
1864 1024 1932 1082 (h)
1960 1025 2018 1071 de
2048 1037 2220 1085 respe-

1206 1097 1376 1144 ctibus
1400 1098 1458 1144 ad
1488 1101 1643 1146 extra
1672 1102 1846 1160 potest
1880 1100 2052 1159 argui,
2085 1100 2222 1150 sicut

1206 1175 1395 1222 contra
1425 1175 1558 1221 alias
1582 1175 1709 1222 duas
1733 1177 1864 1223 vias.
1891 1177 1984 1224 Sed
2013 1175 2151 1224 facio
2169 1177 2220 1235 (i)

1206 1250 1443 1298 rationes
1484 1251 1740 1312 speciales
1790 1270 1799 1298 :
1850 1254 2046 1305 Primo,
2097 1253 2220 1314 quia

1205 1331 1477 1386 respectus
1520 1329 1580 1374 ad
1626 1333 1781 1376 extra
1826 1333 1906 1377 est
1941 1333 2215 1391 respectus

1204 1402 1430 1450 rationis
1452 1421 1460 1456 ;
1487 1404 1572 1450 sed
1602 1404 1824 1452 scientia
1853 1419 1958 1451 non
1986 1406 2216 1453 conside¬

1205 1491 1330 1524 rans
1374 1479 1666 1539 subjectum
1703 1495 1856 1527 suum
1886 1480 1978 1527 sub
2010 1481 2216 1529 ratione

1205 1553 1354 1608 reali,
1385 1569 1490 1602 non
1512 1558 1592 1603 est
1622 1557 1798 1610 realis,
1832 1557 1968 1604 sicut
1996 1570 2089 1605 nec
2118 1560 2215 1606 Lo¬

1204 1629 1321 1687 gica
1343 1634 1423 1678 est
1458 1631 1635 1685 realis,
1675 1632 1795 1680 licet
1823 1633 2119 1680 consideret
2159 1634 2218 1681 de

1203 1706 1374 1760 rebus,
1413 1709 1468 1754 ut
1499 1706 1574 1754 eis
1608 1709 1977 1757 attribuuntur
2006 1710 2216 1758 intenti¬

1206 1797 1329 1830 ones
1353 1785 1614 1838 secundae;
1638 1799 1765 1846 ergo
1795 1786 2081 1846 Theologia
2109 1801 2212 1834 non

1203 1863 1342 1907 esset
1371 1861 1544 1907 realis.
1571 1863 1821 1916 Secundo,
1857 1863 1978 1923 quia
2012 1863 2217 1911 absolu¬

1204 1939 1316 1983 tum
1355 1939 1405 1984 et
1465 1937 1819 1998 respectivum
1871 1952 1975 1985 non.
2013 1938 2215 1988 faciunt

1204 2013 1433 2073 aliquem
1458 2028 1616 2062 unum
1640 2019 1954 2076 conceptum
1996 2030 2089 2076 per
2129 2032 2211 2070 se;

1204 2103 1332 2149 ergo
1358 2094 1641 2150 conceptus
1670 2105 1967 2152 aggregans
2004 2092 2094 2139 illa
2116 2093 2214 2140 duo

1206 2167 1258 2212 in
1293 2168 1466 2220 se,'est
1495 2171 1781 2228 conceptus
1805 2181 1938 2215 unus
1968 2182 2061 2227 per
2085 2169 2216 2216 acci¬

1204 2243 1344 2289 dens.
1369 2243 1527 2290 Nulla
1568 2246 1744 2291 autem
1780 2244 2002 2292 scientia
2045 2246 2216 2305 prima

1204 2321 1285 2365 est
1312 2319 1370 2366 de
1398 2323 1656 2379 conceptu
1689 2334 1789 2367 uno
1829 2335 1924 2381 per
1957 2322 2212 2376 accidens,

1205 2394 1327 2453 quia
1367 2395 1492 2442 talis
1537 2397 1899 2456 praesupponit
1938 2396 2214 2445 scientiam

1204 2471 1263 2517 de
1291 2475 1516 2530 utraque
1547 2474 1713 2531 parte,
1740 2476 1792 2521 et
1820 2473 1933 2520 ideo
1969 2472 2013 2519 si
2053 2474 2216 2521 scien¬

1205 2547 1280 2594 tia
1321 2548 1685 2596 subalternata
1715 2550 1782 2596 sit
1822 2549 1879 2596 de
1908 2549 2084 2608 aliquo
2116 2563 2216 2598 uno

1208 2637 1300 2683 per
1363 2624 1619 2677 accidens,
1670 2625 2035 2685 praesupponit
2085 2626 2212 2672 duas

1206 2703 1502 2747 tractantes
1521 2700 1579 2746 de
1602 2701 1843 2759 partibus
1867 2701 2013 2747 illius
2029 2701 2212 2754 totius,

1207 2779 1528 2835 separatam.
1555 2777 1607 2823 Si
1630 2775 1797 2835 igitur
1824 2777 2111 2837 Theologia
2139 2792 2214 2824 es¬

1208 2854 1286 2898 set
1307 2851 1364 2898 de
1388 2852 1483 2899 tali
1506 2865 1606 2897 uno
1638 2865 1730 2911 per
1751 2853 2008 2905 accidens,
2035 2857 2214 2913 posset

1206 2942 1321 2975 esse
1367 2928 1473 2975 alia
1515 2928 1665 2988 prior
1708 2942 1768 2975 ea
1809 2943 1922 2988 quae
1968 2932 2108 2977 esset
2157 2930 2216 2977 de

1206 3009 1464 3064 conceptu
1490 3019 1589 3051 uno
1614 3018 1708 3064 per
1731 3020 1802 3052 se.

1263 3081 1457 3132 Tertio,
1506 3081 1680 3127 nullus
1728 3084 2000 3142 respectus
2039 3082 2107 3142 (k)
2153 3083 2215 3129 ad

1205 3160 1360 3204 extra
1391 3157 1599 3204 videtur
1620 3159 1728 3204 Deo
1757 3158 2060 3204 necessario
2093 3172 2215 3205 con¬

1204 3234 1409 3287 venire;
1460 3247 1588 3293 ergo
1651 3234 1780 3280 nihil
1838 3234 2213 3294 Theologicum

1205 3310 1507 3357 necessario
1533 3310 1840 3358 conveniret
1868 3311 1992 3363 Deo,
2031 3315 2087 3359 ut
2132 3314 2211 3358 est

1206 3386 1503 3446 subjectum
1571 3386 1888 3446 Theologiae.
1959 3388 2210 3435 Probatio

1205 3461 1611 3522 consequentiae,
1661 3463 1794 3522 quod
1833 3462 2078 3510 convenit
2113 3463 2209 3510 ali¬

1206 3538 1291 3585 cui
1319 3539 1412 3586 sub
1441 3537 1649 3586 ratione
1683 3551 1787 3584 non
1839 3539 1936 3584 sibi
1973 3552 2213 3586 necessa¬

1208 3616 1287 3662 rio
1329 3616 1660 3667 inhaerentis,
1697 3629 1801 3662 non
1842 3616 2086 3663 convenit
2133 3616 2210 3664 illi
