2653 3979
153 342 286 384 diatas
308 348 530 385 contentas
557 347 794 386 virtualiter
820 347 863 386 in
896 347 977 387 illa-
1017 347 1083 387 Sic
1115 349 1157 387 in

153 422 367 471 proposito
408 433 503 461 cum
542 425 696 463 entitas
734 423 776 462 in
817 424 1031 462 communi
1070 424 1158 463 sive

151 497 303 535 entitas
333 499 574 537 necessaria
605 499 735 547 possit
772 499 832 536 via
867 500 1046 539 naturali
1081 499 1154 538 de¬

148 572 389 618 monstrari,
411 574 557 612 saltem
580 573 802 623 arguendo
834 574 886 613 ab
909 574 1080 620 effectu,
1111 577 1158 612 ut

148 649 267 695 patet
304 658 380 696 per
420 648 710 698 Philosophos,
750 649 819 698 qui
861 649 1158 688 demonstrant

150 731 244 760 esse
284 722 456 772 aliquod
493 733 707 763 summum
749 734 841 771 ens,
880 724 948 763 vel
982 724 1157 774 aliquod

150 808 226 837 ens
255 808 436 838 necesse
467 809 563 839 esse
587 801 683 850 (non
706 799 798 838 dico
823 799 875 839 de
899 804 996 839 ente
1017 799 1156 838 infini¬

153 876 208 918 to,
234 875 330 924 quia
351 875 470 913 multi
493 875 689 915 dubitant
715 886 767 914 an
799 875 1042 925 Philosophi
1076 876 1157 914 hoc

153 950 553 997 demonstraverint,
593 956 638 990 ut
675 953 835 1002 patebit
875 951 981 992 infra
1021 955 1059 992 d.
1082 954 1119 991 2.
1143 950 1156 1003 )

151 1036 253 1077 ergo
276 1037 542 1077 cognoscens
568 1027 679 1066 illam
710 1028 971 1074 naturaliter,
1002 1028 1156 1077 poterit

150 1102 396 1141 naturaliter
431 1112 695 1153 cognoscere
729 1104 1025 1152 proprietates,
1065 1113 1157 1153 qu<e

148 1178 290 1216 insunt
320 1177 516 1228 subjecto
543 1178 798 1229 Theologiae,
829 1189 908 1228 per
944 1179 1059 1217 illam
1092 1187 1155 1216 ra¬

149 1253 307 1292 tionem
353 1251 601 1299 formalem;
654 1257 696 1292 et
742 1255 801 1292 sic
844 1253 1154 1305 conjungendo

146 1328 450 1377 proprietatem
473 1339 570 1368 cum
592 1329 756 1368 ratione
783 1327 948 1368 formali
982 1329 1158 1368 habebit

145 1404 258 1442 illam
279 1403 615 1453 propositionem
637 1403 928 1443 immediatam
951 1408 992 1442 et
1013 1414 1090 1452 per
1108 1413 1155 1441 se

146 1485 303 1527 notam,
328 1485 370 1520 et
390 1492 440 1520 ex
463 1482 707 1521 immediata
729 1484 971 1532 sequuntur
996 1481 1155 1520 media¬

149 1559 212 1603 tae,
241 1567 334 1607 quae
358 1558 593 1597 virtualiter
623 1560 897 1597 continentur
925 1558 966 1595 in
997 1557 1082 1602 illa,
1114 1560 1156 1595 et

149 1632 208 1671 sic
231 1636 313 1672 tota
333 1633 564 1684 Theologia
587 1636 726 1683 potest
748 1634 844 1672 sciri
864 1635 928 1672 via
953 1634 1154 1679 naturali,

151 1708 267 1758 quod
288 1712 354 1748 est
370 1707 536 1749 falsum.

200 1782 260 1835 (b)
291 1787 482 1825 Secundo
489 1797 498 1834 ,
521 1787 622 1834 quia
643 1796 698 1824 ex
717 1796 798 1834 quo
819 1788 1036 1834 conceptus
1049 1795 1156 1824 com¬

150 1871 293 1900 munes
321 1872 401 1900 non
434 1865 526 1900 sunt
558 1862 639 1900 soli
662 1865 745 1900 Deo
770 1862 1029 1900 naturaliter
1053 1863 1154 1900 noti.

148 1937 280 1981 Patet,
300 1937 398 1988 quia
419 1939 545 1976 etiam
568 1942 887 1988 cognoscuntur
908 1937 1157 1976 naturaliter

146 2023 169 2051 a
191 2016 399 2059 creatura,
421 2015 546 2052 etiam
568 2013 785 2063 loquendo
805 2013 857 2052 de
875 2013 1155 2062 conceptibus

147 2090 377 2138 complexis
398 2089 597 2140 (quorum
620 2090 786 2128 termini
807 2090 1066 2138 incomplexi
1084 2088 1156 2127 ab¬

145 2166 392 2204 strahuntur
417 2176 437 2203 a
475 2164 694 2216 creaturis)
725 2167 796 2215 qui
825 2165 1157 2214 approprianlur

148 2241 282 2290 primo
305 2241 406 2285 enti,
427 2243 474 2280 ut
504 2252 579 2280 ens
611 2243 900 2280 necessarium
934 2243 978 2279 et
1006 2240 1156 2290 hujus¬

148 2317 278 2356 modi.
303 2317 387 2356 Sed
406 2317 640 2367 Theologia
670 2317 710 2355 in
742 2327 788 2355 se
818 2320 883 2355 est
914 2315 966 2355 de
1001 2317 1154 2355 verita¬

151 2394 261 2432 tibus
295 2393 372 2432 soli
405 2394 492 2431 Deo
527 2394 777 2431 naturaliter
811 2393 936 2437 notis,
973 2402 1069 2431 cum
1106 2394 1158 2430 sit

148 2469 394 2518 simpliciter
414 2479 632 2518 suprema,
656 2472 696 2507 et
719 2468 823 2507 tales
845 2469 1046 2507 veritates
1072 2477 1157 2506 non

145 2544 424 2585 includuntur
444 2544 677 2584 virtualiter
704 2547 746 2583 in
775 2542 1024 2594 hujusmodi
1054 2553 1154 2582 con¬

151 2620 346 2670 ceptibus
379 2624 582 2659 creaturae
610 2620 861 2658 naturaliter
897 2619 1022 2662 notis,
1060 2619 1159 2668 quia

153 2699 252 2735 tunc
291 2699 333 2735 et
363 2697 560 2735 veritates
589 2696 667 2734 illae
703 2698 878 2744 possent
910 2694 1160 2732 naturaliter

150 2772 368 2822 cognosci,
391 2771 507 2821 quod
528 2774 592 2809 est
610 2768 763 2809 falsum
781 2781 789 2816 ;
824 2779 942 2819 ergo.

203 2846 216 2900 (
220 2858 241 2886 c
245 2847 258 2900 )
297 2850 452 2886 Contra
481 2847 616 2886 aliam
648 2846 911 2894 positionem.
953 2845 1040 2883 Fuit
1080 2845 1160 2884 alia

151 2924 291 2973 opinio
324 2923 439 2973 quod
478 2923 592 2961 Deus
621 2922 699 2960 sub
737 2922 903 2960 ratione
941 2921 1158 2968 bonitatis,

146 3076 159 3127 j
168 3079 307 3115 eclum
325 3075 581 3124 Theologiae.
599 3073 755 3112 Contra
771 3083 898 3123 quam
916 3072 1159 3121 opinionem

148 3000 216 3040 vel
235 3001 313 3039 sub
336 3001 499 3038 ratione
535 2998 712 3037 alterius
745 2997 933 3036 attributi
963 3000 1029 3035 est
1061 2997 1159 3035 sub-

152 3156 292 3198 potest
311 3151 432 3198 argui
462 3160 538 3198 per
563 3149 751 3188 rationes
780 3147 977 3196 superius
998 3145 1131 3186 factas
1148 3160 1158 3194 ;

154 3237 238 3267 tum
262 3227 360 3277 quia
395 3225 563 3265 bonitas
583 3235 751 3263 summa
772 3225 839 3263 via
869 3222 1049 3261 naturali
1082 3233 1157 3271 po¬

154 3307 237 3343 test
274 3301 490 3353 cognosci,
523 3304 565 3340 et
601 3303 661 3340 sic
693 3299 899 3339 formetur
937 3307 1160 3348 argumen¬

157 3382 245 3417 tum
264 3381 310 3416 ut
331 3377 446 3426 prius
466 3390 474 3423 ;
497 3380 582 3416 tum
624 3376 719 3426 quia
750 3384 834 3414 non
868 3376 934 3412 est
961 3373 1038 3411 soli
1072 3373 1160 3411 Deo

154 3453 402 3493 naturaliter
421 3455 537 3491 nola.

205 3528 266 3582 (d)
295 3531 380 3569 Sed
410 3529 546 3568 adhuc
578 3538 728 3576 arguo.
759 3527 879 3565 Nunc
914 3526 1055 3575 arguit
1088 3535 1165 3574 per

155 3607 342 3648 rationes
371 3605 596 3656 speciales.
631 3604 679 3642 Et
708 3603 843 3652 prima
873 3604 957 3640 stat
989 3602 1032 3640 in
1065 3601 1160 3648 lioc,

1232 350 1327 400 quia
1372 361 1424 390 ex
1464 362 1546 400 quo
1597 353 1784 403 cognitio
1831 353 1885 393 de
1933 354 2128 405 subjecto
2179 358 2245 394 est

1232 424 1466 465 distinctior
1497 431 1537 466 et
1568 426 1800 477 perfectior
1832 430 1871 468 in
1901 430 2043 480 aliqua
2065 431 2245 471 scientia

1229 512 1358 550 quam
1380 503 1569 553 cognitio
1593 502 1791 554 alicujus,
1816 504 1933 554 quod
1954 517 2041 544 non
2064 509 2128 544 est
2149 508 2248 545 sub¬

1225 576 1390 627 jectum
1422 579 1464 617 in
1497 579 1564 618 illa
1605 579 1799 625 scientia,
1839 584 1887 619 ut
1924 582 2060 630 patuit
2097 593 2248 631 supra,

1229 663 1332 704 ergo
1358 654 1439 692 tale
1469 654 1715 703 subjectum
1745 665 1831 694 non
1855 658 1997 704 potest
2027 658 2141 705 poni,
2166 659 2246 697 nisi

1230 723 1308 762 sub
1347 724 1511 763 ratione
1552 722 1720 764 formali
1770 723 2082 775 perfectissima
2117 737 2246 776 quam

1230 802 1372 847 potest
1400 799 1585 845 habere;
1622 802 1866 850 patet,quia
1891 801 2076 852 cognitio
2100 800 2243 851 perfe¬

1231 875 1416 913 ctissima
1449 878 1490 913 et
1525 874 1840 915 distinctissima
1874 876 2058 927 subjecti
2091 881 2156 916 est
2190 888 2242 917 ex

1228 951 1392 989 ratione
1423 950 1589 990 formali
1623 956 1667 991 et
1699 952 1974 1001 quidditativa
2007 954 2131 1000 illius,
2164 954 2243 993 sed

1230 1026 1414 1077 cognitio
1437 1028 1546 1066 illius
1567 1029 1645 1067 sub
1669 1029 1810 1077 aliqua
1833 1030 1995 1068 ratione
2013 1030 2240 1068 attribulali

1230 1111 1315 1140 non
1343 1105 1409 1141 est
1438 1101 1760 1152 perfectissima,
1784 1107 1831 1142 ut
1853 1107 1971 1153 patet
1989 1115 2133 1153 supra.

1281 1176 1338 1228 (e)
1366 1178 1564 1217 Secunda
1586 1179 1690 1217 ratio
1712 1179 1768 1217 ibi
1805 1184 1813 1219 :
1850 1181 2043 1219 Secundo
2074 1182 2177 1228 quia
2205 1181 2243 1219 si

1228 1252 1314 1291 illae
1324 1255 1620 1302 proprietates.
1645 1254 1781 1293 Primo
1806 1254 1975 1294 declaro
1996 1255 2176 1294 litteram
2199 1262 2239 1294 et

1229 1331 1327 1377 post
1354 1327 1546 1368 formabo
1568 1329 1792 1369 rationem.
1823 1329 1959 1368 Primo
1989 1331 2090 1371 dicit
2124 1323 2241 1381 quod

1229 1396 2262 1465 si illae proprietates (puta bonitas vel sa- Pull4lapt,va
2261 1485 2262 1507 en
1229 1482 1405 1531 pienlia)
1450 1483 1621 1521 realiter
1668 1482 1889 1521 differrent
1936 1483 1988 1521 ab
2039 1484 2239 1532 essentia,

1230 1561 1376 1597 essent
1410 1568 1501 1597 vere
1537 1562 1718 1598 causatae
1750 1559 1802 1597 ab
1837 1560 2039 1598 essentia.
2075 1560 2133 1598 Ex
2160 1559 2240 1598 hoc

1231 1634 1342 1673 dicto
1364 1634 1492 1684 aliqui
1512 1634 1660 1674 volunt
1681 1634 1798 1685 quod
1827 1637 1997 1685 propria
2026 1637 2166 1684 passio
2188 1637 2242 1675 sit

1228 1710 1400 1749 realiter
1421 1710 1616 1749 distincta
1646 1721 1670 1748 a
1698 1710 1914 1761 subjecto,
1950 1711 2073 1760 cujus
2108 1720 2240 1760 oppo¬

1229 1786 1356 1825 situm
1391 1789 1508 1825 tenet
1542 1787 1712 1826 Doctor.
1746 1788 1794 1825 Et
1826 1786 2010 1836 probant
2040 1797 2093 1825 ex
2127 1786 2239 1825 dicto

1230 1862 1422 1900 Doctoris
1454 1861 1559 1900 infra
1594 1863 1635 1900 in
1667 1864 1748 1900 ista
1778 1864 2005 1910 quaestione
2012 1894 2017 1906 ,
2046 1861 2120 1900 ubi
2141 1861 2242 1900 dicit

1230 1937 1347 1988 quod
1370 1938 1611 1988 subjectum
1643 1948 1729 1976 non
1765 1941 1930 1976 tantum
1956 1948 2002 1976 se
2034 1938 2164 1976 habet
2196 1942 2242 1976 ut

1230 2015 1490 2062 receptivum
1514 2013 1739 2063 passionis,
1771 2013 1851 2051 sed
1878 2015 2006 2052 etiam
2028 2017 2092 2052 est
2113 2023 2241 2052 causa

1230 2089 1424 2130 effectiva
1449 2090 1660 2141 ejusdem.
1690 2090 1774 2129 Sed
1802 2090 1905 2140 quid
1939 2091 1990 2129 sit
2024 2089 2077 2129 de
2106 2090 2243 2128 inten¬

1230 2169 1345 2206 tione
1381 2167 1573 2205 Doctoris
1603 2166 1756 2206 diffuse
1789 2167 1968 2215 exposui
1989 2166 2030 2204 in
2051 2164 2244 2205 secundo

1229 2241 1421 2282 articulo.
1445 2242 1644 2282 Secundo
1669 2242 1786 2288 dicit,
1809 2241 1926 2292 quod
1958 2253 2011 2281 ex
2043 2253 2128 2292 quo
2168 2239 2245 2280 dif¬

1228 2318 1371 2358 ferunt
1399 2320 1563 2359 ratione
1591 2321 1643 2359 ab
1667 2320 1869 2365 essentia,
1905 2320 2058 2358 saltem
2083 2329 2245 2358 secun¬

1232 2395 1333 2434 dum
1370 2397 1577 2435 rationem
1627 2396 1827 2435 dicuntur
1865 2394 2046 2440 causari,
2079 2400 2120 2434 et
2159 2396 2245 2434 hoc

1232 2473 1349 2509 tenet
1377 2482 1455 2520 per
1481 2472 1595 2511 illam
1616 2471 1953 2521 propositionem
1987 2472 2179 2509 Doctoris
2201 2472 2244 2509 in

1233 2545 1422 2590 Quodlib.
1457 2546 1592 2595 qualis
1622 2550 1686 2584 est
1717 2546 1821 2586 ordo
1855 2545 1967 2585 inter
1987 2547 2128 2596 aliqua
2168 2545 2246 2584 ubi

1230 2623 1401 2661 realiter
1449 2622 1787 2673 distinguuntur,
1824 2623 1916 2662 talis
1949 2627 2013 2662 est
2041 2623 2114 2662 ubi
2151 2626 2248 2661 tan¬

1234 2701 1323 2736 tum
1351 2699 1514 2738 ratione
1546 2698 1881 2749 distinguuntur.
1913 2699 1960 2737 Et
1981 2698 2098 2748 quod
2125 2697 2244 2742 dicit,

1234 2773 1350 2823 quod
1370 2775 1461 2813 istae
1486 2775 1769 2823 proprietates
1790 2775 1880 2814 sola
1900 2775 2064 2813 ratione
2095 2773 2246 2814 distin¬

1232 2853 1423 2900 guuntur
1443 2851 1495 2889 ab
1519 2851 1716 2898 essentia,
1753 2861 1838 2889 non
1872 2848 1972 2889 dicit
2003 2849 2246 2889 secundum

1231 2925 1516 2964 intentionem
1549 2925 1780 2974 propriam,
1813 2926 1908 2975 quia
1940 2925 2068 2963 etiam
2099 2923 2248 2963 distin¬

1232 3005 1417 3051 guuntur
1438 3002 1532 3050 plus
1539 3011 1667 3051 quam
1688 3002 1869 3049 ratione,
1891 3003 1940 3040 ut
1958 3001 2123 3050 patebit
2136 2999 2244 3040 infra

1231 3078 1280 3118 di
1277 3081 1326 3116 st.
1349 3077 1387 3125 8.
1411 3080 1552 3125 quaesi,
1571 3077 1794 3125 penultim.

1287 3153 1354 3191 His
1394 3152 1634 3200 declaratis,
1682 3151 1819 3191 formo
1868 3152 1930 3191 sic
1976 3151 2185 3190 rationem
2228 3163 2237 3190 :

1232 3227 1342 3266 Nihil
1374 3226 1491 3277 quod
1524 3227 1656 3265 habet
1691 3229 1903 3266 rationem
1951 3228 2126 3274 causati,
2176 3227 2243 3265 vel

1235 3304 1357 3353 quasi
1396 3306 1556 3342 causali
1594 3304 1646 3342 ab
1689 3304 1829 3353 aliquo
1869 3304 2064 3354 subjecto
2106 3306 2249 3353 potest

1237 3391 1332 3419 esse
1352 3379 1458 3419 ratio
1479 3377 1668 3420 formalis
1690 3381 1816 3427 illius,
1850 3383 1984 3430 patet,
2020 3382 2121 3430 quia
2142 3379 2248 3418 ratio

1234 3455 1421 3495 formalis
1458 3456 1643 3506 subjecti
1683 3457 1873 3505 proprie,
1912 3457 1980 3495 vel
2025 3460 2092 3494 est
2137 3457 2254 3503 prior

1235 3531 1450 3582 subjecto,
1472 3532 1540 3570 vel
1558 3532 1712 3570 saltem
1735 3534 1799 3570 est
1828 3531 1968 3578 simul,
1992 3534 2035 3569 et
2053 3531 2165 3569 ultra
2187 3533 2253 3569 est

1236 3607 1427 3646 medium
1449 3605 1770 3647 demonstrandi
1790 3609 2026 3653 causatum,
2050 3606 2118 3645 vel
2147 3616 2251 3656 qua-
