2653 3979
189 407 386 449 Secundo
418 411 560 462 arguit
595 416 636 452 et
668 411 772 451 ratio
814 414 897 451 stat
929 413 970 450 in
1008 412 1089 450 hoc
1131 424 1140 450 :

133 487 230 535 quia
258 485 435 525 scientia
466 498 543 536 per
571 497 633 535 se,
671 490 755 527 tam
790 486 1138 527 denominatione

131 561 370 600 extrinseca
391 563 520 613 quam
538 562 782 612 intrinseca,
806 567 869 602 est
892 563 944 602 de
966 563 1135 614 objecto

129 646 206 685 per
239 646 299 684 se,
333 640 461 687 patet,
495 640 581 677 tum
617 639 714 689 quia
750 638 930 678 effectus
962 649 1039 689 per
1072 648 1134 686 se,

130 717 194 752 est
225 723 248 751 a
278 722 406 752 causa
438 723 514 763 per
545 723 618 762 se;
652 715 826 754 scientia
860 718 926 754 est
957 714 1138 754 effectus

127 787 193 826 sui
224 786 382 837 objecti
410 789 552 840 primi,
580 793 626 828 ut
656 800 784 838 supra
823 790 971 838 patuit,
1013 799 1132 840 ergo.

125 861 226 900 Tum
261 864 358 911 quia
390 863 478 902 aliae
510 864 695 903 scientiae
730 863 930 903 dicuntur
962 875 1040 914 per
1070 875 1133 912 se,

126 937 222 986 quii
270 938 504 986 respiciunt
551 939 768 990 objectum
817 950 895 989 per
934 940 996 988 se,
1034 940 1132 982 ideo

124 1014 370 1054 subalterna
393 1016 740 1057 denominatione
764 1018 1007 1057 extrinseca
1027 1017 1128 1057 dici¬

123 1092 189 1129 tur
218 1100 295 1140 per
326 1091 542 1140 accidens,
579 1094 676 1142 quia
709 1094 882 1143 respicit
913 1094 1131 1145 objectum

122 1166 200 1205 sub
224 1166 388 1206 ratione
419 1167 698 1216 accidentali;
737 1180 833 1208 cum
867 1171 970 1221 ergo
997 1169 1131 1209 Theo¬

121 1240 235 1292 logia
263 1242 316 1281 sit
344 1244 522 1283 scientia
553 1255 630 1293 per
654 1255 701 1284 se
732 1249 773 1294 et
800 1244 1127 1294 perfectissima,

121 1329 142 1357 a
178 1315 336 1358 fortiori
373 1318 548 1359 habebit
584 1320 803 1371 objectum
842 1332 918 1372 per
947 1332 992 1361 se
1011 1333 1019 1368 ;
1051 1321 1130 1361 sed

121 1392 363 1432 absolutum
390 1398 432 1434 et
460 1397 743 1444 respectivum
773 1394 934 1436 faciunt
965 1399 1128 1436 tantum

118 1482 253 1511 unum
287 1481 364 1520 per
394 1471 610 1519 accidens,
645 1472 743 1522 quia
773 1477 1052 1524 aggregatum
1075 1484 1128 1513 ex

118 1548 247 1587 rebus
275 1545 540 1586 diversorum
571 1557 798 1597 generum.
829 1547 949 1587 Palet
982 1549 1124 1596 etiam,

120 1634 216 1674 quia
247 1635 282 1663 si
310 1634 362 1663 ex
392 1635 452 1664 eis
483 1627 597 1663 esset
626 1635 760 1663 unum
788 1635 868 1674 per
886 1636 950 1670 se,
971 1636 1126 1676 seque-

118 1704 236 1740 retur
276 1699 393 1750 quod
432 1700 712 1739 constitutum
744 1709 833 1740 non
874 1705 1001 1749 esset,
1044 1712 1127 1742 nec

117 1785 194 1816 ens
224 1775 484 1823 absolutum,
517 1785 596 1814 nec
628 1786 704 1814 ens
733 1776 917 1825 respecti
924 1788 1021 1816 vum
1047 1788 1125 1826 per

116 1863 178 1892 se.
213 1853 347 1899 Patet,
383 1852 481 1903 quia
515 1852 793 1890 constitutum
832 1852 1053 1903 dependet
1081 1856 1122 1895 in

116 1940 211 1970 esse
242 1940 265 1968 a
295 1928 487 1978 partibus
517 1928 902 1976 constituentibus;
942 1930 977 1969 si
1009 1932 1122 1971 enim

115 2010 229 2046 esset
248 2004 507 2050 absolutum,
531 2013 632 2054 ergo
663 2008 886 2054 respectus
923 2010 1037 2046 esset
1067 2006 1120 2047 de

115 2083 300 2123 essentia
329 2080 537 2126 absoluti;
561 2078 594 2119 si
617 2082 746 2120 etiam
775 2085 890 2120 esset
918 2092 1016 2133 resp
1023 2094 1044 2122 e
1051 2084 1120 2122 cli¬

112 2169 228 2206 vum,
273 2167 376 2207 ergo
407 2156 648 2196 absolutum
686 2159 801 2196 esset
839 2156 892 2198 de
933 2160 1119 2199 essentia

111 2234 351 2285 respectivi,
383 2236 425 2272 et
453 2232 514 2272 sic
541 2241 629 2272 non
658 2235 786 2280 esset,
831 2243 912 2275 nec
954 2234 1117 2275 absolu¬

113 2313 216 2357 tum,
249 2320 329 2348 nec
359 2309 669 2358 respeclivum;
699 2319 802 2359 ergo
823 2309 1055 2360 Theologia
1075 2310 1117 2349 in

111 2397 157 2426 se
190 2396 275 2426 non
317 2388 382 2424 est
412 2384 466 2424 de
498 2384 586 2424 Deo
631 2385 707 2424 sub
743 2386 908 2425 ratione
939 2385 1117 2437 alicujus

111 2464 350 2513 respectus.
400 2462 448 2501 Et
486 2462 694 2510 praeterea
728 2460 961 2512 Theologia
996 2461 1037 2499 in
1067 2472 1114 2501 se

112 2541 177 2578 est
211 2540 374 2577 tantum
405 2546 490 2576 una
524 2534 717 2583 scientia,
752 2539 798 2574 ut
830 2536 882 2575 ab
917 2536 1114 2577 omnibus

110 2611 381 2660 conceditur;
415 2621 516 2662 ergo
537 2613 601 2649 est
631 2614 795 2650 tantum
817 2609 869 2650 de
896 2621 980 2651 uno
1012 2612 1110 2652 sub¬

102 2691 220 2742 jecto
270 2695 312 2729 et
357 2689 436 2728 sub
484 2699 568 2727 una
613 2689 777 2728 ratione
828 2689 1111 2730 considerato.

104 2767 222 2807 Palet
252 2765 578 2816 consequentia,
609 2764 687 2803 sed
715 2764 749 2803 si
784 2768 899 2804 esset
927 2765 980 2804 de
1011 2771 1110 2806 ente

103 2853 181 2893 per
200 2841 416 2888 accidens,
439 2850 527 2880 non
548 2844 662 2880 esset
684 2849 819 2879 unum
848 2841 1107 2893 subjectum,

104 2929 183 2959 nec
216 2928 304 2958 una
339 2918 535 2964 scientia,
567 2917 666 2966 quia
694 2915 887 2963 scientia,
924 2928 1016 2967 qua;
1045 2923 1111 2958 est

104 2994 158 3036 de
189 2998 288 3035 ente
311 3005 388 3043 per
416 2991 630 3040 accidens,
662 2995 709 3031 ut
737 2993 984 3034 subalterna
1004 3005 1108 3045 sup¬

104 3071 224 3122 ponit
255 3069 360 3108 duas
389 3068 588 3108 scientias
621 3069 896 3108 tractantibus
927 3070 980 3109 de
1011 3081 1108 3120 par¬

104 3146 216 3186 tibus
263 3144 376 3184 illius
418 3144 546 3182 totius
584 3145 830 3194 separatim,
879 3148 928 3184 ut
972 3146 1007 3184 si
1055 3145 1108 3186 de

104 3224 274 3263 homine
295 3221 391 3261 albo
414 3222 528 3260 esset
547 3220 740 3267 scientia,
765 3223 864 3260 tunc
883 3222 951 3261 illa
973 3223 1108 3262 scien¬

106 3299 160 3338 tia
195 3300 552 3348 praesupponeret
586 3306 732 3343 unam,
765 3307 858 3346 quie
902 3301 1017 3337 esset
1055 3299 1108 3339 de

104 3374 291 3420 homine,
325 3374 368 3411 et
399 3372 525 3412 aliam
557 3381 649 3421 quae
679 3374 792 3412 esset
814 3371 866 3413 de
893 3373 1109 3423 albedine,

105 3452 163 3490 sic
191 3450 235 3490 in
265 3448 497 3500 proposito.

158 3524 219 3579 (k)
269 3526 404 3565 Tertio
441 3523 584 3564 nullus
619 3528 830 3574 respectus
870 3529 926 3568 ad
970 3530 1094 3567 extra
1101 3557 1112 3576 ,

110 3607 192 3642 elc.
233 3601 350 3641 Ratio
383 3602 466 3640 stat
501 3599 544 3639 in
572 3599 653 3639 hoc
690 3612 697 3638 :
734 3599 854 3649 Illud,
897 3601 1014 3654 quod
1051 3606 1115 3642 est

106 3678 212 3719 ratio
242 3673 562 3717 demonstrandi
591 3675 750 3728 aliquid
781 3675 833 3717 de
864 3677 1004 3730 aliquo
1036 3687 1110 3718 ne¬

1217 412 1416 459 cessario,
1456 412 1514 450 ita
1553 411 1669 462 quod
1706 414 1734 452 A
1775 412 1939 453 dicatur
1978 417 2218 456 necessario

1216 488 1440 527 convenire
1471 490 1517 534 D,
1540 491 1717 538 propter
1736 489 1944 530 rationem
1964 493 2008 537 C,
2031 490 2171 542 ipsum
2192 494 2222 531 C

1212 564 1457 603 necessario
1481 566 1681 605 convenit
1700 565 1780 614 ipsi
1800 567 1845 612 A,
1869 568 1965 617 quia
1987 567 2103 616 quod
2124 578 2221 607 con¬

1212 637 1328 678 venit
1355 641 1383 678 A
1419 640 1730 692 contingenter,
1760 651 1845 681 non
1869 645 2012 692 potest
2041 653 2135 683 esse
2158 654 2219 683 ra¬

1211 715 1265 753 tio
1289 714 1405 764 quod
1435 714 1598 764 aliquid
1618 717 1846 757 conveniat
1874 718 1952 767 ipsi
1972 721 2000 757 A
2023 729 2220 760 necessa¬

1207 789 1286 836 rio,
1320 791 1419 840 quia
1453 793 1551 828 tunc
1592 794 1708 831 esset
1735 792 1874 844 major
1911 795 2148 834 necessitas
2175 794 2219 835 in

1209 864 1368 905 effectu
1406 877 1534 916 quam
1567 867 1610 907 in
1645 878 1786 907 causa.
1828 869 1912 909 Sed
1950 871 2090 911 multae
2118 883 2214 921 pro¬

1207 944 1412 993 prietates
1460 943 1809 985 demonstrantur
1845 949 1987 987 inesse
2035 949 2122 989 Deo
2163 950 2216 989 de

1205 1021 1480 1065 necessitate,
1518 1024 1564 1059 ut
1591 1024 1734 1072 patet;
1771 1033 1875 1074 ergo
1904 1024 2008 1063 ratio
2028 1023 2216 1066 formalis

1207 1093 1529 1135 demonstrandi
1560 1099 1696 1148 magis
1718 1099 1962 1139 necessario
1986 1104 2215 1142 conveniet

1203 1170 1285 1219 ipsi
1307 1171 1411 1210 Deo.
1436 1171 1539 1210 Cum
1564 1183 1666 1224 ergo
1688 1173 1793 1213 ratio
1815 1173 2002 1215 formalis
2029 1177 2213 1227 subjecti

1204 1247 1260 1285 sit
1287 1246 1479 1286 medium
1511 1249 1555 1287 in
1585 1248 1955 1291 demonstratione
1974 1254 2210 1301 potissima,

1203 1321 1400 1372 sequitur
1432 1323 1548 1373 quod
1582 1325 1723 1364 nullus
1759 1330 1980 1376 respectus
2010 1326 2065 1367 ad
2095 1332 2213 1368 extra

1202 1398 1352 1446 poterit
1381 1409 1476 1438 esse
1510 1398 1695 1440 formalis
1725 1402 1830 1442 ratio
1866 1403 2048 1454 subjecti
2074 1405 2211 1445 Theo¬

1201 1471 1323 1522 logiae
1339 1473 1383 1512 in
1402 1485 1466 1521 se,
1488 1473 1542 1513 de
1565 1485 1649 1525 quo
1672 1475 1814 1516 multae
1841 1476 2042 1517 veritates
2063 1490 2212 1519 neces¬

1199 1548 1317 1588 sariae
1356 1549 1723 1598 demonstrantur;
1764 1553 1848 1593 imo
1889 1555 1924 1593 si
1965 1564 2044 1603 per
2084 1556 2211 1595 talem

1199 1627 1445 1673 respectum
1481 1623 1534 1663 ad
1564 1630 1680 1665 extra
1702 1625 2101 1669 demonstrarentur
2129 1631 2207 1670 hu¬

1190 1699 1385 1751 jusmodi
1430 1703 1633 1741 veritates
1709 1703 1813 1743 tales
1860 1707 2059 1746 veritates
2094 1708 2209 1747 nullo

1198 1775 1323 1816 modo
1347 1780 1491 1816 essent
1506 1779 1772 1828 necessariae,
1790 1781 1868 1820 sed
1891 1784 2203 1834 contingentes.

1249 1850 1294 1904 (I)
1324 1854 1509 1893 Concedo
1550 1855 1681 1904 igitur
1713 1860 1914 1904 quartum
1951 1860 2201 1899 membrum.

1196 1929 1242 1967 Et
1283 1928 1335 1970 sit
1379 1940 1456 1979 pro
1506 1931 1781 1971 conclusione
1829 1934 2036 1982 Doctoris,
2086 1922 2202 1986 quod

1195 2002 1438 2055 subjectum
1466 2005 1708 2057 Theologiae
1738 2007 1781 2046 in
1813 2020 1859 2048 se
1897 2014 2095 2060 respectu
2128 2022 2199 2051 ne-

1196 2082 1479 2120 cessarioruin
1501 2085 1566 2121 est
1585 2084 1697 2122 Deus
1718 2084 1797 2123 sub
1827 2086 1989 2125 ratione
2011 2088 2201 2136 Deitatis,

1192 2156 1278 2196 sive
1299 2158 1376 2198 sub
1398 2159 1560 2198 ratione
1583 2171 1668 2211 qua
1697 2161 1784 2200 haec
1812 2162 2014 2211 essentia,
2037 2165 2105 2204 vel
2124 2165 2202 2205 sub

1192 2233 1355 2272 ratione
1379 2245 1459 2284 qua
1482 2235 1569 2275 haec
1591 2236 1748 2284 Deitas,
1775 2249 1866 2288 quae
1894 2238 2010 2277 idem
2043 2241 2202 2290 impor¬

1195 2311 1298 2355 tant,
1338 2310 1436 2360 quia
1478 2310 1589 2350 sicut
1627 2312 1870 2362 subjectum
1909 2314 2097 2355 scientiae
2125 2315 2204 2368 (lo¬

1193 2383 1364 2433 quendo
1388 2395 1562 2436 semper
1579 2386 1631 2426 de
1651 2388 1845 2439 subjecto
1862 2389 2051 2430 habente
2070 2393 2205 2431 unita¬

1191 2463 1277 2498 tem
1307 2459 1569 2514 specificam)
1591 2467 1658 2502 est
1682 2461 2041 2512 perfectissimum
2063 2470 2200 2508 consi¬

1191 2535 1387 2576 deratum
1415 2539 1457 2578 in
1486 2538 1556 2577 illa
1585 2540 1780 2587 scientia,
1816 2542 1871 2581 ita
1907 2547 1947 2583 et
1981 2545 2087 2583 ratio
2117 2543 2200 2584 for¬

1186 2612 1308 2650 malis
1332 2614 1421 2652 talis
1441 2614 1626 2665 subjecti
1656 2615 1786 2656 debet
1817 2628 1912 2657 esse
1942 2618 2198 2669 perfectissi¬

1186 2698 1270 2734 ma,
1294 2692 1375 2729 etc.

1238 2763 1468 2815 Gregorius
1490 2763 1542 2804 de
1562 2766 1748 2806 Arimino
1768 2768 2066 2819 peritissimus,
2095 2783 2190 2833 sus-

1185 2838 1358 2879 linendo
1389 2841 1634 2890 opinionem
1654 2842 1808 2893 ^Egidii
1835 2845 1888 2884 de
1923 2847 2070 2895 Roma,
2094 2859 2190 2899 quae

1184 2918 1249 2954 est
1285 2915 1401 2966 quod
1434 2917 1550 2955 Deus
1579 2919 1658 2958 sub
1690 2919 1854 2960 ratione
1887 2928 2108 2972 respectus
2137 2924 2192 2964 ad

1184 2994 1315 3038 extra,
1349 2996 1448 3042 puta
1478 2993 1557 3033 sub
1596 2995 1760 3034 ratione
1792 2996 2100 3048 glorificatoris,
2126 3003 2190 3040 est

1183 3068 1430 3119 subjectum
1446 3079 1489 3107 in
1516 3069 1754 3121 Theologia,
1778 3072 2013 3123 respondet
2033 3076 2073 3115 in
2086 3087 2188 3126 pro-

1183 3143 1278 3193 logo
1298 3155 1337 3194 q.
1361 3146 1398 3184 4.
1423 3145 1476 3184 ad
1497 3145 1766 3197 objectiones
1788 3159 1894 3199 quas
1915 3150 2075 3191 Doctor
2092 3128 2194 3194 facit

1190 3227 1338 3264 contra
1369 3226 1617 3276 opinionem
1647 3228 1816 3279 JEgidii.
1848 3231 1896 3270 Et
1936 3242 2087 3273 omnes
2122 3245 2192 3274 re¬

1183 3299 1438 3350 sponsiones
1474 3304 1587 3342 stant
1620 3304 1664 3342 in
1701 3315 1785 3344 uno
1827 3305 1956 3356 dicto,
1997 3308 2196 3351 videlicet

1185 3375 1303 3427 quod
1325 3389 1421 3417 cum
1454 3377 1547 3418 dico
1581 3379 1658 3420 sub
1690 3381 1854 3422 ratione
1882 3383 2192 3434 glorificatoris,

1185 3453 1288 3493 nihil
1315 3464 1360 3493 re
1390 3454 1458 3493 vel
1486 3455 1651 3496 ratione
1689 3457 1941 3508 intelligilur
1979 3459 2078 3500 addi
2116 3461 2196 3513 ipsi

1187 3529 1292 3576 Deo,
1335 3528 1453 3580 quod
1489 3531 1542 3570 sit
1580 3531 1887 3574 contractivum
1923 3535 2056 3585 ipsius
2103 3538 2196 3585 Dei,

1189 3604 1305 3654 quod
1342 3606 1395 3644 sit
1430 3605 1672 3657 subjectum
1706 3608 1966 3661 Theologiae,
2005 3612 2084 3652 sed
2122 3624 2196 3663 per

1188 3679 1399 3722 rationem
1428 3681 1662 3733 specialem
1682 3685 1863 3725 intendit
1882 3688 2111 3739 ipsammet
2130 3700 2196 3731 ra-
