2682 3979
302 334 636 377 contingentium,
662 338 704 373 \d
725 341 782 375 est
803 340 852 375 de
867 351 945 387 quo
966 342 1192 383 immediate
1207 346 1310 383 dici¬

303 397 367 430 tur
388 397 651 441 pnedicatum
682 404 828 448 primm
866 407 1048 443 veritatis
1070 411 1310 455 contingen¬

303 459 366 500 tis,
383 469 472 506 qiue
493 466 552 498 est
572 464 819 511 immediata,
840 471 880 505 ut
904 471 1090 507 voluntas
1111 476 1205 509 vult.
1222 476 1313 510 Ter¬

304 523 418 567 tium,
451 524 681 570 hujusmodi
722 534 780 567 est
813 532 853 568 id
889 533 994 579 quod
1032 538 1090 571 est
1121 538 1312 574 intuibile

304 587 494 632 conjungi
532 599 624 626 cum
658 592 729 628 tali
762 595 991 640 praedicato,
1031 599 1128 644 quia
1163 601 1312 637 veritas

307 651 548 696 contingens
582 664 658 691 non
679 660 936 702 cognoscitur
957 671 1030 707 per
1055 664 1221 708 species,
1244 664 1313 700 sed

309 724 381 760 per
401 717 660 756 intuitionem
678 725 968 767 extremorum,
991 724 1040 760 de
1063 736 1141 772 quo
1171 728 1199 763 1.
1219 727 1311 764 dist.

308 779 342 814 3.
364 783 503 824 quasst.
516 782 549 817 4.
574 783 639 819 ubi
661 785 709 821 de
730 786 904 823 sinceris
918 789 1176 829 veritatibus.
1186 793 1315 834 Quar¬

308 839 407 879 tum,
431 837 537 875 idem
571 844 630 877 est
663 843 888 888 subjectum
923 845 1149 890 Theologiae
1178 858 1315 884 neces¬

308 901 506 940 sariorum
529 906 567 939 ot
587 906 911 952 contingentium
933 910 975 945 in
1012 911 1089 946 Deo
1109 914 1147 948 et
1172 912 1312 956 beatis,

309 965 404 1009 quia
438 967 540 1002 Deus
573 977 646 1014 per
672 971 932 1008 intuitionem
968 977 1094 1018 potest
1110 977 1314 1026 cognosci,

313 1029 420 1065 uniri
461 1031 696 1071 immediate
734 1035 952 1080 praedicato
984 1038 1120 1082 primae
1157 1042 1316 1076 contin¬

312 1096 456 1138 gentis,
484 1098 705 1142 cujusmodi
740 1103 811 1144 est,
844 1103 1031 1137 voluntas
1062 1106 1160 1140 vult.
1191 1106 1316 1148 Quin¬

310 1160 411 1202 tum,
429 1160 567 1196 eadem
591 1165 745 1200 ratione
773 1164 878 1200 idem
899 1169 958 1202 est
971 1166 1170 1212 objectum
1191 1170 1319 1206 Theo¬

311 1221 430 1267 logiae
467 1228 612 1262 nostrae
650 1230 969 1266 necessariorum
1009 1234 1047 1268 et
1085 1234 1320 1278 contingen¬

309 1287 426 1323 tium.

372 1493 520 1538 Nunc
550 1495 726 1541 autem
757 1498 821 1556 (a)
849 1497 1124 1546 videndum
1148 1503 1227 1548 est
1261 1502 1318 1548 de

312 1568 630 1615 veritatibus
653 1573 1080 1632 contingentibus
1103 1575 1320 1622 Theolo-

313 1643 461 1702 ^icis,
494 1645 613 1704 quid
653 1647 721 1695 sit
760 1649 988 1708 primum
1024 1651 1318 1711 subjectum

312 1719 629 1780 Theologiae.
690 1726 754 1770 Et
792 1725 960 1784 quoad
1008 1726 1140 1774 istas
1185 1729 1315 1782 dico,

315 1795 448 1855 quod
474 1797 674 1844 nullum
699 1799 992 1856 subjectum
1013 1802 1322 1851 virtualiter

317 1873 550 1919 continet
571 1875 825 1922 veritates
854 1876 957 1923 nisi
990 1881 1320 1928 necessarias

314 1946 373 1993 de
417 1947 548 2007 ipso,
600 1950 722 2008 quia
760 1951 820 1997 ad
859 1953 1224 2011 contingentes
1263 1957 1321 2003 de

317 2021 431 2082 ipso
458 2024 735 2083 aequaliter
764 2041 816 2073 se
845 2028 999 2076 habet
1021 2043 1084 2076 ex
1108 2046 1161 2078 se
1182 2034 1232 2078 et
1261 2033 1322 2079 ad

316 2099 603 2158 oppositas.
659 2103 854 2150 Tamen
900 2108 1322 2165 contingentium

314 2178 394 2223 est
442 2177 586 2230 ordo,
635 2178 756 2237 quia
802 2179 981 2239 aliqua
1019 2185 1100 2229 est
1147 2184 1322 2242 prima

312 2265 441 2298 vera
480 2254 810 2313 contingens,
852 2258 901 2302 et
926 2257 1000 2304 ita
1029 2258 1322 2319 subjectum

314 2328 545 2387 primum
570 2330 858 2378 multarum
893 2333 1181 2380 veritatum
1204 2349 1322 2381 con¬

314 2404 648 2463 tingentium,
665 2410 835 2467 potest
861 2409 979 2468 poni
999 2410 1137 2462 illud,
1154 2412 1211 2456 de
1223 2425 1322 2470 quo

320 2480 510 2540 primo,
558 2481 604 2528 id
651 2487 731 2530 est
772 2484 1087 2538 immediate,
1130 2486 1324 2533 dicitur

320 2557 662 2616 praedicatum
712 2560 895 2619 primae
947 2561 1320 2621 contingentis,

321 2648 433 2694 quae
465 2638 544 2682 est
572 2636 723 2694 quasi
745 2636 975 2696 primum
1004 2637 1324 2697 principium

319 2711 371 2756 in
406 2711 585 2757 ordine
608 2712 1045 2772 contingentium,
1088 2713 1168 2760 vel
1198 2727 1326 2773 prae¬

322 2785 493 2832 dicata
535 2786 765 2846 plurium
806 2788 1103 2847 primarum
1127 2788 1327 2835 contin¬

321 2861 572 2921 gentium,
606 2862 649 2909 si
676 2863 850 2922 plures
874 2867 994 2911 sunt
1027 2863 1227 2923 primae.

382 2938 592 2985 Dicitur
639 2942 816 2986 autem
844 2939 908 2998 (b)
950 2939 1182 2998 primum
1217 2939 1330 2985 sub-

322 3016 519 3073 jectum
546 3027 728 3073 primae
750 3018 998 3062 ventatis
1028 3018 1330 3073 contmgen-

309 3072 412 3154 co^unfen-tis,
440 3090 569 3148 quod
599 3090 769 3136 visum
793 3092 847 3136 ut
885 3090 1004 3143 tale,
1046 3093 1229 3137 natum
1253 3091 1332 3135 est

329 3166 502 3225 primo
533 3165 700 3212 videri
727 3166 975 3225 conjungi
999 3179 1116 3212 cum
1147 3164 1333 3225 praedi¬

328 3245 448 3289 cato
491 3242 600 3294 illo,
644 3242 763 3301 quia
795 3242 1026 3302 primum
1053 3245 1238 3290 notum
1282 3242 1335 3287 in

328 3317 771 3376 contingentibus,
791 3331 896 3363 non
917 3319 996 3364 est
1019 3317 1121 3364 nisi
1145 3332 1238 3377 per
1259 3318 1335 3363 in¬

329 3394 608 3441 tuitionem
641 3396 1034 3444 extremorum;
1070 3405 1198 3451 ergo
1234 3390 1335 3450 pri¬

332 3484 473 3517 mum
509 3469 770 3522 intuibile,
814 3469 898 3516 cui
939 3469 1065 3516 insit
1106 3469 1337 3528 primum

332 3545 673 3607 praedicatum
721 3546 906 3606 primae
944 3544 1190 3593 veritatis
1224 3557 1339 3591 con¬

332 3622 603 3683 tingentis,
646 3624 726 3669 est
771 3621 1001 3687 primum
1048 3621 1341 3684 subjectum

1387 351 1618 398 omnium
1648 355 1934 404 veritatum
1968 359 2382 420 contingentium

1386 426 1767 477 ordinatarum.

1444 504 1518 550 Ex
1559 505 1640 552 his
1680 510 1741 565 (c)
1782 509 1842 554 ad
1882 510 2211 569 propositum
2251 513 2383 566 dico,

1386 579 1519 636 quod
1553 582 1782 629 essentia
1826 583 2000 630 divina
2032 588 2111 632 est
2160 586 2385 646 primum

1385 653 1677 714 subjectum
1701 658 1998 717 Theologiae
2014 662 2385 720 contingentis,

1385 734 1436 778 et
1474 732 1569 779 hoc
1609 735 1757 781 modo
1803 738 2029 795 sumpta,
2066 752 2164 797 quo
2212 738 2390 798 praedi¬

1386 810 1529 854 ctum
1574 814 1655 856 est
1707 810 1875 870 ipsam
1926 826 2040 859 esse
2097 814 2387 873 subjectum

1390 884 1619 942 primum
1647 886 1944 947 Theologiae
1968 890 2308 943 necessariae;
2339 893 2390 937 et

1389 959 1484 1006 hoc
1524 961 1635 1007 tam
1676 962 1829 1023 hujus
1858 965 2156 1026 Theologiae
2194 968 2390 1014 contin¬

1391 1036 1563 1093 gentis
1588 1038 1638 1083 in
1679 1051 1749 1091 se,
1782 1053 1936 1098 quam
1961 1044 2016 1088 ut
2055 1045 2135 1090 est
2164 1043 2216 1088 in
2245 1023 2392 1090 intel-

1389 1111 1527 1158 lectu
1573 1113 1763 1167 divino,
1811 1118 1861 1162 et
1889 1116 2181 1163 beatorum.
2211 1117 2393 1164 Totius

1392 1187 1557 1245 igitur
1574 1190 1634 1246 (d)
1658 1189 1955 1249 Theologiae
1979 1192 2030 1238 in
2058 1207 2128 1247 se,
2146 1196 2197 1240 et
2228 1192 2321 1239 Dei
2344 1195 2395 1239 et

1389 1263 1683 1319 beatorum,
1719 1267 1946 1325 primum
1981 1268 2272 1329 subjectum
2317 1272 2398 1316 est

1391 1342 1621 1389 essentia
1660 1344 1834 1391 divina
1861 1348 1918 1392 ut
1950 1349 2051 1403 hcec,
2094 1347 2242 1406 cujus
2263 1347 2398 1393 visio

1393 1431 1422 1464 a
1449 1418 1633 1472 beatis,
1665 1422 1745 1467 est
1791 1420 1928 1468 sicut
1956 1421 2008 1467 in
2038 1422 2401 1482 Meiaphysica

1393 1495 1628 1554 cognitio
1669 1497 1822 1542 entis.
1864 1499 1928 1548 Et
1958 1497 2070 1544 ideo
2091 1498 2245 1546 beata
2267 1483 2400 1546 visio

1394 1583 1498 1615 non
1532 1573 1613 1618 est
1646 1571 1948 1629 Theologia,
1996 1573 2081 1619 sed
2126 1575 2205 1619 est
2252 1573 2401 1632 quasi

1395 1644 1628 1704 perfecta
1680 1646 2012 1706 incomplexa
2052 1647 2402 1707 apprehensio

1396 1721 1644 1781 subjecti,
1712 1725 2010 1784 praecedens
2078 1725 2404 1772 naturaliter

1396 1797 1674 1846 scientiam
1730 1800 2045 1859 Theologiae.
2099 1801 2400 1860 Subjectum

1393 1889 1519 1922 vero
1548 1877 1609 1935 (e)
1638 1876 1935 1935 Theologiae
1962 1879 2161 1924 nostrae
2202 1877 2400 1924 contin-

1396 1953 1567 2012 gentis
1589 1953 1796 2000 videtur
1825 1952 1958 1999 idem
1981 1953 2275 2012 subjectum
2304 1952 2400 2011 pri-

1397 2041 1555 2081 mum,
1587 2029 1720 2088 quod
1758 2031 1810 2075 et
1842 2029 2173 2080 necessariae,
2216 2032 2266 2076 et
2308 2028 2402 2074 hoc

1397 2105 1547 2151 modo
1578 2118 1740 2164 supra
1777 2104 2036 2163 exposito,
2067 2104 2189 2163 quia
2221 2117 2323 2149 non
2347 2105 2401 2149 ut

1395 2181 1671 2228 continens
1708 2180 2018 2227 virtualiter
2068 2181 2121 2227 in
2161 2194 2216 2227 se
2255 2179 2402 2226 liabi-

1396 2260 1524 2308 tum,
1565 2256 1778 2303 etiamsi
1822 2255 2066 2303 intuitive
2116 2256 2401 2308 videretur,

1398 2332 1483 2378 sed
1514 2334 1567 2377 ut
1607 2331 1963 2386 cognoscibile
1992 2344 2021 2376 a
2047 2332 2197 2377 nobis
2233 2344 2405 2387 proxi-

1398 2421 1540 2454 mum
1564 2410 1640 2454 illi
1675 2423 1759 2454 cui
1788 2410 2031 2453 intuitive
2053 2411 2198 2460 noto,
2221 2411 2403 2452 natum

1396 2485 1536 2529 esset
1565 2483 1906 2542 praedicatum
1966 2482 2152 2541 primae
2207 2481 2406 2529 contin¬

1398 2559 1569 2618 gentis
1599 2558 1867 2606 evidenter
1895 2558 2081 2605 inesse.

1458 2639 1658 2684 Contra
1684 2635 1739 2694 (f)
1767 2636 1974 2683 videtur
2003 2635 2136 2694 quod
2178 2634 2407 2681 Verbum

1400 2712 1468 2760 sit
1491 2712 1785 2772 subjectum
1819 2712 2148 2770 adaequatum
2194 2710 2408 2757 Theolo¬

1401 2791 1499 2850 giae
1534 2788 1967 2847 contingentium,
1994 2790 2103 2835 tam
2126 2787 2268 2833 illius
2292 2800 2408 2833 con¬

1402 2866 1655 2923 tingentis
1683 2865 1733 2910 in
1779 2878 1832 2910 se
1867 2876 2023 2922 quam
2064 2865 2119 2911 ut
2150 2864 2230 2909 est
2258 2861 2310 2907 in
2339 2861 2411 2907 in¬

1404 2941 1618 2988 tellectu
1658 2940 1849 2991 divino,
1914 2938 2035 2998 quia
2065 2940 2143 2984 est
2180 2937 2410 2997 primum

1406 3016 1698 3075 subjectum
1763 3014 1995 3061 omnium
2059 3012 2412 3061 articulorum

1409 3093 1768 3153 reparationis
1805 3094 2021 3139 nostrae.

1465 3179 1774 3239 Respondeo
1827 3180 1911 3236 (g),
1960 3176 2170 3236 aliquod
2213 3173 2416 3222 contin¬

1409 3280 1536 3326 gens
1560 3270 1734 3327 potest
1757 3266 1929 3326 primo
1951 3264 2051 3311 dici
2073 3265 2132 3310 de
2157 3263 2348 3313 Verbo,
2367 3263 2420 3307 et

1410 3354 1618 3413 aliquod
1660 3355 1719 3400 de
1757 3352 1956 3413 Spiritu
1995 3353 2196 3403 sancto,
2235 3351 2286 3396 et
2326 3347 2419 3394 ali¬

1413 3442 1545 3500 quod
1562 3441 1620 3488 de
1644 3443 1752 3488 Deo
1771 3440 1929 3491 trino,
1948 3440 2004 3484 ut
2028 3451 2237 3488 creare;
2263 3436 2418 3481 erunt

1413 3529 1583 3588 igitur
1629 3541 1866 3589 personae
1909 3526 2058 3587 quasi
2088 3526 2267 3586 partes
2309 3521 2421 3569 sub¬

1413 3617 1557 3678 jecti,
1585 3618 1723 3668 sicut
1739 3615 1899 3664 etiam
1923 3614 2099 3676 aliqua
2117 3609 2418 3662 necessaria
