2653 3979
198 345 319 394 sunt
352 346 523 406 primo
568 361 695 394 vera
733 349 791 394 de
821 349 1044 397 diversis
1092 365 1206 411 per¬

205 421 365 467 sonis.

255 658 268 710 (
271 671 291 698 a
298 657 310 706 )
332 661 444 700 Nunc
464 664 604 699 autem
621 662 848 702 videndum
867 667 936 702 est.
962 663 1033 702 Hic
1055 664 1209 703 Doctor

203 737 354 774 ^ otat
242 745 263 773 a
399 736 451 775 de
494 736 690 787 subjecto
712 736 968 789 -Theologiae
1007 745 1209 788 respeclu

199 811 425 850 veritsittim
465 812 820 863 conlingenlium,
859 819 899 852 et
930 814 1066 853 littera
1105 817 1207 854 satis

199 886 310 925 ciara
344 888 422 926 est.
456 888 504 934 Et
539 890 669 934 primo
702 887 816 934 dicit,
858 888 974 934 quod
1006 892 1206 930 veritates

198 963 496 1013 contingentes
516 974 603 1002 non
621 965 892 1003 continentur
911 966 1145 1005 virlualiter
1164 967 1206 1005 in

197 1039 338 1089 aliquo
369 1040 582 1091 subjecto,
607 1042 704 1090 quia
736 1042 997 1082 continentia
1018 1043 1206 1083 virlualis

195 1116 396 1166 subjecti,
439 1115 492 1155 de
534 1127 617 1166 qua
646 1117 688 1155 in
717 1118 936 1168 proposito
975 1120 1205 1170 loquimur,

191 1191 321 1230 habet
334 1192 622 1231 necessariam
635 1192 932 1232 habitudinem
947 1193 1002 1233 ad
1023 1195 1205 1234 virluali¬

196 1269 261 1305 ter
290 1271 554 1307 contentum.
581 1269 685 1307 Nam
711 1268 956 1320 subjectum
978 1270 1207 1309 virlualiter

197 1343 419 1382 continens
442 1343 775 1384 demonstrabile
800 1344 852 1384 de
870 1348 962 1395 ipso
985 1347 1027 1385 in
1049 1346 1205 1396 duplici

196 1417 445 1458 habitudine
465 1429 512 1458 se
543 1419 670 1458 habet
709 1419 762 1459 ad
791 1420 908 1467 illud,
946 1420 1144 1461 videlicet
1163 1424 1206 1462 in

198 1493 447 1533 habitudine
469 1495 674 1544 receptivi
705 1498 746 1534 et
774 1498 816 1535 in
845 1496 1096 1536 habitudine
1119 1496 1204 1536 effi¬

197 1571 346 1610 cientis
363 1569 415 1609 de
438 1571 712 1618 necessitate,
737 1575 784 1611 ut
806 1573 967 1622 patebit
983 1584 1005 1612 a
1023 1574 1205 1613 Doctore

192 1644 316 1684 infra.
340 1644 424 1684 Sed
441 1645 730 1695 praedicatum,
751 1646 866 1697 quod
885 1650 1028 1697 potest
1045 1650 1204 1687 conlin-

194 1725 351 1773 genter
371 1724 512 1761 inesse
528 1723 742 1774 subjecto,
766 1735 851 1763 non
875 1724 928 1763 de
948 1724 1205 1765 necessitate

192 1797 445 1847 producitur
479 1798 533 1837 ad
561 1798 677 1837 aliud
716 1798 976 1850 subjectum.
1005 1800 1204 1841 Secundo

192 1872 307 1921 dicit,
334 1874 452 1924 quod
474 1876 585 1913 inter
607 1875 925 1925 propositiones
948 1875 1204 1928 contingen¬

196 1952 258 1988 tes
298 1954 361 1989 est
401 1949 522 1996 ordo,
566 1951 621 1989 ita
652 1950 770 2001 quod
806 1962 891 1991 una
931 1952 1010 1991 erit
1053 1955 1204 2002 prima,

195 2024 412 2076 loquendo
452 2037 622 2077 semper
661 2027 714 2066 de
756 2028 1119 2079 contingentibus,
1152 2030 1207 2069 ad

198 2101 392 2140 eamdem
423 2104 641 2142 materiam
680 2103 1011 2153 pertinentibus,
1047 2108 1093 2144 ut
1113 2105 1207 2144 hsec

198 2179 278 2217 erit
315 2179 450 2227 prima
491 2178 746 2229 contingens
771 2182 778 2218 :
804 2182 914 2218 Deus
946 2179 1034 2218 vult
1071 2182 1202 2219 Fran-

197 2255 353 2292 ciscum
400 2254 565 2292 salvam
601 2255 712 2303 fore,
751 2264 799 2293 ex
839 2266 923 2305 qua
963 2260 1206 2306 sequuntur

197 2327 342 2366 multae
373 2328 461 2367 aliae
503 2326 817 2378 contingentes,
854 2328 1067 2376 videlicet,
1108 2339 1206 2379 ergo

197 2414 250 2442 vu
253 2403 283 2442 ^
304 2404 440 2452 ipsum
459 2415 542 2443 esse
563 2405 606 2442 in
624 2405 790 2453 gratia;
819 2407 861 2443 et
881 2405 1085 2453 similiter,
1111 2416 1206 2456 ergo

197 2479 286 2518 vult
312 2480 451 2529 ipsum
478 2480 648 2519 mereri.
682 2480 884 2520 Similiter
921 2480 964 2518 in
991 2482 1073 2520 alia
1112 2492 1206 2521 ma¬

201 2557 320 2602 teria,
351 2556 445 2595 haec
469 2556 547 2594 erit
566 2554 698 2605 prima
719 2557 974 2606 contingens
993 2559 1000 2596 :
1028 2557 1205 2596 Verbum

200 2635 258 2670 est
272 2632 566 2678 incarnatum;
596 2641 698 2681 ergo
722 2635 881 2679 natum,
914 2631 1203 2680 verberatum,

200 2719 374 2758 passum
406 2711 448 2746 et
473 2705 735 2757 hujusmodi.

251 2781 312 2835 (b)
344 2783 482 2822 Tertio
517 2781 617 2821 dicit
637 2782 696 2821 ibi
719 2784 726 2820 :
752 2782 916 2821 Dicitur
939 2785 1078 2822 autem
1101 2785 1202 2834 pri¬

199 2869 316 2899 mum
335 2859 568 2909 subjectum
584 2859 738 2907 primae
757 2859 947 2898 veritatis
968 2860 1204 2908 contingen¬

199 2937 262 2975 tis.
303 2935 555 2985 Exemplum
575 2945 583 2972 :
609 2933 648 2972 Si
680 2933 774 2983 quis
808 2934 1001 2974 intuitive
1037 2933 1204 2974 videret

198 3013 335 3050 Deum
368 3011 410 3050 in
435 3009 584 3049 ordine
625 3009 679 3048 ad
714 3009 808 3048 haec
838 3009 1082 3059 praedicata,
1104 3014 1203 3060 puta

196 3087 301 3127 velle
318 3086 619 3135 praedestinare
654 3086 936 3131 Franciscum,
972 3086 1079 3124 velle
1099 3087 1206 3124 dare

199 3165 401 3214 gratiam,
437 3162 542 3201 velle
577 3163 750 3208 mereri,
783 3161 889 3199 velle
925 3162 1067 3210 ipsum
1105 3164 1205 3200 actu

198 3238 455 3288 glorificare,
494 3236 635 3276 statim
675 3239 739 3275 est
779 3236 860 3275 sibi
898 3239 1047 3274 notum
1087 3235 1206 3286 quod

199 3313 304 3353 velle
340 3315 478 3362 ipsum
492 3314 812 3361 praedestinare,
845 3315 960 3351 esset
979 3311 1203 3351 immedia¬

200 3392 281 3430 tius
311 3389 391 3440 ipsi
409 3389 498 3427 Deo
533 3398 659 3438 quam
691 3387 926 3437 praedicata
959 3388 1204 3438 sequentia,

201 3466 299 3516 quia
337 3464 416 3503 alia
454 3462 691 3513 praedicata
742 3464 1080 3512 praesupponunt
1119 3462 1203 3501 hoc

200 3541 496 3592 praedicatum,
521 3542 564 3578 et
581 3538 680 3578 ideo
701 3539 744 3577 in
778 3539 858 3577 ista
892 3540 1086 3585 materia,
1109 3538 1206 3578 haec

203 3620 319 3657 esset
348 3617 483 3667 prima
516 3614 771 3664 contingens
796 3615 804 3652 :
832 3615 941 3653 Deus
959 3613 1046 3652 vult
1072 3616 1206 3654 Fran¬

1281 357 1434 395 ciscum
1448 359 1762 406 praedestinare.
1785 360 1886 399 Nam
1909 360 2100 401 ordinate
2122 361 2282 409 volens,

1278 431 1395 480 prius
1417 433 1486 472 vul
1533 432 1661 474 finem
1700 436 1824 476 alicui
1863 447 1991 486 quam
2020 436 2121 476 velit
2142 436 2282 476 media

1279 505 1332 544 ad
1352 505 1496 556 finem,
1530 512 1572 547 et
1602 510 1662 549 sic
1697 511 1812 559 prius
1840 511 1926 549 vult
1945 511 2104 551 homini
2136 510 2280 550 beati-

1281 581 1472 621 tudinem
1511 595 1640 634 quam
1677 584 1819 624 media
1849 585 1903 625 ad
1925 586 2277 625 consecutionem

1280 656 1427 706 ipsius,
1460 662 1506 697 ut
1534 663 1653 708 patet
1683 671 1735 699 ex
1767 661 1948 701 Doctore
1976 662 2018 701 in
2045 664 2121 701 isto
2140 663 2281 711 primo

1281 732 1374 771 dist.
1392 735 1456 773 41.
1475 738 1511 774 et
1533 738 1574 775 in
1587 737 1625 775 2.
1649 738 1688 775 d.
1703 739 1743 786 7.
1768 740 1907 786 quaest.
1934 737 1970 776 3.
1995 742 2030 776 et
2050 738 2088 777 2.
2105 738 2198 776 dist.
2215 737 2280 776 20.

1281 812 1421 857 quaest.
1453 810 1491 850 2.
1526 814 1568 850 et
1589 811 1700 851 alibi.
1724 813 1771 851 Et
1801 816 1899 851 nota
1934 811 2050 862 quod
2073 812 2173 851 dicit
2195 813 2275 856 Do-

1281 886 1373 923 ctor
1400 889 1602 934 intuitive,
1632 897 1730 937 quia
1759 890 1991 937 propositio
2028 893 2282 939 contingens

1280 969 1453 1009 semper
1473 964 1538 1000 est
1558 965 1760 1012 respectu
1788 962 2011 1013 praedicati
2033 965 2279 1014 conlingen-

2304 1073 2305 1104 p
1280 1039 1342 1074 ter
1355 1036 1588 1076 existenlis.
1607 1039 1711 1077 Nam
1727 1048 2013 1090 quaecumque
2032 1039 2286 1078 abstrahunt

1281 1109 1332 1148 ab
1372 1112 1612 1160 existentia,
1649 1122 1736 1151 non
1775 1117 1875 1152 sunt
1915 1113 2080 1165 proprie
2117 1113 2281 1152 conlin-

1279 1188 1441 1238 gentia,
1478 1191 1521 1228 et
1556 1188 1654 1230 ideo
1686 1191 1720 1229 si
1741 1191 1982 1229 intellectus
2013 1201 2134 1229 meus
2170 1199 2286 1230 nunc

1279 1264 1533 1305 abstractive
1565 1270 1850 1317 cognosceret
1868 1266 2078 1316 parietem
2101 1269 2144 1305 et
2166 1266 2288 1305 albe-

1280 1338 1436 1387 dinem,
1458 1341 1645 1380 nesciret
1681 1344 1824 1380 tamen
1846 1353 1899 1380 an
1921 1341 2062 1392 paries
2084 1341 2137 1381 sit
2151 1341 2283 1389 albus,

1280 1414 1358 1453 nisi
1398 1419 1498 1455 actu
1536 1417 1700 1457 videret
1738 1418 1945 1457 unionem
1989 1417 2198 1457 albedinis
2233 1416 2288 1455 ad

1279 1490 1539 1542 subjectum,
1583 1493 1701 1543 quod
1741 1505 1828 1533 non
1867 1497 2010 1544 potest
2056 1504 2150 1533 esse
2193 1495 2286 1534 sine

1278 1567 1471 1606 intuitiva
1502 1569 1763 1619 cognitione.

1333 1638 1388 1693 (c)
1409 1641 1567 1690 Quarto
1606 1641 1706 1682 dicit
1724 1643 1782 1683 ibi
1806 1645 1813 1682 :
1838 1645 1903 1682 Ex
1921 1644 1985 1683 his
2014 1645 2072 1683 ad
2086 1645 2280 1694 proposi-

1279 1719 1384 1764 tum,
1433 1717 1601 1765 scilicet,
1654 1719 1771 1769 quod
1816 1718 1957 1758 divina
1998 1720 2185 1759 essentia
2224 1722 2288 1758 est

1279 1793 1463 1842 primum
1484 1794 1725 1845 subjectum
1756 1795 2002 1846 Theologiae
2034 1796 2287 1845 contingen¬

1282 1870 1400 1917 tium,
1425 1872 1521 1921 quia
1544 1881 1693 1910 omnes
1710 1872 2009 1911 conclusiones
2031 1872 2285 1923 contingen¬

1282 1949 1345 1986 tes
1377 1947 1732 1988 demonstrabiles
1753 1950 2026 1989 resolvuntur
2048 1949 2090 1988 in
2120 1949 2285 1999 aliquas

1278 2024 1593 2074 propositiones
1655 2028 1956 2076 contingentes
2012 2027 2186 2076 primas,
2245 2027 2287 2063 et

1280 2100 1512 2149 praedicata
1554 2111 1702 2140 earum
1747 2102 1883 2152 primo
1930 2103 2075 2141 insunt
2120 2101 2287 2141 Deitati.

1281 2176 1505 2224 Quomodo
1563 2180 1705 2216 autem
1754 2177 2107 2217 demonstrentur
2153 2181 2287 2227 patet,

1281 2253 1379 2302 quia
1410 2253 1519 2292 sicut
1540 2263 1563 2291 a
1582 2253 1667 2292 fine
1699 2258 1927 2292 sumuntur
1958 2254 2165 2304 principia
2193 2264 2292 2303 prri¬

1282 2329 1333 2367 cti
1339 2339 1387 2367 ca
1420 2332 1463 2368 et
1497 2330 1812 2378 conclusiones,
1837 2333 1880 2369 et
1905 2331 2039 2369 multa
2073 2331 2151 2369 alia
2187 2339 2284 2380 quae

1280 2410 1537 2455 sequuntur,
1571 2410 1618 2444 ut
1649 2407 1815 2456 patebit
1834 2407 1877 2446 in
1897 2411 2039 2456 quaest.
2072 2406 2277 2455 depraxi
2280 2435 2290 2454 ,

1280 2482 1340 2518 sic
1379 2491 1459 2531 per
1486 2481 1568 2521 hoc
1609 2482 1727 2532 quod
1771 2481 1963 2521 videmus
1998 2483 2139 2520 Deum
2179 2482 2291 2520 velle

1279 2557 1406 2598 finem
1436 2558 1649 2606 ultimum,
1682 2562 1787 2608 pula
1816 2560 1984 2607 Joanni,
2019 2559 2164 2598 statim
2188 2569 2294 2597 con¬

1281 2631 1492 2671 cludimus
1520 2633 1656 2682 ipsum
1680 2634 1790 2672 velle
1825 2634 1906 2672 tale
1931 2637 1973 2673 et
1994 2634 2075 2673 tale
2098 2632 2290 2672 medium

1280 2707 1334 2747 ad
1362 2708 1482 2746 illum
1511 2707 1638 2748 finem
1678 2708 2012 2760 acquirendum;
2045 2720 2132 2749 non
2173 2707 2291 2759 quod

2308 2794 2312 2825 Deas
1278 2785 1520 2824 necessario
1562 2784 1871 2824 concludamus
1910 2785 2006 2833 hoc,
2048 2785 2146 2836 quia
2186 2787 2287 2825 tunc

2301 2876 2312 2909 tificareabs-
1280 2860 1313 2899 si
1335 2861 1448 2899 Deus
1469 2859 1600 2900 vellet
1631 2861 1730 2900 mihi
1761 2860 2088 2909 bealiludinem,
2124 2871 2286 2911 seque-

1278 2940 1397 2976 relur
1434 2935 1549 2987 quod
1590 2937 1836 2977 necessario
1876 2937 2006 2977 vellet
2041 2937 2144 2976 mihi
2183 2936 2285 2976 dare

1281 3011 1478 3061 gratiam,
1511 3016 1553 3051 et
1584 3013 1829 3052 necessario
1864 3013 1995 3052 vellet
2022 3023 2092 3051 me
2113 3012 2288 3061 mereri,

1281 3086 1399 3136 quod
1422 3089 1486 3125 est
1513 3086 1684 3135 falsum,
1720 3093 1849 3138 patet,
1874 3088 1972 3139 quia
1992 3092 2140 3138 posset
2168 3088 2290 3127 abso¬

1281 3161 1370 3201 lute
1410 3173 1478 3201 me
1518 3162 1764 3203 beatificare
1804 3165 1898 3204 sine
1935 3165 2073 3215 gratia
2115 3166 2159 3203 et
2194 3165 2288 3204 sine

1281 3238 1450 3286 merito,
1485 3242 1533 3278 ut
1552 3243 1673 3290 patet
1702 3251 1725 3279 a
1756 3241 1938 3281 Doctore
1977 3243 2020 3280 in
2052 3242 2086 3280 1.
2110 3242 2203 3281 dist.
2230 3243 2290 3281 17.

1282 3317 1319 3352 et
1338 3315 1382 3352 in
1401 3315 1438 3354 2.
1463 3316 1554 3354 dist.
1577 3317 1616 3354 5.
1640 3320 1784 3365 quaest.
1806 3316 1843 3355 2.
1877 3316 2017 3356 Posito
2041 3327 2144 3367 ergo
2174 3316 2292 3368 quod

1281 3384 1478 3423 voluntas
1516 3385 1656 3425 divina
1693 3387 1794 3426 velit
1832 3387 1933 3427 dare
1965 3386 2289 3435 beatitudinem,

1283 3458 1504 3498 mediante
1542 3461 1681 3511 gratia
1719 3464 1762 3500 et
1795 3462 1962 3509 merito,
1993 3461 2291 3502 concludimus

1284 3546 1337 3573 ex
1356 3534 1440 3575 fine
1462 3537 1530 3576 illo
1565 3538 1864 3577 necessitatem
1893 3538 2040 3589 gratiae
2074 3542 2114 3578 et
2134 3539 2288 3587 meriti,

1282 3614 1566 3652 necessitatem
1588 3613 1681 3652 dico
1705 3614 2042 3664 consequentiae,
2073 3625 2160 3655 non
2186 3626 2288 3656 con-
