2653 3979
159 333 413 388 quantum
446 331 507 378 ad
549 335 846 392 respectum
882 347 1035 394 quem
1076 334 1162 380 ha¬

159 405 241 453 bet
264 407 325 454 ad
347 409 512 454 Deum
537 413 592 456 ut
626 411 780 464 Deus,
811 413 863 458 et
883 411 942 457 de
963 414 1160 459 natura

156 486 430 542 assumpta
477 488 729 543 quantum
765 487 826 532 ad
859 489 1159 545 respectum

155 571 307 616 quem
330 558 485 607 habet
522 562 583 607 ad
614 562 844 608 Verbum
879 562 1160 610 sustentifi-

157 647 299 681 cans.

447 764 856 810 COMMENTARIUS.

207 874 264 929 (a)
310 880 377 917 Ecc
418 880 632 926 praedictis
678 886 854 930 apparet
901 881 1156 930 improbatio

154 952 272 992 illius
292 955 510 1003 opinionis,
126 952 134 1000 iu
533 957 694 996 scilicet
714 957 756 995 in
778 957 973 1007 prologo,
1006 961 1153 1006 quaest.

126 1021 129 1083 inibri.
154 1031 188 1069 D
211 1040 286 1079 quc
285 1040 307 1069 6
326 1031 445 1080 ponit
466 1033 712 1082 exemplum
733 1043 829 1072 6886
849 1032 1036 1083 primum
1056 1033 1156 1072 sub-

143 1105 324 1156 jectum.
357 1107 403 1145 Et
436 1107 515 1145 hoc
546 1108 713 1157 probat,
757 1110 856 1158 quia
897 1107 951 1147 ad
990 1109 1151 1147 nullam

147 1180 370 1220 scientiam
403 1192 480 1232 per
513 1193 559 1222 se
595 1184 782 1232 pertinet
811 1184 952 1234 aliqua
981 1184 1149 1229 veritas,

146 1256 226 1296 nisi
257 1257 310 1296 sit
345 1256 398 1297 de
430 1258 624 1309 subjecto
658 1262 810 1309 primo,
845 1260 912 1300 vel
942 1260 995 1300 de
1027 1263 1148 1310 parte

144 1331 238 1383 ejus
276 1333 514 1384 subjectiva
557 1335 625 1375 vel
658 1334 870 1386 integrali,
899 1336 966 1375 vel
999 1345 1147 1376 essen¬

142 1408 242 1456 tiali,
263 1410 332 1448 vel
353 1408 405 1448 de
422 1409 562 1459 aliquo
581 1411 634 1450 ad
651 1410 893 1462 subjectum
915 1411 1148 1451 essentiali¬

143 1486 205 1523 ter
242 1486 458 1525 attributo.
494 1487 744 1537 Exemplum
778 1488 821 1527 in
853 1488 1046 1539 Physica,
1075 1488 1148 1527 ubi

138 1560 280 1599 multae
298 1563 499 1601 veritates
515 1561 860 1603 demonstrantur
877 1564 930 1603 de
946 1564 1143 1613 subjecto

139 1638 287 1688 primo,
321 1642 423 1689 puta
454 1641 666 1680 mobilitas
701 1639 754 1679 de
782 1652 962 1691 corpore
982 1641 1144 1688 mobili,

141 1717 184 1753 et
216 1713 304 1755 aliae
332 1717 556 1766 passiones
588 1727 681 1767 quae
710 1721 1020 1758 convertuntur
1049 1729 1147 1758 cum

141 1801 319 1842 corpore
342 1794 535 1834 naturali.
559 1794 606 1833 Et
627 1794 768 1834 multae
795 1794 1145 1835 demonstrantur

140 1867 194 1907 de
234 1868 411 1907 materia
450 1871 492 1907 et
528 1867 677 1916 forma,
730 1881 821 1921 quae
859 1873 958 1909 sunt
1000 1874 1144 1920 partes

141 1945 393 1985 essentiales
423 1947 611 1994 corporis
640 1947 858 1994 naturalis,
892 1949 994 1996 puta
1027 1946 1145 1998 quod

136 2020 315 2060 materia
354 2025 417 2061 est
456 2021 700 2073 subjectum
731 2023 1041 2074 generationis,
1077 2024 1146 2063 vel

137 2096 249 2147 quod
269 2099 445 2137 materia
466 2101 531 2138 est
550 2097 824 2148 perfeclibilis
855 2100 990 2149 primo
1013 2112 1036 2140 a
1056 2099 1141 2140 for¬

136 2183 201 2211 ma
224 2173 520 2222 substantiali;
556 2174 751 2213 similiter
781 2174 834 2214 de
864 2174 1015 2222 forma,
1038 2179 1144 2225 puta

137 2248 253 2298 quod
275 2249 349 2289 det
378 2261 461 2288 esse
480 2250 678 2293 materiae,
703 2253 802 2299 puta
825 2262 913 2290 esse
944 2249 1142 2299 formale,

135 2325 204 2364 vel
225 2325 342 2375 quod
363 2327 414 2366 sit
428 2326 683 2376 principium
703 2337 847 2366 rerum
868 2328 1140 2376 naturalium,

137 2400 204 2439 vel
218 2401 335 2450 quod
351 2402 404 2440 sit
419 2403 626 2441 terminus
640 2401 825 2442 formalis
838 2404 1140 2453 generationis.

137 2475 294 2525 Aliquae
325 2479 452 2516 etiam
487 2477 833 2518 demonstrantur
863 2478 917 2517 de
952 2480 1142 2529 partibus

134 2551 428 2602 integralibus,
477 2556 579 2602 puta
629 2553 745 2604 quod
782 2566 882 2604 pars
920 2555 1143 2606 integratis

136 2626 324 2677 corporis
345 2629 512 2679 Physici
544 2632 610 2668 est
635 2632 691 2669 ita
720 2631 1001 2678 indivisibilis,
1033 2632 1144 2671 sicut

134 2708 177 2743 et
197 2707 333 2744 totum
354 2716 509 2754 corpus
527 2718 536 2752 ;
575 2708 618 2744 et
651 2708 715 2745 est
746 2706 803 2746 ita
834 2708 1068 2757 composita
1091 2719 1141 2747 ex

133 2779 310 2821 materia
331 2785 372 2819 et
391 2780 540 2830 forma,
559 2781 668 2821 sicut
685 2784 820 2821 totum
840 2784 1140 2832 compositum,

136 2854 177 2889 et
204 2850 320 2900 quod
340 2850 531 2890 includat
552 2853 839 2902 quantitatem
861 2855 904 2892 et
924 2853 1142 2904 hujusmo¬

135 2924 190 2964 di.
234 2927 293 2965 De
331 2928 523 2976 partibus
557 2928 686 2966 etiam
724 2928 974 2979 subjectivis
1009 2933 1140 2979 patet,

137 3001 234 3052 quia
274 3002 416 3043 multae
452 3003 654 3042 veritates
697 3003 1048 3043 demonstrantur
1085 3004 1138 3043 de

137 3077 361 3117 elementis
383 3081 425 3118 et
443 3079 601 3127 mixtis,
623 3082 704 3118 etc.
724 3079 783 3119 De
804 3080 867 3118 his
888 3080 1029 3126 etiam,
1053 3089 1146 3130 quae

135 3153 296 3193 habent
316 3155 591 3194 essentialem
611 3155 934 3194 attributionem
965 3155 1019 3194 ad
1047 3166 1142 3194 cor¬

137 3240 218 3279 pus
254 3230 464 3277 naturale,
505 3241 598 3281 quae
637 3233 780 3269 tamen
808 3241 895 3270 non
932 3234 1031 3270 sunt
1063 3241 1144 3269 nec

138 3308 283 3355 partes
332 3305 599 3353 essentiales,
636 3316 719 3345 nec
766 3305 1015 3356 integrales,
1064 3317 1146 3345 nec

140 3381 385 3432 subjectivae
413 3382 549 3429 illius;
580 3382 724 3421 mullae
741 3382 945 3422 veritates
966 3381 1146 3421 demon¬

137 3460 337 3505 strantur,
353 3461 399 3496 ut
414 3460 532 3507 patet
554 3457 607 3497 de
629 3461 759 3505 motu,
779 3458 1147 3505 transmutatione,

146 3538 188 3574 et
207 3533 260 3572 de
281 3535 423 3574 multis
443 3535 548 3574 aliis.

198 3610 282 3649 Sed
319 3611 362 3650 in
408 3611 626 3660 proposito
666 3622 675 3649 :
713 3611 754 3649 Si
800 3611 988 3651 Christus
1037 3616 1151 3651 esset

125 3651 133 3686 Gabri-

1240 340 1483 392 subjectum
1508 345 1763 397 Theologiae,
1800 349 1867 388 illa
1898 349 1952 390 de
1983 353 2135 403 quibus
2167 355 2247 394 de-

1238 422 1526 460 monstrantur
1557 422 1701 462 mullae
1737 425 1937 467 veritates
1957 429 2240 482 Theologicae,

1239 493 1306 531 vel
1328 499 1472 535 essent
1494 501 1637 545 partes
1657 500 1916 551 subjectivae,
1945 505 2011 543 vel
2039 508 2245 547 essentia¬

1238 567 1316 616 les,
1356 571 1423 609 vel
1460 572 1694 624 integrales
1733 576 1898 624 Christi,
1931 581 1998 619 vel
2030 581 2243 623 haberent

1238 644 1431 685 ordinem
1454 650 1724 690 essentialem
1747 653 2027 696 attributionis
2049 657 2103 696 ad
2132 659 2242 700 Chri¬

1237 722 1365 761 stum.
1406 723 1490 763 Sed
1521 725 1574 765 de
1608 726 1730 767 Patre
1771 728 2087 771 demonstratur
2126 735 2242 785 quod

1234 802 1416 848 generat
1435 799 1595 849 Filium,
1630 805 1672 842 et
1702 803 1755 844 de
1779 805 1934 855 Spiritu
1954 811 2102 849 sancto
2125 811 2242 861 quod

1236 874 1428 922 procedit
1449 887 1471 914 a
1492 876 1614 917 Patre
1645 881 1687 918 et
1720 880 1834 920 Filio.
1869 883 1929 922 De
1958 884 2079 924 Patre
2113 887 2242 926 etiam

1237 947 1555 992 demonstratur
1569 954 1646 993 ista
1663 956 1934 1008 contingens,
1950 960 2111 1000 scilicet
2126 962 2242 1012 quod

1236 1028 1351 1065 creat
1386 1038 1465 1077 per
1511 1030 1670 1077 Filium,
1713 1035 1756 1071 et
1803 1032 1856 1072 de
1896 1034 2051 1085 Spiritu
2090 1041 2239 1078 sancto

1234 1101 1351 1152 quod
1390 1105 1681 1154 temporaliler
1717 1109 1871 1149 missus
1910 1114 1987 1156 est,
2024 1115 2067 1151 et
2099 1115 2238 1154 tamen

1231 1189 1312 1218 nec
1339 1179 1480 1227 Paler,
1520 1192 1600 1220 nec
1629 1183 1807 1233 Spiritus
1829 1190 2002 1226 sanctus
2023 1191 2121 1227 sunt
2142 1201 2237 1240 par¬

1230 1260 1294 1296 tes
1315 1256 1479 1305 Christi,
1501 1269 1582 1297 nec
1602 1260 1867 1312 subjectivae,
1892 1274 1972 1304 nec
1987 1264 2235 1318 integrales,

1227 1342 1308 1371 nec
1341 1334 1591 1374 essentiales
1623 1339 1670 1374 ut
1703 1340 1833 1386 patet,
1864 1349 1946 1379 nec
1976 1341 2139 1382 habent
2172 1354 2236 1382 es¬

1226 1407 1461 1447 sentialiter
1490 1411 1808 1452 attributionem
1845 1413 1899 1452 ad
1938 1417 2094 1465 ipsum,
2137 1419 2234 1468 quia

1229 1486 1327 1522 tunc
1350 1483 1653 1534 dependerent
1686 1489 1738 1528 ab
1770 1490 1880 1539 ipso,
1915 1492 2032 1542 quod
2063 1497 2128 1533 est
2160 1496 2236 1534 im¬

1223 1560 1439 1609 possibile.
1471 1562 1520 1601 Et
1545 1563 1652 1602 ultra
1677 1569 1948 1615 sequeretur,
1971 1568 2087 1618 quod
2108 1574 2231 1610 aeter¬

1224 1646 1326 1674 num
1346 1637 1527 1677 haberet
1548 1641 1820 1680 essentialem
1843 1644 2161 1685 attributionem
2179 1646 2234 1686 ad

1224 1713 1473 1762 temporale,
1496 1718 1631 1764 patet,
1650 1718 1749 1767 quia
1770 1717 1957 1760 Christus
1973 1725 2018 1759 ut
2039 1720 2230 1761 Christus

1222 1786 1396 1828 includit
1416 1794 1610 1829 naturam
1641 1790 1827 1832 divinam
1849 1797 1891 1834 et
1910 1796 2162 1845 humanam;
2192 1802 2233 1838 et

1223 1863 1282 1903 sic
1310 1864 1510 1914 Christus,
1547 1872 1613 1906 est
1644 1867 1832 1909 Christus
1868 1874 2028 1912 tantum
2051 1884 2104 1912 ex
2127 1877 2233 1914 tem¬

1222 1951 1345 1989 pore,
1377 1944 1421 1980 et
1451 1943 1512 1982 sic
1545 1947 1780 1994 temporale
1802 1952 1916 1988 esset
1935 1951 2052 1999 prius
2082 1960 2233 1991 essen¬

1224 2017 1375 2056 tialiter
1393 2021 1567 2069 aeterno,
1588 2021 1686 2071 quia
1708 2023 1824 2073 quod
1844 2023 1974 2065 habet
1995 2028 2233 2068 essentiali¬

1222 2096 1286 2131 ter
1299 2094 1618 2136 attributionem
1636 2096 1690 2137 ad
1710 2098 1840 2145 aliud,
1864 2103 1926 2139 est
1948 2103 2233 2143 essentialiter

1223 2171 1435 2218 posterius
1468 2172 1552 2211 illo.
1587 2173 1636 2211 Et
1667 2174 1857 2222 adverte,
1894 2177 2012 2227 quod
2038 2178 2229 2219 Christus

1222 2256 1308 2284 non
1337 2247 1475 2287 solum
1496 2259 1582 2288 non
1603 2251 1744 2299 potest
1773 2253 1888 2301 poni,
1919 2257 1966 2293 ut
1985 2255 2230 2306 subjectum

1222 2321 1484 2371 specificum,
1533 2327 1757 2366 continens
1802 2328 2040 2370 virtualiter
2077 2342 2228 2372 omnes

1220 2399 1436 2448 veritates,
1472 2401 1571 2451 quia
1606 2406 1725 2451 patet
1752 2404 1834 2444 hoc
1865 2415 1960 2446 esse
1982 2409 2232 2458 simpliciter

1220 2475 1482 2523 impossibile
1499 2489 1508 2523 ;
1531 2476 1610 2515 sed
1632 2487 1712 2517 nec
1734 2479 1863 2518 etiam
1883 2485 2025 2530 potest
2046 2485 2147 2532 poni
2179 2488 2227 2524 ut

1220 2550 1477 2601 subjectum,
1512 2553 1632 2602 quasi
1664 2552 1829 2594 habens
1862 2558 2068 2597 unitatem
2089 2570 2231 2609 gene-

1219 2626 1364 2672 ricam,
1391 2625 1443 2666 de
1464 2638 1548 2678 quo
1573 2627 1657 2667 dixi
1686 2640 1830 2679 supra,
1854 2634 1953 2681 quia
1976 2634 2058 2674 tale
2080 2636 2226 2688 subje¬

1223 2698 1335 2734 ctum
1357 2697 1417 2735 sic
1444 2708 1490 2735 se
1523 2697 1667 2745 liabet,
1703 2700 1820 2749 quod
1853 2703 1994 2742 omnia
2028 2710 2229 2746 contenta

1219 2767 1262 2805 in
1303 2766 1374 2806 tali
1435 2767 1633 2814 scientia,
1671 2768 1723 2808 de
1774 2770 1927 2819 quibus
1982 2774 2227 2816 immediate

1223 2835 1572 2875 demonstrantur
1601 2837 1751 2889 aliquae
1780 2839 1996 2890 veritates,
2031 2844 2100 2883 vel
2130 2849 2231 2885 sunt

1220 2909 1363 2957 partes
1395 2907 1643 2958 subjectivae
1662 2910 1730 2949 vel
1769 2913 2034 2961 essentiales,
2069 2918 2151 2955 etc.
2184 2921 2230 2956 ut

1221 2987 1364 3025 supra,
1406 2979 1448 3015 et
1478 2977 1538 3016 sic
1578 2978 1733 3019 Doctor
1766 2981 1919 3028 probat
1955 2981 2007 3022 de
2039 2987 2222 3037 utroque

1221 3048 1435 3098 subjecto.

1273 3115 1333 3169 (b)
1368 3120 1468 3156 Tum
1495 3119 1597 3167 quia
1623 3120 1810 3160 Christus
1829 3126 2052 3165 secundum
2073 3126 2227 3167 divini¬

1222 3191 1351 3227 tatem
1371 3190 1500 3228 etiam
1520 3201 1600 3228 non
1619 3190 1739 3231 habet
1766 3192 1958 3241 aliquam
1985 3196 2113 3235 talem
2136 3199 2228 3246 pri-

1225 3259 1435 3305 oritatem,
1456 3257 1678 3298 secundum
1699 3270 1828 3309 quam
1843 3267 1978 3310 posset
2000 3267 2137 3313 Pater,
2165 3269 2231 3308 vel

1229 3329 1410 3367 Trinitas
1440 3331 1498 3369 ad
1525 3329 1736 3369 Christum
1764 3332 1951 3372 attribui.
1975 3334 2108 3382 Palet,
2133 3338 2231 3388 quia

1223 3399 1296 3438 ubi
1319 3401 1384 3437 est
1404 3400 1497 3438 talis
1527 3401 1728 3448 prioritas
1763 3403 1806 3440 et
1836 3405 2136 3455 posterioritas,
2173 3409 2231 3448 ibi

1229 3472 1292 3507 est
1328 3467 1432 3508 ordo
1465 3469 1721 3517 essentialis,
1760 3471 1896 3521 qualis
1943 3484 2030 3514 non
2078 3480 2143 3516 est
2184 3479 2227 3518 in

1230 3538 1379 3578 divinis
1400 3537 1454 3577 ad
1472 3539 1597 3585 intra,
1619 3540 1716 3589 quia
1740 3539 1996 3590 dependens
2019 3548 2231 3587 essentia¬

1225 3612 1321 3651 liter
1344 3614 1407 3649 est
1425 3608 1731 3659 imperfectius,
1755 3614 1837 3649 etc.
