2682 3979
442 333 498 388 (c)
529 339 683 375 Contra
722 340 846 376 istam
878 338 1002 377 etiam
1034 339 1270 387 opinionem
1301 342 1391 377 sunt

391 413 482 450 iluce
520 413 704 451 rationes
741 414 918 460 ultimae,
955 413 1009 453 de
1044 415 1313 464 respectibus
1341 413 1395 454 ad

392 489 523 532 extra,
548 485 644 536 quia
667 488 857 526 Verbum
878 498 974 527 esse
999 489 1266 528 incarnatum
1293 488 1395 528 dicit

393 566 554 600 Lanium
583 568 831 613 respectum
864 566 1053 612 rationis,
1089 570 1134 604 ut
1164 566 1323 615 patebit
1352 568 1394 605 in

391 638 428 677 3.
465 639 640 678 distinet.
686 642 717 690 1.
754 644 892 690 quaesi.
931 641 964 679 1.
1001 644 1044 681 et
1072 642 1131 679 sic
1162 641 1396 693 Theologia

393 722 484 762 qua)
505 716 621 752 esset
643 712 695 752 de
718 714 871 761 Verbo,
894 715 973 753 sub
997 716 1066 754 tali
1088 719 1287 767 respectu
1308 727 1394 756 non

391 792 504 827 esset
538 789 679 830 realis.
716 790 802 829 Nec
835 790 1026 830 similiter
1061 794 1175 830 esset
1206 802 1289 830 una
1320 803 1397 841 per

389 873 437 901 se
457 864 649 909 scientia,
673 876 754 904 nec
777 867 904 905 etiam
935 870 1082 915 posset
1112 867 1397 908 demonstrari

392 940 533 991 aliqua
553 942 708 982 veritas
730 944 989 993 necessaria,
1018 945 1115 995 quia
1138 946 1229 984 talis
1252 956 1395 996 respe¬

394 1019 486 1055 ctus
535 1018 646 1057 inest
700 1022 864 1058 tantum
919 1020 1223 1070 contingenter
1251 1034 1260 1068 ;
1309 1021 1396 1061 haec

393 1092 532 1130 omnia
555 1097 653 1131 sunt
680 1094 871 1142 exposita
905 1103 1048 1144 supra.
1085 1095 1180 1134 Alite
1210 1095 1396 1135 rationes

394 1171 626 1216 sequentes
655 1171 754 1207 sunt
775 1179 852 1217 per
871 1179 917 1207 se
938 1169 1058 1208 clarae
1079 1170 1120 1208 in
1142 1169 1296 1210 littera.

445 1239 507 1292 (d)
557 1242 721 1282 Videtur
756 1243 890 1293 igitur
927 1245 1164 1291 dicendum,
1211 1244 1328 1295 quod
1363 1247 1399 1285 si

396 1315 522 1354 totius
542 1317 762 1357 medicina)
781 1322 966 1368 ponatur
987 1330 1141 1369 corpus
1161 1320 1398 1361 humanum

393 1393 439 1428 ut
453 1391 710 1442 subjectum,
737 1393 789 1432 de
821 1405 904 1444 quo
927 1395 1274 1435 demonstrantur
1302 1407 1398 1446 pas¬

393 1465 534 1506 siones
566 1468 717 1517 primo,
755 1474 858 1520 puta
891 1472 1061 1519 sanitas,
1109 1475 1208 1512 tunc
1241 1483 1396 1521 corpus

391 1541 582 1592 inferius,
632 1549 734 1595 puta
778 1557 933 1597 corpus
972 1549 1179 1596 sanabile,
1225 1549 1396 1599 sangui¬

392 1627 522 1656 neum
541 1620 610 1659 vel
631 1620 902 1668 cholericum,
927 1633 1012 1663 non
1035 1624 1189 1673 poterit
1203 1624 1303 1674 poni
1318 1635 1395 1675 pro

392 1693 589 1744 subjecto
616 1696 751 1745 primo
787 1701 829 1736 et
861 1696 1100 1748 adaequato,
1133 1702 1263 1748 patet,
1297 1700 1396 1749 quia

394 1769 552 1808 sanitas
572 1770 615 1809 in
637 1774 867 1819 communi,
890 1776 988 1813 nata
1011 1776 1074 1812 est
1095 1773 1209 1823 prius
1229 1774 1324 1813 sciri
1343 1775 1396 1814 de

395 1853 573 1894 corpore
603 1848 780 1887 sanabili
801 1849 842 1887 in
864 1850 1092 1888 communi.
1116 1851 1156 1889 Si
1177 1851 1288 1890 enim
1317 1851 1398 1890 hoc

396 1922 526 1960 totum
562 1926 569 1962 :
605 1926 766 1972 Corpus
783 1925 1060 1973 sanguineum
1079 1936 1246 1973 sanum,

397 1997 462 2034 tur
495 1996 744 2048 subjectum
782 1999 1052 2050 adaequatum
1089 2003 1131 2041 in
1167 2001 1395 2050 medicina,

396 2075 494 2110 tunc
532 2075 787 2121 particulare
825 2078 941 2114 esset
985 2076 1224 2127 subjectum
1262 2079 1400 2129 magis

395 2146 659 2198 adaequatum
691 2161 819 2200 quam
845 2162 1072 2190 commune
1101 2164 1269 2202 corpus.
1293 2155 1400 2194 Tum

397 2223 540 2271 etiam,
565 2226 662 2275 quia
687 2227 768 2265 tale
800 2226 978 2266 includit
1012 2228 1197 2278 aliquam
1231 2230 1395 2278 passio¬

394 2307 494 2337 nem
537 2299 917 2340 demonstrandam
958 2301 1012 2342 de
1060 2314 1256 2353 corpore,
1308 2315 1400 2355 quae

394 2384 478 2413 non
501 2378 643 2424 potest
665 2388 760 2416 esse
782 2378 885 2416 ratio
908 2378 1107 2429 subjecti.
1130 2379 1264 2418 Patet,
1302 2382 1399 2429 quia

395 2450 505 2488 sicut
525 2451 770 2502 subjectum
792 2455 857 2491 est
878 2454 993 2502 prius
1013 2461 1160 2493 natura
1180 2455 1398 2504 passione,

394 2527 451 2564 ita
471 2528 578 2565 ratio
600 2525 785 2567 formalis
806 2528 992 2579 subjecti
1022 2530 1102 2568 erit
1132 2531 1246 2579 prior
1278 2533 1397 2570 natu¬

395 2611 462 2649 ra;
488 2601 521 2640 si
543 2612 646 2654 ergo
663 2604 804 2653 passio
827 2608 1062 2653 poneretur
1082 2606 1188 2644 ratio
1211 2604 1400 2646 formalis

393 2678 592 2729 subjecti,
634 2684 732 2719 tunc
769 2680 886 2719 idem
926 2685 1042 2721 esset
1073 2682 1189 2731 prius
1226 2682 1368 2732 seipso
1388 2696 1397 2730 ;

393 2757 522 2804 patet,
545 2756 644 2804 quia
659 2759 765 2796 ratio
786 2754 974 2796 formalis
995 2757 1179 2808 subjecti
1199 2763 1262 2797 est
1284 2759 1400 2807 prior

393 2830 591 2881 passione
614 2831 951 2879 demonstrabili,
968 2835 1010 2872 et
1026 2844 1104 2882 per
1126 2844 1398 2884 consequens

394 2908 428 2945 si
460 2907 601 2956 passio
635 2910 870 2956 poneretur
902 2909 1007 2947 ratio
1046 2907 1249 2955 formalis,
1286 2913 1400 2950 esset

394 2983 508 3030 prior
536 2983 693 3032 seipsa.

443 3054 499 3108 (e)
518 3059 569 3096 Et
588 3057 766 3096 breviter
786 3058 995 3107 quidquid
1020 3060 1234 3099 diceretur
1251 3061 1302 3098 de
1321 3061 1398 3100 ali¬

393 3142 478 3181 qua
497 3132 707 3170 medicina
727 3134 900 3179 tradita,
923 3134 1078 3174 scilicet
1097 3137 1210 3183 quod
1227 3139 1327 3173 esset
1349 3137 1397 3174 de

390 3206 470 3245 tali
494 3207 759 3256 particulari
764 3219 772 3254 ,
807 3211 848 3246 ut
881 3209 931 3247 de
961 3213 1050 3248 ente
1076 3221 1157 3259 per
1189 3211 1394 3258 accidens,

389 3284 492 3332 puta
523 3281 576 3321 de
611 3293 788 3332 corpore
822 3284 1059 3335 sanguineo
1092 3296 1213 3334 sano,
1247 3286 1396 3325 saltem

388 3360 487 3397 esset
508 3358 764 3405 impossibile
787 3359 979 3406 primam
998 3360 1216 3398 scientiam
1237 3361 1287 3399 de
1306 3372 1390 3400 cor¬

381 3445 491 3483 pore
508 3433 701 3481 hominis,
726 3445 810 3473 esse
823 3435 967 3482 primo
988 3437 1038 3474 de
1055 3447 1232 3485 corpore
1256 3437 1395 3476 homi¬

385 3511 447 3548 nis
480 3511 722 3558 sanguineo.
755 3509 887 3556 Patet,
922 3511 1021 3559 quia
1052 3512 1158 3550 ratio
1199 3514 1388 3562 corporis

384 3584 565 3624 hominis
584 3585 626 3624 in
648 3586 878 3632 communi,
913 3589 976 3625 est
1007 3586 1257 3636 simpliciter
1277 3588 1393 3637 prior

1465 340 1629 378 ratione
1662 338 1844 379 hominis
1874 336 2114 389 sanguinei,
2150 343 2191 379 et
2221 336 2318 379 ideo
2350 340 2464 378 esset

1466 414 1606 463 aliqua
1635 414 1810 454 scientia
1841 415 1975 464 prima
2006 413 2059 452 de
2083 425 2260 464 corpore
2283 414 2464 453 hominis

1466 490 1508 527 in
1546 493 1758 530 communi
1799 502 1924 540 quam
1970 489 2024 529 de
2064 500 2244 542 corpore
2287 490 2466 531 hominis

1464 566 1718 616 sanguineo,
1741 568 1850 605 sicut
1874 569 2005 615 palet.
2031 566 2114 605 Hoc
2135 566 2249 605 idem
2283 564 2376 605 dico
2411 565 2464 605 de

1466 641 1600 690 prima
1620 643 1794 680 scientia
1825 641 2095 692 Theologica,
2132 642 2248 692 quod
2283 641 2362 680 erit
2387 641 2466 690 pri¬

1466 726 1535 755 mo
1558 720 1598 755 et
1619 716 1839 767 adaequate
1871 717 1925 756 de
1959 718 2100 767 aliquo
2135 717 2216 756 alio
2252 728 2380 767 quam
2413 715 2466 755 de

1468 791 1644 830 Christo.
1665 791 1781 831 Prius
1803 794 1915 832 enim
1938 796 2081 832 natum
2100 796 2166 832 est
2193 792 2288 832 sciri
2309 790 2467 842 aliquid

1469 866 1523 906 de
1561 867 1700 906 Verbo
1738 868 1947 917 absolute,
1988 879 2116 918 quam
2154 868 2208 908 de
2246 868 2386 907 Verbo
2424 870 2472 906 ut

1466 940 1700 989 incarnato,
1724 944 1822 993 quia
1844 943 1895 982 ab
1916 947 2073 982 aeterno
2096 947 2139 982 et
2164 947 2264 982 ante
2298 952 2470 981 omnem

1469 1017 1832 1066 comparationem
1864 1018 1916 1057 ad
1947 1021 2081 1067 extra,
2116 1019 2246 1058 scitur
2287 1018 2472 1057 Verbum

1469 1092 1588 1143 gigni
1610 1103 1632 1131 a
1653 1092 1791 1142 Patre,
1825 1094 1921 1144 quia
1952 1093 2172 1144 productio
2201 1093 2256 1133 ad
2282 1096 2386 1133 intra
2409 1096 2475 1132 est

1469 1168 1711 1208 necessario
1765 1169 1880 1219 prior
1917 1170 2031 1208 omni
2075 1169 2356 1220 productione
2417 1167 2471 1208 ad

1470 1248 1601 1291 extra,
1641 1247 1726 1283 tam
1763 1245 2011 1294 simpliciter
2058 1256 2188 1295 quam
2231 1243 2472 1283 secundum

1471 1320 1589 1368 quid,
1611 1322 1657 1357 ut
1678 1320 1830 1368 probat
1850 1320 2007 1360 Doclor
2025 1320 2068 1359 in
2088 1322 2128 1360 2.
2150 1323 2188 1361 d.
2217 1322 2250 1369 1.
2269 1322 2411 1369 quaest.
2433 1319 2470 1358 2.

1470 1395 1669 1434 Similiter
1708 1396 1786 1434 erit
1824 1396 1965 1446 aliqua
2009 1396 2187 1436 scientia
2228 1396 2475 1446 simpliciter

1471 1471 1583 1520 prior
1602 1469 1655 1509 de
1685 1470 1806 1510 Patre
1830 1476 1871 1511 et
1893 1470 1945 1510 de
1968 1468 2313 1521 SpiriUTsancto,
2348 1474 2391 1510 et
2422 1470 2476 1510 de

1468 1545 1560 1594 ipso
1584 1546 1671 1584 Deo
1697 1547 1802 1585 trino
1832 1550 1873 1585 et
1903 1557 2005 1593 uno,
2044 1557 2172 1596 quam
2205 1548 2257 1586 sit
2288 1545 2340 1585 de
2373 1545 2475 1596 ipsis

1468 1622 1547 1660 sub
1569 1621 1709 1671 aliquo
1731 1626 1932 1672 respectu
1953 1622 2007 1661 ad
2029 1628 2161 1669 extra,
2191 1627 2234 1662 et
2264 1633 2342 1673 per
2371 1633 2472 1662 con¬

1468 1701 1657 1740 sequens
1680 1702 1774 1730 cum
1795 1692 1984 1731 Christus
2005 1691 2117 1732 dicat
2145 1692 2251 1732 duas
2283 1697 2470 1741 naturas,

1468 1768 1524 1805 ita
1545 1766 1660 1816 quod
1680 1767 1866 1806 Verbum
1889 1767 1988 1807 dicit
1999 1772 2244 1819 respectum
2266 1768 2472 1818 passionis

1471 1853 1526 1881 ex
1553 1845 1744 1892 tempore
1775 1843 1827 1882 ad
1863 1846 2059 1883 naturam
2091 1848 2370 1894 assumptam,
2418 1844 2472 1884 de

1470 1919 1562 1968 ipso
1601 1929 1688 1957 non
1722 1920 1881 1969 poterit
1919 1930 2014 1958 esse
2053 1920 2303 1970 simpliciter
2339 1920 2472 1970 prima

1471 1995 1665 2041 scientia,
1701 1999 1746 2034 ut
1793 1998 1936 2044 patet;
1977 1995 2054 2035 erit
2098 2007 2201 2048 ergo
2246 1996 2477 2046 Theologia

1472 2071 1525 2110 de
1552 2072 1653 2117 Deo,
1671 2074 1717 2110 ut
1732 2070 1785 2109 de
1801 2072 1935 2120 primo
1955 2074 1996 2110 et
2017 2071 2238 2121 adaequato
2259 2071 2474 2122 subjecto,

1469 2150 1517 2186 ut
1544 2147 1636 2196 ipse
1666 2147 1781 2186 Deus
1809 2149 1875 2186 est
1906 2150 2145 2187 communis
2177 2149 2308 2187 tribus
2330 2158 2476 2197 perso¬

1469 2225 1550 2270 nis,
1573 2225 1611 2261 et
1636 2226 1735 2261 tunc
1756 2223 1988 2262 salvabitur
2009 2223 2125 2273 quod
2149 2225 2286 2262 omnis
2317 2223 2476 2262 veritas

1471 2298 1746 2348 Theologica,
1786 2299 1855 2338 vel
1896 2301 1961 2337 est
1999 2297 2052 2337 de
2089 2300 2223 2348 primo
2263 2298 2478 2350 subjecto,

1472 2376 1573 2422 puta
1603 2384 1695 2423 quae
1718 2375 1830 2412 inest
1859 2375 1948 2412 Deo
1981 2384 2058 2422 per
2085 2374 2296 2413 rationem
2316 2374 2407 2420 Dei,
2431 2376 2478 2412 ut

1472 2449 1552 2487 ista
1580 2448 1733 2489 veritas
1765 2451 1853 2488 sive
1883 2450 2133 2499 proprietas,
2165 2448 2281 2499 quod
2303 2452 2358 2488 est
2380 2449 2474 2498 infi¬

1472 2525 1568 2564 nitae
1588 2525 1784 2563 bonitatis
1789 2555 1796 2570 ,
1821 2525 1888 2563 vel
1910 2523 2026 2574 quod
2047 2528 2102 2564 est
2116 2523 2478 2564 communicabitis

1471 2602 1629 2646 tribus;
1667 2602 1710 2639 et
1746 2600 1934 2640 breviter
1969 2600 2104 2639 omnis
2140 2600 2380 2650 proprietas
2412 2599 2478 2638 di¬

1473 2686 1574 2716 cens
1612 2675 1920 2727 perfectionem
1957 2676 2218 2725 simpliciter,
2254 2676 2322 2715 vel
2356 2676 2477 2725 quasi

1472 2752 1525 2790 de
1545 2755 1666 2801 parte
1687 2752 1919 2803 subjectiva
1944 2751 2065 2801 primi
2096 2753 2295 2803 subjecti,
2325 2754 2372 2790 ut
2401 2761 2477 2802 ge¬

1470 2838 1622 2867 nerare
1640 2829 1765 2875 Patri,
1793 2829 1992 2879 generari
2024 2828 2137 2875 Filio,
2173 2828 2335 2878 spirare
2369 2827 2478 2866 Patri

1470 2908 1513 2943 et
1544 2904 1657 2951 Filio,
1694 2905 1843 2955 spirari
1884 2904 2054 2953 Spiritui
2081 2908 2228 2943 sancto
2260 2907 2302 2943 et
2334 2905 2478 2945 multae

1456 2978 1572 3026 'aliae,
1607 2989 1699 3028 quae
1721 2981 1867 3019 insunt
1886 2981 2049 3018 ratione
2072 2989 2369 3028 personarum.
2399 2980 2477 3018 Vel

1472 3056 1550 3094 erit
1570 3054 1623 3094 de
1645 3055 1800 3105 aliquo,
1825 3054 1941 3104 quod
1969 3054 2211 3093 attribuitur
2243 3054 2297 3093 ad
2329 3055 2473 3106 subje¬

1469 3133 1584 3169 ctum
1608 3131 1804 3179 primum,
1829 3134 1931 3180 puta
1954 3129 2006 3169 de
2029 3133 2223 3170 creatura
2246 3141 2335 3180 quae
2357 3131 2472 3170 attri¬

1466 3205 1611 3244 buitur
1630 3206 1736 3254 Deo,
1760 3208 1968 3256 quantum
1989 3204 2043 3244 ad
2062 3208 2306 3255 respectum
2341 3216 2470 3255 quem

1468 3280 1596 3319 habet
1617 3280 1672 3319 ad
1691 3282 1843 3327 Deum,
1866 3286 1911 3320 ut
1939 3283 2053 3320 Deus
2085 3284 2164 3327 est,
2187 3282 2285 3330 quia
2310 3280 2475 3330 depen¬

1470 3356 1616 3396 dentia
1645 3361 1847 3397 creaturae
1878 3357 2129 3396 terminatur
2166 3357 2216 3396 ad
2259 3359 2394 3396 Deum
2425 3360 2473 3397 ut

1466 3434 1583 3472 Deus
1604 3434 1683 3480 est,
1705 3437 1749 3472 et
1769 3432 1822 3471 de
1842 3432 1986 3472 mullis
2005 3432 2110 3471 aliis.
2143 3433 2222 3473 Vel
2250 3444 2329 3483 per
2357 3435 2472 3472 attri¬

1466 3511 1688 3550 butionem
1709 3510 1763 3550 ad
1785 3510 1903 3561 quasi
1925 3513 2088 3560 partem
2109 3512 2405 3563 subjectivam,
2429 3517 2474 3552 ut

1465 3591 1586 3638 palet
1616 3587 1669 3627 de
1704 3592 1854 3628 natura
1893 3590 2111 3637 assumpta
2160 3591 2366 3639 quantum
2414 3587 2468 3629 ad
