2682 3979
412 308 491 353 est
515 303 712 350 scibilis
737 302 846 351 sine
891 301 1255 352 divisibilitate
1299 300 1413 362 cjns

416 382 463 427 in
491 384 668 440 partes
692 379 1027 440 subjectivas.
1063 380 1255 426 Tamen
1299 390 1415 437 pos¬

414 459 493 504 set
514 456 631 507 dici,
657 455 790 517 quod
821 467 1058 515 personae
1080 454 1267 502 divinae
1295 455 1417 500 sunt

416 531 565 594 quasi
588 533 769 593 partes
798 531 1101 591 subjectivae
1129 529 1293 591 ipsius
1339 542 1418 573 es¬

417 606 600 652 sentiae
621 606 824 658 divinae,
863 606 949 652 sed
981 606 1214 653 essentia
1258 604 1311 652 in
1342 604 1419 651 eis

416 696 518 729 non
537 685 865 730 numeratur.

479 806 620 859 Quod
649 808 824 853 autem
870 807 933 862 (c)
961 803 1169 852 additur
1202 804 1260 850 de
1306 814 1424 862 pas¬

420 881 673 933 sionibus,
696 880 875 928 dicunt
894 879 1076 939 aliqui,
1102 879 1235 938 quod
1269 877 1424 925 attri¬

420 956 543 1003 buta
584 959 703 1003 sunt
761 956 911 1015 cjuasi
960 955 1229 1013 passiones
1269 952 1425 1014 hujus

419 1032 679 1078 essentiae.
705 1030 800 1078 Sed
840 1030 937 1076 hoc
970 1042 1072 1075 non
1111 1030 1268 1079 valet,
1306 1026 1428 1087 quia

419 1106 775 1154 consideratio
804 1104 1188 1152 attributorum
1217 1106 1431 1150 natura¬

423 1185 547 1231 liter
592 1196 622 1228 a
675 1181 825 1227 nobis
876 1178 1303 1238 intelligibilium,
1348 1179 1430 1223 est

420 1258 774 1307 consideratio
804 1258 940 1303 Meta
954 1254 1183 1315 physica,
1198 1254 1301 1299 nisi
1325 1253 1430 1299 sint

420 1335 598 1393 aliqua
619 1333 882 1380 attributa
906 1345 999 1391 per
1014 1343 1068 1377 se
1085 1331 1293 1377 tantum
1313 1341 1431 1375 con¬

419 1409 685 1456 venientia
712 1408 832 1454 huic
860 1406 1103 1454 essentiae
1137 1407 1194 1453 ut
1234 1407 1337 1457 heee,
1379 1407 1431 1451 et

423 1498 527 1531 non
560 1487 615 1531 ut
668 1497 697 1530 a
737 1483 884 1529 nobis
936 1494 1071 1528 nunc
1109 1480 1433 1528 naturaliter

427 1560 748 1620 intelligitur
781 1558 1013 1605 confuse.
1072 1556 1213 1609 Quod
1254 1559 1432 1603 autem

425 1636 689 1695 accipitur
745 1635 878 1695 quod
924 1632 1101 1692 passio
1143 1634 1223 1678 est
1278 1633 1433 1677 extra

426 1712 712 1759 essentiam
749 1709 987 1770 subjecti,
1029 1707 1139 1754 haec
1174 1709 1253 1753 est
1286 1719 1430 1759 vera,

427 1789 511 1835 ubi
562 1787 736 1846 passio
766 1787 844 1833 est
888 1783 1106 1830 realiter
1151 1783 1372 1828 causata
1407 1792 1436 1825 a

427 1864 681 1921 subjecto.
709 1861 803 1910 Sed
825 1861 875 1907 in
906 1857 1096 1907 divinis
1137 1857 1263 1904 illud
1304 1857 1435 1916 quod

427 1939 579 1987 habet
612 1938 873 1985 rationem
904 1933 1167 1996 passionis
1208 1945 1313 1978 non
1356 1934 1437 1979 est

427 2019 724 2067 causatum,
779 2015 900 2072 quia
947 2025 1040 2072 per
1104 2009 1437 2057 identitatem

427 2091 626 2140 transit
655 2090 706 2136 in
734 2087 1019 2136 essentiam
1046 2104 1054 2139 ;
1081 2088 1258 2132 tamen
1284 2096 1438 2144 quan¬

428 2172 540 2216 tum
570 2167 632 2213 ad
661 2164 1021 2215 scibilitatem,
1053 2161 1222 2208 scitur
1250 2172 1343 2219 per
1363 2171 1438 2204 es¬

432 2244 615 2292 sentiae
640 2242 918 2292 rationem,
945 2252 1005 2286 ac
1029 2237 1074 2284 si
1095 2239 1235 2284 esset
1283 2235 1440 2282 reali¬

432 2325 516 2369 ter
543 2317 793 2365 distincta
815 2316 877 2361 ab
899 2312 1148 2360 essentia.

495 2442 637 2496 Quod
667 2438 826 2487 tertio
849 2438 913 2496 (d)
933 2436 1128 2483 dicitur
1155 2435 1212 2481 de
1246 2432 1442 2493 princi¬

436 2522 522 2581 pio
547 2515 784 2576 subjecti,
809 2512 923 2560 dico
948 2511 1082 2571 quod
1104 2522 1207 2556 non
1231 2510 1442 2568 oportet

436 2591 700 2656 principia
723 2588 922 2636 scibilis
950 2599 1065 2632 esse
1094 2583 1358 2644 principia
1392 2583 1443 2628 in

437 2685 490 2716 se
531 2669 696 2728 ipsius
749 2662 989 2723 subjecti,
1037 2660 1158 2720 quia
1196 2658 1332 2705 entis
1373 2657 1445 2703 in-

438 2747 694 2806 quantum
721 2754 812 2788 ens
840 2737 1002 2798 (quod
1034 2735 1254 2796 ponitur
1281 2733 1445 2792 subje¬

435 2826 578 2870 ctum
636 2819 771 2866 Meta
784 2814 1054 2876 physicae)
1113 2810 1257 2856 nulla
1326 2812 1446 2856 sunt

440 2895 719 2957 principia,
746 2892 868 2952 quia
890 2894 1015 2938 tunc
1056 2887 1232 2934 essent
1277 2884 1447 2944 cujus-

438 2974 564 3021 libet
592 2971 745 3022 entis,
778 2969 861 3014 sed
910 2965 1122 3025 oportet
1168 2959 1447 3021 cujuslibet

443 3047 663 3110 subjecti
714 3058 829 3093 esse
874 3039 1152 3103 principia,
1196 3051 1291 3098 per
1335 3050 1448 3095 quae

440 3122 872 3174 demonstrentur
915 3116 1028 3176 ejus
1073 3112 1345 3173 passiones
1389 3110 1448 3156 de

442 3216 519 3255 eo,
544 3215 608 3247 ex
637 3198 822 3257 quibus
870 3190 1165 3254 principiis,
1194 3191 1448 3247 tanquam

439 3292 503 3326 ex
554 3273 736 3322 mediis
793 3263 1282 3316 demonstrationis,
1341 3260 1448 3306 for¬

441 3355 657 3402 mantur
692 3345 952 3408 principia
974 3341 1267 3400 complexa,
1312 3336 1448 3383 sicut

442 3424 839 3490 propositiones
879 3432 974 3480 per
1013 3430 1067 3463 se
1131 3417 1287 3461 notae.
1338 3412 1449 3458 Hoc

442 3504 592 3553 modo
635 3497 910 3560 cujuslibet
958 3491 1181 3552 subjecti
1228 3488 1448 3549 possunt

440 3594 556 3631 esse
631 3573 895 3641 principia
968 3570 1448 3632 quantumeumque

1491 299 1872 363 imprincipiati
1952 304 2194 362 respectu
2272 314 2488 348 suarum

1490 377 1736 438 passionu
1747 390 1812 425 m.

1547 454 1620 501 Ad
1672 453 1776 510 alia
1823 454 1887 511 (e)
1945 452 2178 500 secundae
2247 451 2360 498 viae.
2419 449 2491 497 Ad

2515 501 2520 588 atTa^al
1493 527 1723 587 primum
1798 527 1928 579 dico,
1977 526 2109 586 quod
2175 525 2264 572 illa
2319 527 2495 573 aucto-

1494 604 1627 650 ritas
1683 601 1935 663 exprimit
2005 600 2284 648 materiam
2340 600 2495 659 hujus

1494 678 1726 725 scientiae
1773 677 1823 723 in
1871 677 2160 728 communi,
2219 690 2323 723 non
2385 675 2497 722 sub¬

1491 754 1691 813 jectum
1713 753 1943 813 primum
1974 752 2215 799 formale.
2246 752 2319 798 Ad
2360 750 2499 797 aliud

1497 830 1627 882 dico,
1683 829 1815 888 quod
1878 828 2191 889 quicumque
2242 840 2426 874 sensus
2451 826 2501 872 in

1500 919 1599 950 una
1637 908 1787 964 parte
1810 904 2105 963 Scripturae
2128 917 2229 949 non
2258 905 2339 950 est
2369 902 2503 948 litte¬

1501 981 1647 1032 ralis,
1680 981 1730 1025 in
1753 980 1854 1026 alia
1883 982 2031 1039 parte
2052 983 2131 1026 est
2154 978 2422 1031 litteralis,
2453 980 2504 1024 et

1504 1056 1612 1100 ideo
1670 1055 1792 1102 licet
1834 1055 2006 1114 aliqua
2051 1067 2174 1113 pars
2220 1054 2506 1112 Scripturae

1502 1129 1690 1177 habeat
1725 1130 1963 1176 diversos
1987 1142 2190 1182 sensus,
2221 1131 2396 1175 tamen
2433 1131 2508 1176 to¬

1502 1207 1558 1252 ta
1580 1205 1860 1265 Scriptura
1903 1203 2058 1252 habet
2106 1217 2286 1257 omnes
2322 1217 2506 1251 sensus

1504 1281 1636 1328 istos
1660 1294 1754 1340 pro
1780 1294 1933 1327 sensu
1956 1280 2197 1328 litterali.

1563 1357 1635 1404 Ad
1659 1356 1876 1404 tertium
1905 1356 1962 1416 (f)
1992 1357 2123 1409 dico,
2171 1356 2302 1416 quod
2346 1367 2503 1414 argu¬

1507 1436 1739 1480 mentum
1762 1435 1842 1480 est
1882 1433 1942 1478 ad
1984 1433 2288 1492 oppositum
2329 1431 2495 1490 dupli¬

1506 1510 1655 1557 citer.
1705 1509 1901 1561 Primo,
1943 1508 2063 1567 quia
2115 1508 2271 1554 homo
2297 1507 2512 1567 ponitur

1507 1585 1800 1645 subjectum
1849 1584 2071 1630 Moralis
2136 1582 2371 1630 scientiae
2431 1581 2515 1629 vel

1509 1661 1791 1712 Medicinae,
1843 1673 1936 1720 pro
1982 1673 2042 1706 eo
2092 1658 2224 1718 quod
2281 1658 2514 1705 continet

1507 1737 1816 1784 virtualiter
1852 1749 2032 1782 omnes
2072 1735 2329 1782 veritates
2371 1734 2515 1781 illius

1510 1813 1769 1865 scientiae;
1817 1825 1938 1858 nam
2001 1824 2195 1870 corpus
2230 1810 2517 1856 humanum

1509 1889 1746 1937 continet
1784 1887 2093 1935 virtualiter
2138 1886 2401 1933 rationem
2441 1898 2519 1932 sa¬

1510 1966 1712 2018 nitatis,
1740 1964 1852 2012 ideo
1880 1964 2019 2010 enim
2049 1963 2249 2010 sanitas
2289 1961 2517 2008 hominis

1510 2044 1589 2088 est
1633 2042 1776 2094 talis,
1837 2040 1958 2100 quia
1993 2053 2189 2099 corpus
2228 2039 2516 2085 humanum

2535 2121 2536 2160 Quare
1511 2122 1591 2166 est
1614 2119 1687 2166 sic
1716 2118 2216 2177 complexionatum.
2261 2116 2518 2163 Similiter

2462 2190 2536 2243 li-possit
1513 2196 1690 2241 anima
1734 2193 1964 2240 hominis
2009 2193 2244 2240 continet
2281 2192 2364 2238 vir
2371 2192 2452 2238 tua

1514 2274 1597 2318 ter
1620 2272 1880 2318 rationem
1916 2268 2190 2316 felicitatis
2236 2267 2515 2318 naturalis,

1515 2348 1651 2394 sicut
1679 2349 1824 2407 patet
1856 2359 1919 2403 ex
1960 2349 2103 2403 jwimo
2125 2346 2318 2388 Etlricor.
2349 2343 2435 2389 ubi
2455 2328 2519 2389 ex

1516 2424 1725 2470 ratione
1772 2423 1960 2468 animae
2007 2419 2340 2467 concluditur
2378 2417 2518 2466 ratio

1517 2498 1788 2547 felicitatis
1826 2496 2090 2546 naturalis
2114 2495 2364 2541 hominis.
2402 2495 2520 2540 Non

1518 2576 1592 2622 sic
1612 2575 1770 2621 homo
1805 2573 2039 2621 continet
2080 2572 2344 2618 rationem
2402 2569 2520 2616 finis

1518 2652 1674 2712 hujus
1703 2650 1952 2701 scientiae,
1984 2648 2105 2708 quia
2125 2647 2244 2694 finis
2275 2658 2522 2705 superna-

1517 2728 1713 2774 turalis
1739 2726 1822 2772 vel
1865 2725 2123 2784 objectum
2162 2722 2274 2783 ejus
2309 2735 2414 2767 non
2454 2722 2523 2767 in¬

1519 2803 1750 2850 cluditur
1772 2802 1824 2847 in
1840 2800 2047 2847 ratione
2067 2798 2314 2850 hominis,
2338 2798 2388 2843 et
2413 2797 2523 2843 ideo

1521 2892 1625 2925 non
1669 2880 1845 2937 potest
1871 2890 1987 2923 esse
2037 2874 2330 2934 subjectum
2368 2871 2525 2931 hujus

1523 2954 1757 3001 scientiae
1786 2953 2034 3012 primum.

1580 3028 1814 3078 Secundo
1836 3028 1905 3085 (g)
1928 3025 2003 3072 sic
2024 3043 2034 3071 :
2085 3025 2256 3070 Homo
2290 3025 2371 3069 est
2406 3021 2526 3070 finis

1522 3106 1740 3152 ultimus
1781 3103 2007 3148 istarum
2055 3098 2416 3150 scientiarum,
2467 3079 2527 3143 ad

1525 3194 1675 3240 quem
1705 3182 1815 3226 tam
1860 3176 2062 3223 sanitas
2105 3187 2257 3234 quam
2298 3173 2526 3220 felicitas

1522 3255 1786 3304 naturalis
1806 3252 2097 3300 ordinatur.
2117 3249 2384 3301 Probatio,
2405 3247 2527 3308 quia

1526 3332 1695 3379 omnis
1725 3343 1878 3377 amor
1916 3326 2358 3386 concupiscentiae
2393 3338 2525 3385 prae-

1525 3408 1774 3469 supponit
1818 3415 2055 3452 amorem
2085 3402 2360 3454 amicitiae;
2393 3400 2526 3447 sani¬

1524 3489 1606 3533 tas
1670 3488 1845 3532 autem
1895 3481 1978 3528 vel
2034 3479 2263 3527 felicitas
2315 3479 2528 3524 amatur

1523 3573 1708 3608 amore
1746 3554 2204 3616 concupiscentiae,
2247 3553 2359 3601 ideo
2402 3549 2526 3598 illud
