2682 3979
335 359 477 410 quoad
508 360 720 408 animam;
744 362 875 410 palet,
911 362 1008 410 quia
1038 368 1156 398 amor
1182 368 1336 396 concu¬

334 436 549 485 piscentia)
586 438 875 486 prasupponit
920 446 1110 475 amorem
1145 433 1337 474 amicitiae

332 513 380 549 ut
417 510 544 549 finem
583 509 636 549 ad
684 521 812 561 quem
843 510 1076 557 ordinatur,
1117 512 1162 548 ut
1200 507 1336 558 magis

329 586 495 635 patebit
533 589 574 626 in
619 586 657 626 2.
687 587 863 626 distinet.
912 587 950 636 6.
986 588 1125 636 quaest.
1169 585 1207 624 2.
1240 593 1336 622 cum

330 673 433 713 ergo
480 662 658 702 felicitas
719 663 918 702 naturalis
971 666 1136 702 ametur
1196 669 1335 700 amore

331 739 708 790 concupiscentiae,
732 744 852 791 palet
885 743 982 791 quia
1010 742 1184 790 propter
1203 737 1335 777 homi¬

333 829 432 858 nem
472 824 654 859 amatum
699 831 842 860 amore
887 820 1092 864 amicitiae,
1141 817 1337 868 sequitur

333 894 451 945 quod
471 895 597 934 homo
635 895 694 934 sic
727 898 893 934 amatus
926 897 1006 934 erit
1033 895 1207 934 ultimus
1244 891 1337 931 finis

334 971 504 1010 moralis
536 970 736 1020 scientiae,
777 974 820 1010 et
856 972 916 1011 sic
945 971 1186 1022 subjectum
1216 968 1309 1019 ejus
1326 979 1336 1014 ;

335 1057 428 1086 cum
470 1057 572 1098 ergo
621 1048 735 1086 Deus
771 1048 824 1086 sit
872 1047 1120 1097 simpliciter
1166 1046 1339 1084 ultimus

333 1121 427 1162 finis
455 1123 712 1173 Theologia},
743 1133 840 1162 cum
872 1125 925 1163 sit
955 1126 1117 1162 tantum
1147 1121 1338 1160 amabilis

333 1201 510 1248 propter
537 1208 598 1245 se,
620 1198 704 1237 imo
732 1202 946 1249 repugnat
973 1196 1136 1237 formali
1144 1201 1206 1236 ter
1243 1207 1338 1236 esse

332 1273 516 1312 amabile
549 1277 724 1324 propter
752 1273 882 1322 aliud,
914 1276 962 1312 ut
990 1273 1144 1323 probat
1183 1273 1339 1312 Doclor

332 1350 373 1388 in
402 1348 438 1388 4.
477 1349 651 1388 distinet.
684 1349 748 1388 49.
785 1352 828 1388 et
857 1349 998 1389 omnia
1029 1349 1072 1388 in
1105 1349 1339 1400 Theologia

331 1424 599 1464 considerata
629 1426 712 1464 sint
735 1428 897 1465 tantum
918 1428 1095 1476 propter
1113 1427 1254 1476 ipsum
1276 1425 1338 1464 di¬

330 1501 521 1552 ligibilia,
571 1503 765 1552 sequitur
803 1512 856 1540 ex
892 1502 972 1541 ista
1010 1503 1174 1542 ratione
1223 1501 1339 1553 quod

333 1578 411 1617 erit
442 1579 580 1629 magis
609 1579 854 1630 subjectum
873 1578 1130 1630 Theologiae.

385 1653 449 1694 Ad
479 1654 594 1694 aliud
625 1658 757 1705 palet,
797 1655 895 1705 quia
915 1655 984 1693 illa
1005 1655 1238 1704 propositio
1275 1658 1339 1695 est

332 1729 451 1777 falsa,
473 1730 634 1770 scilicet
655 1730 772 1781 quod
790 1729 883 1770 finis
913 1732 1097 1770 scientiae
1119 1734 1184 1770 est
1212 1731 1335 1770 indu¬

334 1817 433 1846 cere
471 1805 667 1856 formam,
709 1809 791 1846 etc.
833 1807 940 1846 Finis
992 1807 1106 1846 enim
1152 1809 1337 1858 propriae

333 1885 535 1929 scientiae,
571 1887 636 1923 est
672 1886 836 1923 tantum
878 1885 1089 1935 attingere
1120 1884 1338 1935 objectum

329 1959 441 2000 illius
488 1961 675 2000 scientiae
720 1971 797 2011 per
834 1963 977 2000 actum
1030 1971 1171 2009 suum,
1222 1961 1339 2012 quod

331 2036 432 2077 nihil
452 2036 568 2076 aliud
599 2039 664 2075 est
696 2036 776 2075 nisi
805 2039 944 2077 actum
978 2037 1165 2077 scientiae
1199 2038 1336 2077 termi¬

328 2113 419 2151 nari
440 2112 494 2151 ad
515 2112 596 2151 tale
627 2111 860 2163 objectum,
894 2115 974 2151 etc.

382 2189 527 2228 Solum
572 2189 705 2227 oritur
742 2198 827 2227 una
883 2186 1123 2234 difficultas,
1173 2189 1218 2228 in
1255 2189 1336 2228 hoc

328 2265 445 2316 quod
484 2263 585 2304 dicit
618 2264 660 2303 in
704 2265 1002 2314 responsione,
1043 2264 1158 2315 quod
1195 2266 1336 2306 anima

327 2342 510 2381 hominis
540 2341 776 2380 virlualiler
807 2341 998 2380 continet
1026 2341 1239 2380 rationem
1276 2341 1334 2381 fe¬

327 2417 495 2456 licitatis
514 2417 732 2463 naturalis,
757 2419 851 2467 quia
885 2419 960 2467 sic,
987 2429 1084 2458 cum
1117 2418 1209 2456 talis
1241 2416 1334 2456 feli¬

327 2496 431 2534 citas
463 2493 667 2532 consistat
684 2494 726 2532 in
748 2495 1042 2544 speculatione
1072 2496 1217 2544 primae
1236 2495 1331 2533 sub¬

331 2571 494 2610 stantiae
523 2574 741 2619 separatae,
775 2574 822 2609 ut
854 2571 943 2610 vult
980 2569 1229 2611 Aristoteles
1270 2571 1329 2609 10.

323 2646 456 2686 Ethic.
481 2645 675 2696 sequitur
726 2646 842 2696 quod
878 2647 1112 2686 virlualiler
1143 2646 1331 2686 contine¬

325 2723 388 2761 bit
411 2722 539 2762 talem
569 2722 907 2772 speculationem
926 2736 934 2771 ;
975 2725 1016 2762 et
1049 2723 1109 2762 sic
1137 2723 1333 2773 sequitur

323 2799 450 2846 ultra,
492 2798 605 2849 quod
645 2799 878 2838 virlualiler
908 2800 1141 2840 continebit
1180 2800 1330 2840 entita-

326 2877 412 2915 lem
446 2876 589 2926 primae
614 2877 862 2916 substantiae
891 2880 1128 2926 separatae;
1154 2880 1197 2916 et
1230 2888 1331 2916 con¬

322 2950 551 3000 sequentia
579 2951 725 2990 ultima
747 2953 865 3000 patet
893 2960 946 2989 ex
978 2952 1160 2990 Doctore
1181 2952 1226 2990 in
1243 2954 1329 3000 pri¬

321 3037 389 3066 mo
419 3027 512 3066 dist.
553 3027 576 3065 3
631 3030 667 3065 et
688 3027 730 3065 in
749 3027 787 3066 2.
823 3028 862 3066 d.
903 3029 940 3067 3.
982 3026 1023 3064 in
1061 3029 1239 3067 materia
1279 3028 1332 3068 de

324 3102 572 3153 cognitione
615 3103 891 3153 Angelorum,
928 3106 968 3142 et
1001 3103 1213 3142 subtiliter
1250 3104 1332 3144 hoc

321 3179 475 3229 probat
506 3179 549 3216 in
578 3177 720 3227 quodl.
755 3189 794 3227 q.
830 3178 890 3217 14.
926 3178 1006 3217 Sed
1041 3179 1122 3217 hoc
1155 3181 1220 3217 est
1251 3181 1326 3219 im¬

323 3253 544 3302 possibile,
585 3253 701 3303 quod
739 3255 975 3293 virlualiler
1005 3253 1222 3292 contineat
1257 3254 1330 3293 hu¬

320 3329 508 3380 jusmodi
531 3331 616 3368 enti
623 3333 766 3374 talem,
789 3332 836 3368 ut
865 3329 956 3379 ipse
977 3329 1130 3378 probat
1155 3330 1198 3368 in
1226 3329 1330 3369 locis

320 3405 616 3455 praeallegatis.

378 3480 649 3531 Respondeo,
683 3479 800 3530 quod
821 3491 870 3520 eo
900 3481 1026 3520 modo
1063 3492 1145 3530 quo
1175 3481 1328 3520 virlua-

321 3555 420 3596 liter
449 3556 589 3595 anima
627 3555 885 3596 intellectiva
925 3556 1114 3596 continet
1151 3557 1327 3608 cogniti¬

321 3643 450 3674 onem
505 3633 757 3674 substantiae
814 3635 1035 3685 separatae,
1095 3643 1144 3674 eo
1198 3632 1327 3674 modo

1411 355 1602 394 continet
1648 357 1870 395 enlilalem
1901 356 2008 395 illius
2041 357 2307 403 substantiae,
2337 352 2414 394 sed

1411 435 1569 471 tantum
1609 433 1845 472 virlualiler
1876 433 1943 472 vel
1971 434 2254 473 essentialiter
2281 432 2414 472 conti¬

1409 510 1482 546 net
1541 508 1830 560 cognitionem
1888 510 2134 548 substantiae
2188 513 2413 558 separatae,

1409 585 1616 632 quantum
1655 582 1708 621 ad
1751 585 1986 632 conceptus
2037 593 2288 622 communes
2336 582 2416 622 sibi

1409 659 1449 694 et
1468 657 1589 696 nobis
1606 670 1614 704 ;
1640 660 1682 696 et
1701 658 1761 697 sic
1777 657 2012 697 virtualiter
2038 658 2105 697 vel
2127 657 2412 697 essentialiter

1408 732 1598 771 continet
1632 733 1880 784 hujusmodi
1914 737 2161 783 conceptus.
2188 734 2247 772 De
2282 735 2416 782 prima

1409 808 1522 846 enim
1542 808 1780 848 substantia
1800 808 1863 860 (ut
1883 810 1924 848 in
1957 811 1999 848 d.
2036 810 2074 849 3.
2111 808 2413 855 declarabitur,

1410 885 1451 920 et
1472 884 1621 931 partim
1643 883 1907 923 declaratum
1937 887 2001 924 est
2033 895 2158 934 supra
2183 896 2222 934 q.
2258 883 2310 934 1.)
2330 893 2416 923 non

1411 963 1729 1008 cognoscuntur
1749 959 1903 1010 aliquae
1931 962 2213 1010 proprietates
2235 959 2288 998 de
2308 960 2415 1009 ipsa,

1411 1032 1489 1071 sed
1511 1037 1672 1072 tantum
1703 1036 1989 1086 cognoscitur,
2014 1035 2130 1086 quod
2152 1038 2217 1074 est
2245 1035 2418 1084 aliquod

1413 1117 1489 1146 ens
1520 1107 1746 1155 infinitum,
1782 1110 1923 1160 aliqua
1952 1121 2079 1149 causa
2113 1112 2248 1159 prima
2281 1113 2323 1149 et
2342 1109 2418 1148 hu¬

1406 1182 1613 1233 jusmodi.

1465 1256 1664 1296 Secundo
1696 1257 1807 1306 dico,
1833 1259 1949 1309 quod
1976 1258 2156 1297 animam
2185 1259 2420 1298 virtualiter

1414 1331 1634 1371 continere
1682 1332 1931 1373 felicitatem
1976 1334 2228 1380 naturalem,
2277 1336 2420 1383 potest

1413 1407 1640 1457 dupliciter
1683 1409 1878 1460 intelligi.
1912 1410 2064 1457 Primo,
2107 1409 2224 1460 quod
2253 1420 2330 1459 per
2351 1420 2419 1448 ra¬

1413 1484 1573 1523 tionem
1600 1487 1749 1525 animae
1779 1488 1922 1535 potest
1954 1485 2151 1525 concludi
2187 1485 2302 1536 quod
2328 1486 2420 1525 talis

1411 1557 1603 1608 felicitas,
1633 1565 1735 1611 puta
1757 1562 1992 1611 speculatio
2025 1562 2269 1601 substantiae
2297 1572 2419 1612 sepa¬

1411 1639 1523 1683 ratae,
1554 1641 1654 1676 nata
1683 1642 1749 1676 est
1775 1639 1917 1677 inesse
1950 1638 2104 1677 animae
2136 1638 2417 1684 intellectivae,

1411 1715 1456 1749 ut
1475 1712 1623 1751 ultima
1643 1712 1823 1753 felicitas
1854 1713 2055 1752 naturalis
2075 1714 2221 1764 ipsius.
2256 1714 2419 1753 Secun¬

1413 1785 1483 1833 do,
1500 1787 1617 1837 quod
1638 1789 1790 1827 virtute
1817 1789 1998 1828 naturali
2032 1790 2166 1838 possit
2193 1787 2419 1838 pervenire

1411 1862 1464 1901 ad
1494 1863 1740 1914 hujusmodi
1760 1863 2022 1912 felicitatem,
2046 1867 2088 1904 et
2110 1868 2291 1915 uterque
2318 1874 2417 1904 sen¬

1410 1947 1482 1977 sus
1504 1944 1566 1978 est
1584 1950 1726 1980 verus.

1782 2055 2044 2093 SGHOLIUM.

1457 2182 1516 2218 Ad
1543 2185 1780 2228 argumenta
1800 2184 1928 2229 posita
1945 2193 2053 2219 num.
2077 2184 2111 2219 3.
2133 2193 2206 2229 pro
2238 2184 2325 2220 illis
2344 2185 2421 2221 tri¬

1408 2246 1481 2282 bas
1503 2248 1715 2283 sententiis
1749 2247 1979 2284 tenentibus
2017 2249 2138 2283 Deum
2172 2248 2245 2284 sub
2283 2248 2419 2293 aliqua

1408 2311 1564 2346 ratione
1585 2312 1766 2357 speciali,
1790 2321 1876 2348 esse
1896 2311 2099 2357 objectum
2115 2313 2357 2357 Theologiae.

1464 2404 1538 2449 Ad
1573 2404 1804 2463 primum
1837 2404 1902 2463 (a)
1937 2407 2313 2463 argumentum
2339 2419 2415 2452 se¬

1407 2480 1584 2526 cundae
1625 2481 1963 2539 quaestionis,
2001 2481 2204 2540 quando
2238 2482 2416 2540 argui¬

1406 2558 1496 2602 tur
1520 2569 1613 2615 per
1649 2558 1922 2615 Hugonem
1946 2559 1995 2603 et
2019 2557 2410 2610 Cassiodorum,

1406 2631 1601 2679 dicitur
1625 2633 1760 2692 quod
1787 2633 2076 2692 loquuntur
2108 2632 2193 2679 hic
2222 2646 2326 2678 non
2357 2634 2415 2679 de

1407 2709 1623 2755 formali
1663 2709 1898 2769 subjecto
1923 2745 1933 2761 ,
1977 2709 2062 2754 sed
2101 2709 2159 2755 de
2190 2708 2416 2756 materia

1410 2785 1669 2844 proxima,
1688 2786 1746 2832 de
1771 2799 1871 2844 qua
1886 2784 2124 2832 diffusius
2147 2787 2416 2832 tractatur

1408 2862 1460 2908 in
1494 2861 1774 2920 Scriptura
1799 2863 2020 2921 propter
2044 2861 2278 2907 ordinem
2320 2861 2416 2907 im¬

1408 2939 1776 2985 mediatiorem
1800 2952 1952 2997 quem
1976 2936 2128 2983 habet
2158 2937 2219 2982 ad
2239 2936 2411 2984 finem.

1465 3017 1536 3062 Ad
1567 3016 1848 3062 secundum
1885 3016 1948 3074 (b)
1981 3014 2110 3068 dico,
2144 3015 2277 3073 quod
2306 3015 2412 3061 Me-

1407 3091 1682 3151 taphysica
1712 3105 1816 3137 non
1844 3093 1922 3137 est
1944 3092 2002 3138 de
2024 3092 2132 3137 Deo
2161 3093 2414 3149 tanquam

1404 3168 1462 3214 de
1489 3168 1660 3227 primo
1686 3167 1939 3227 subjecto.
1966 3166 2108 3219 Quod
2136 3165 2408 3225 probatur,

1406 3243 1527 3303 quia
1590 3245 1785 3302 praeter
1848 3241 2096 3288 scientias
2156 3240 2412 3300 speciales

1406 3323 1618 3379 oportet
1657 3333 1772 3365 esse
1811 3317 2044 3376 aliquam
2078 3330 2412 3363 communem

1404 3395 1456 3441 in
1509 3409 1609 3455 qua
1673 3395 1965 3454 probentur
2024 3392 2076 3438 in
2143 3393 2410 3439 communi

1405 3472 1596 3525 omnia,
1637 3485 1748 3530 quae
1778 3473 1898 3516 sunt
1950 3469 2252 3516 communia
2302 3468 2408 3515 illis

1403 3547 1746 3607 specialibus;
1797 3546 1962 3606 igitur
2008 3546 2204 3605 praeter
2249 3543 2411 3590 scien¬

1401 3624 1504 3672 tias
1552 3623 1805 3688 speciales
1853 3624 2066 3685 oportet
2093 3634 2210 3669 esse
2249 3619 2408 3670 aliam
