2653 3979
167 362 315 408 Quodl.
341 374 378 411 q.
408 365 466 403 14.
491 364 530 404 Si
551 366 740 406 secundo
762 365 907 411 modo,
932 370 1030 406 lunc
1059 367 1168 407 sicut

166 437 257 477 talis
289 443 511 488 respectus
545 439 720 480 confuse
757 443 1008 492 concipitur,
1039 442 1095 481 ita
1127 445 1169 482 et

166 515 372 552 terminus
390 520 629 563 respectus.

219 588 319 627 Dico
339 590 493 638 primo,
516 590 633 640 quod
655 591 708 631 de
728 590 839 630 facto
864 596 927 631 est
947 591 1000 632 de
1027 592 1163 632 omni-

164 663 259 708 bus,
297 664 515 715 loquendo
573 666 626 705 de
673 667 940 716 respectibus
989 665 1164 707 confuse

164 740 396 787 conceptis,
435 741 533 790 quia
566 741 606 779 in
641 742 872 792 Theologia
906 745 1051 781 nostra
1091 752 1161 782 co¬

157 813 404 862 gnoscimus
426 813 539 864 quod
573 826 723 855 omnes
759 820 962 855 creatura)
995 816 1162 865 depen¬

157 890 259 929 dent
292 901 315 929 a
348 891 451 938 Deo,
487 892 543 931 ita
577 893 693 943 quod
728 893 819 932 talis
848 898 1074 944 respectus
1097 897 1162 934 est

155 966 303 1006 relatio
343 970 548 1007 creaturae
577 967 631 1007 ad
653 968 915 1009 Creatorem.
949 970 1051 1009 Dico
1089 981 1156 1011 se¬

154 1047 293 1087 cundo
317 1048 432 1097 quod
454 1051 597 1098 potest
618 1061 713 1089 esse
731 1050 785 1089 de
801 1052 1015 1099 omnibus,
1035 1051 1157 1091 etiam

153 1123 349 1163 distincte
372 1126 604 1174 conceptis,
640 1126 717 1166 sed
752 1137 837 1165 non
867 1128 920 1168 de
942 1134 1157 1168 communi

151 1198 264 1249 lege,
304 1199 383 1239 sed
430 1200 563 1251 magis
600 1211 652 1240 ex
691 1201 868 1250 speciali
917 1203 1151 1255 privilegio.

149 1275 249 1313 Dico
281 1276 400 1315 tertio
425 1275 540 1326 quod
564 1281 704 1327 potest
723 1288 818 1317 esse
850 1278 903 1318 de
933 1279 1151 1326 omnibus,

147 1349 200 1389 ita
217 1349 333 1400 quod
350 1350 495 1389 notitia
519 1351 662 1390 talium
679 1357 955 1402 respectuum
977 1352 1152 1394 confusa

149 1424 301 1464 dicitur
326 1425 597 1476 Theologica,
631 1431 672 1465 et
701 1427 809 1465 sicut
838 1428 892 1466 illi
928 1431 1151 1476 respectus

145 1500 322 1541 confuse
344 1503 654 1551 concipiuntur,
685 1503 743 1542 ita
777 1507 819 1541 et
850 1506 1052 1544 terminus
1079 1517 1149 1545 re¬

142 1581 330 1627 spectus,
354 1580 453 1629 quia
475 1579 712 1629 concipitur
733 1581 908 1630 aliquod
931 1590 1008 1619 ens
1031 1581 1147 1630 quod

142 1654 411 1692 nominamus
452 1657 580 1692 Deum
587 1684 595 1699 ,
638 1657 865 1694 terminare
901 1660 1147 1704 respectum

141 1731 347 1767 creaturae
378 1729 433 1768 ad
465 1729 619 1779 ipsum.
653 1731 702 1768 Et
731 1731 870 1779 posito
909 1730 1026 1781 quod
1053 1731 1146 1782 ipsa

142 1807 335 1843 creatura
393 1810 679 1855 cognoscatur
733 1806 774 1843 in
833 1816 878 1844 se
936 1805 1142 1856 perfecte,

141 1880 280 1919 adhuc
299 1891 386 1920 non
415 1883 608 1932 sequitur
629 1881 744 1933 quod
766 1883 911 1922 relatio
943 1887 1145 1924 creaturae

140 1955 195 1996 ad
215 1957 355 2005 ipsum
386 1959 522 1996 Deum
543 1961 844 2008 cognoscatur,
874 1960 973 2009 quia
993 1961 1140 2009 cogni¬

141 2032 194 2071 tio
237 2031 328 2070 talis
365 2042 450 2070 non
487 2034 648 2071 tantum
685 2031 906 2082 dependet
934 2045 956 2072 a
985 2033 1140 2074 funda¬

137 2109 298 2151 mento,
322 2105 400 2144 sed
422 2105 547 2144 etiam
571 2116 593 2144 a
618 2109 797 2145 termino
816 2119 825 2153 ;
857 2108 954 2148 ideo
977 2119 1137 2160 cogno¬

136 2183 269 2222 scitur
293 2185 454 2222 tantum
478 2193 554 2232 per
585 2184 907 2232 revelationem,
940 2186 1038 2235 quia
1073 2197 1139 2226 co¬

135 2258 269 2308 gnitio
309 2258 400 2297 talis
425 2259 607 2297 habetur
638 2261 792 2298 virtute
827 2262 949 2310 primi
981 2262 1141 2312 objecti

134 2333 394 2384 Theologici,
418 2335 485 2373 vel
507 2336 659 2374 virtute
687 2336 868 2387 alicujus
901 2339 1139 2387 supplentis

135 2412 271 2450 vicem
294 2409 384 2447 talis
405 2409 578 2460 objecti,
601 2409 654 2449 de
678 2422 761 2461 quo
790 2423 919 2462 supra
941 2413 1137 2454 diximus.

187 2485 433 2525 Secundum
475 2485 651 2525 dubium
698 2490 777 2532 est,
827 2491 925 2538 quia
970 2490 1139 2530 videtur

135 2558 251 2607 quod
282 2563 465 2611 cognitio
491 2560 579 2598 talis
609 2564 834 2610 respectus
855 2573 939 2602 non
960 2564 1011 2602 sit
1032 2575 1134 2613 prse-

135 2636 221 2673 cise
242 2635 514 2687 Theologica.
541 2636 758 2686 Probatur,
785 2640 881 2689 quia
903 2649 988 2679 non
1008 2641 1138 2681 habe¬

135 2714 201 2749 tur
230 2711 403 2759 praecise
437 2712 593 2751 virtute
612 2713 773 2764 objecti
796 2715 1038 2766 theologici,
1069 2718 1136 2757 vel

131 2788 285 2825 virtute
307 2785 486 2836 alicujus
506 2788 745 2837 supplentis
763 2802 770 2835 ;
798 2790 1014 2838 probatur,
1039 2792 1134 2841 quia

132 2861 314 2912 cognitio
349 2865 572 2912 respectus
604 2873 689 2902 non
724 2868 888 2904 tantum
918 2865 1136 2917 dependet

130 2948 153 2975 a
185 2939 382 2984 termino,
415 2936 494 2976 sed
528 2937 655 2977 etiam
686 2950 710 2978 a
747 2938 1043 2989 fundamento,
1087 2946 1135 2982 ut

130 3015 247 3061 patet
269 3023 290 3051 a
312 3013 494 3052 Doctore
515 3013 596 3052 hic.

180 3085 453 3135 Respondeo,
477 3089 591 3137 quod
613 3089 764 3128 dicitur
790 3091 974 3141 cognitio
995 3093 1130 3134 Theo¬

130 3161 283 3212 logica,
317 3168 526 3213 quantum
546 3164 600 3204 ad
627 3166 709 3206 hoc
729 3168 846 3217 quod
868 3168 1088 3218 dependet
1107 3183 1132 3210 a

129 3238 217 3277 Deo
239 3239 317 3277 sub
344 3240 507 3278 ratione
542 3239 730 3290 Deitatis,
762 3243 863 3282 licet
893 3246 1021 3284 etiam
1053 3245 1130 3285 de¬

127 3313 318 3363 pendeat
339 3324 362 3353 a
388 3314 689 3364 fundamento,
719 3321 766 3356 ut
800 3321 942 3359 tamen
975 3322 1026 3360 ab
1059 3321 1128 3361 illo

128 3388 350 3439 dependet
377 3402 462 3430 non
496 3391 649 3431 dicitur
685 3395 955 3447 Theologica,
991 3401 1033 3436 et
1069 3401 1129 3439 sic

125 3469 243 3516 patet
262 3467 397 3506 littera
420 3468 547 3517 hujus
578 3471 832 3520 quaestionis.

1241 504 1545 558 QUAESTIO
1618 507 1693 552 III
1768 507 1846 553 ET
1919 509 1982 553 IV
2054 507 2243 554 LATE¬

1625 581 1843 629 RALIS.

1241 713 1391 757 Utrum
1444 716 1675 771 Theologia
1718 718 1767 759 in
1809 731 1852 760 se
1876 719 1932 760 sit
1970 719 2151 759 scientia
2158 731 2167 767 ,
2204 725 2242 759 et

1292 796 1438 832 utrum
1487 793 1543 833 sit
1592 794 1775 835 scientia
1829 795 2132 836 suballernans
2175 793 2241 835 vel

1272 879 1275 907 .
1291 866 1605 911 subalternata.

1231 993 1366 1026 Alensis
1386 993 1414 1036 1.
1434 1000 1528 1036 part.
1548 1002 1672 1036 queest.
1695 998 1727 1029 1.
1753 1007 1799 1028 m.
1820 998 1855 1031 1.
1880 997 1985 1030 Divus
2004 998 2150 1029 Thomas
2160 1007 2242 1037 pri¬

1270 1036 1332 1068 ma
1350 1036 1517 1074 Sunimce,
1537 1043 1661 1075 queest.
1695 1038 1721 1068 1.
1755 1042 1827 1071 art.
1859 1039 1888 1069 2.
1916 1037 2106 1079 Uichardus
2118 1038 2239 1079 primo

1271 1075 1372 1109 Sent.
1397 1086 1428 1115 q.
1461 1078 1491 1108 2.
1527 1078 1681 1119 Prologi.
1721 1079 1898 1120 Durandus
1926 1079 2041 1120 primo
2074 1081 2233 1112 Sentem,

1271 1122 1393 1155 queest.
1411 1118 1444 1149 7.
1467 1117 1624 1160 Prologi.
1654 1118 1848 1151 Franciscus
1872 1119 1913 1151 de
1934 1121 2087 1160 Mayron.
2124 1129 2153 1160 q.
2182 1120 2233 1150 14.

1270 1157 1424 1198 Prologi.
1446 1158 1586 1192 Aureol.
1611 1161 1650 1190 in
1670 1159 1772 1192 Prol.
1792 1170 1879 1201 pag.
1898 1160 1948 1192 53.
1972 1160 2068 1193 Scot.
2090 1160 2122 1193 1.
2148 1159 2235 1198 Phy-

1268 1198 1329 1228 sic.
1358 1203 1479 1239 queest.
1504 1198 1531 1229 i.
1554 1201 1611 1231 ad.
1634 1200 1667 1233 1.

1285 1310 1448 1357 Juxta
1495 1310 1590 1357 hoc
1644 1325 1823 1370 quaero
1865 1330 1873 1358 :
1923 1314 1988 1372 (a)
2040 1315 2230 1362 Utrum

1226 1385 1513 1445 Theologia
1565 1387 1617 1433 in
1669 1401 1724 1433 se
1769 1388 1837 1435 sit
1885 1390 2124 1443 scientia,
2179 1393 2228 1437 et

1223 1465 1405 1510 utrum
1450 1464 1511 1509 ad
1556 1464 1788 1524 aliquam
1828 1465 2105 1513 scientiam
2146 1467 2230 1513 ha¬

1221 1539 1340 1587 beat
1377 1539 1733 1586 habitudinem
1778 1541 2009 1600 aliquam
2061 1543 2228 1589 subal-

1221 1614 1485 1661 ternantis
1534 1615 1618 1661 vel
1676 1615 2053 1664 subalternatae
2079 1622 2101 1663 ?
2153 1619 2225 1664 Ad

1220 1690 1452 1750 primum
1478 1691 1608 1744 dico,
1647 1692 1779 1750 quod
1808 1694 2037 1751 quatuor
2068 1693 2226 1751 indu-

1217 1767 1290 1814 dit
1326 1767 1549 1814 scientia
1590 1768 1778 1815 stricte
1819 1772 2047 1828 sumpta,
2090 1764 2225 1816 scili-

1219 1846 1301 1890 cet
1324 1844 1457 1903 quod
1479 1844 1549 1891 sit
1576 1845 1810 1903 cognitio
1839 1848 2002 1897 certa,
2027 1845 2124 1892 hoc
2145 1849 2225 1893 est

1217 1920 1412 1979 absque
1443 1921 1747 1980 deceptione
1785 1923 1835 1968 et
1878 1921 2219 1987 dubitatione,

1214 1995 1272 2040 de
1320 1996 1535 2055 cognito
1570 1997 1891 2048 necessario,
1928 2000 2147 2044 causata
2191 2007 2220 2042 a

1215 2084 1376 2118 causa
1414 2073 1652 2120 evidente
1697 2073 2008 2125 intellectui,
2057 2074 2218 2134 appli¬

1213 2149 1334 2192 cata
1367 2148 1428 2193 ad
1467 2148 1739 2205 cognitum
1786 2162 1880 2209 per
1918 2149 2216 2196 discursum

1213 2222 1622 2282 syllogisticum.
1677 2225 1799 2270 Haec
1851 2229 2111 2284 apparent
2155 2240 2218 2272 ex

1212 2299 1514 2345 definitione
1562 2303 1673 2345 scire
1677 2314 1688 2360 ,
1737 2301 1910 2360 primo
1953 2303 2220 2350 Posterio¬

1214 2388 1348 2421 rum.
1396 2375 1671 2428 Ultimum,
1730 2377 1932 2424 scilicet
1979 2379 2219 2426 causatio

1213 2451 1448 2498 scientiae
1477 2465 1571 2511 per
1596 2453 1899 2500 discursum
1922 2467 1952 2500 a
1974 2467 2138 2501 causa
2160 2456 2220 2500 ad

1211 2527 1432 2580 scitum,
1489 2528 1706 2576 includit
1765 2528 2218 2589 imperfectionem

1211 2617 1271 2649 ex
1297 2608 1449 2664 parte
1478 2605 1729 2659 scientiae,
1756 2608 1959 2654 scilicet
1989 2608 2122 2666 quod
2152 2609 2220 2655 sit

1209 2680 1428 2728 effectus
1460 2683 1781 2740 acquivccus,
1825 2686 1877 2730 et
1921 2683 2085 2730 etiam
2136 2697 2220 2744 po-

1209 2757 1588 2804 tentialitatem
1615 2772 1678 2804 ex
1718 2760 1869 2817 parte
1915 2758 2216 2806 intellectus

1211 2831 1544 2891 recipientis;
1582 2845 1711 2892 ergo
1753 2832 2041 2892 Theologia
2076 2835 2126 2880 in
2164 2849 2218 2881 se

1207 2918 1310 2951 non
1332 2910 1412 2953 est
1435 2906 1673 2961 scientia,
1711 2911 1967 2966 quantum
2001 2910 2061 2956 ad
2099 2910 2218 2957 ulti¬

1206 2993 1346 3027 mam
1405 2983 1761 3030 conditionem
1821 2984 2071 3037 scientiae,
2133 2988 2217 3033 sed

1208 3060 1460 3115 quantum
1491 3059 1552 3104 ad
1575 3060 1709 3105 alias
1742 3061 1855 3105 tres
1893 3060 2218 3108 conditiones

1204 3135 1285 3179 est
1328 3134 1549 3180 scientia
1584 3136 1636 3180 in
1671 3149 1724 3181 se
1765 3137 1815 3182 et
1858 3135 1911 3180 in
1947 3136 2218 3185 intellectu

1203 3209 1394 3257 divino.

1499 3355 1920 3397 COMMENTARIUS.

1252 3479 1307 3532 (a)
1325 3483 1458 3520 Jux'.a
1475 3483 1551 3521 hoc
1566 3495 1705 3532 quaero
1723 3487 1730 3523 :
1757 3487 1900 3524 Utrum
1931 3486 2150 3536 Theologia
2170 3490 2215 3528 in

1200 3566 1241 3594 se
1261 3557 1311 3594 sit
1329 3559 1535 3597 scientia?
1554 3559 1661 3598 Dicit
1684 3561 1838 3600 Doctor
1865 3561 1979 3611 quod
2002 3567 2209 3611 quantum

1202 3630 1256 3669 ad
1275 3630 1396 3671 istam
1418 3632 1722 3681 conditionem,
1739 3635 1856 3685 quod
1876 3636 1928 3675 sit
1947 3649 2025 3687 per
2046 3639 2208 3678 discur-
