3744 5616
1134 1087 1373 1137 QUjESTTO
1404 1089 1449 1128 III
1483 1088 1544 1126 ET
1575 1090 1623 1127 IV
1671 1088 1960 1130 LATERALIS.

2505 1088 2577 1127 185

480 1192 762 1240 scientiam
809 1192 1187 1251 Theologicam
1232 1194 1488 1252 quantam

478 1267 540 1314 ad
598 1281 778 1314 omnes
846 1268 1176 1316 conditiones
1232 1269 1485 1320 scientiae,

479 1344 601 1402 quia
644 1357 825 1390 omnes
878 1345 1203 1392 conditiones
1251 1345 1488 1391 scientise

477 1433 603 1466 vere
677 1425 1005 1468 concurrunt
1076 1421 1127 1466 in
1183 1421 1489 1480 cognitione

265 1464 276 1501 I
295 1470 317 1502 d
336 1473 467 1502 Anima-

298 1504 361 1544 tini
396 1497 408 1541 '
479 1497 786 1544 Beatorum.
844 1500 1155 1545 Auctoritas
1203 1500 1485 1556 Augustini

479 1583 584 1617 non
616 1571 779 1630 cogit,
809 1571 931 1631 quia
977 1570 1220 1632 loquitur
1242 1570 1491 1619 dubitati-

477 1660 539 1693 ve
571 1652 623 1695 et
663 1650 782 1703 cum
807 1650 925 1703 forte
928 1686 939 1702 ,
960 1662 1055 1695 nec
1096 1647 1222 1694 illud
1264 1648 1486 1695 intendit

476 1737 740 1776 asserere,
778 1725 866 1771 sed
916 1726 1054 1784 quod
1100 1725 1324 1772 verbum
1369 1739 1488 1771 nos-

476 1804 650 1847 strum
685 1814 795 1846 non
840 1801 910 1848 sit
942 1801 1148 1861 aequale
1175 1801 1340 1848 verbo
1371 1802 1483 1853 Dei,

473 1880 961 1938 quaniumeumque
990 1878 1213 1924 verbum
1238 1882 1487 1925 nostrum

473 1955 545 2003 sit
572 1954 886 2015 perfectum.
913 1954 1178 2002 Similiter
1206 1959 1381 2014 potest
1403 1968 1486 2001 ex¬

476 2033 601 2091 poni
657 2031 957 2078 auctoritas
1004 2032 1294 2091 Augustini
1324 2032 1384 2078 de
1415 2031 1490 2076 vi¬

475 2107 624 2154 sione
663 2107 820 2153 beata
865 2120 982 2166 quae
1024 2107 1244 2166 respicit
1280 2110 1489 2154 tantum

478 2182 789 2230 essentialia
816 2182 871 2228 in
888 2184 1017 2229 Deo.

784 2344 1207 2386 COMMENTARIUS.

211 2485 259 2914 !
342 2478 375 2533 *-
528 2481 587 2534 (a)
622 2485 772 2522 Utrum
803 2485 942 2520 autem
971 2481 1147 2519 scientia
1182 2486 1235 2529 stt
1263 2486 1487 2529 quantum,

480 2565 564 2601 etc.
584 2561 766 2600 Yidetur
782 2559 850 2597 hic
880 2560 1038 2597 Doctor
1069 2557 1124 2596 ad
1149 2557 1231 2596 hoc
1252 2558 1488 2603 declinare,

479 2639 600 2691 quod
639 2640 685 2678 in
721 2637 946 2677 intellecta
979 2638 1208 2675 Beatorum
1256 2637 1492 2687 Theologia

479 2717 613 2765 possit
661 2714 746 2754 dici
784 2714 983 2752 scientia,
1015 2713 1138 2751 etiam
1183 2716 1392 2763 quantum
1435 2712 1492 2752 ad

479 2792 598 2832 illam
645 2795 844 2843 quartam
882 2788 1194 2833 conditionem,
1216 2790 1318 2840 quia
1348 2794 1492 2839 potest

481 2871 646 2921 acquiri
673 2880 752 2919 per
774 2878 949 2907 causam
992 2868 1251 2917 applicatam
1277 2870 1381 2908 scito
1414 2879 1494 2918 per

481 2949 739 2993 discursum,
760 2948 822 2986 sic
849 2946 969 2998 quod
997 2947 1243 2985 intellectus
1272 2947 1392 2985 Beati
1427 2946 1489 2984 vi¬

482 3026 591 3067 dens
608 3028 653 3065 in
672 3025 859 3064 essentia
891 3025 1046 3068 divina,
1068 3028 1174 3074 puta
1207 3023 1491 3074 quidditatem

219 3107 239 3244 I
478 3104 680 3147 hominis,
701 3113 757 3152 ex
784 3112 869 3152 quo
891 3102 987 3141 talis
1006 3101 1225 3151 qoidditas
1262 3107 1311 3140 ut
1326 3101 1413 3140 visa
1447 3103 1491 3140 in

482 3183 670 3223 essentia
691 3181 849 3224 divina,
869 3181 1107 3219 virluaHter
1128 3182 1321 3219 continet
1338 3182 1490 3220 verita¬

483 3264 564 3306 tes,
584 3263 670 3298 etc.
700 3263 743 3297 et
776 3268 856 3307 per
885 3266 1159 3306 consequens
1197 3257 1291 3295 talis
1332 3258 1488 3296 veritas

482 3335 786 3379 conclusionis,
806 3335 896 3373 sive
932 3334 1081 3372 notitia
1101 3334 1386 3384 conclusionis
1409 3347 1487 3384 po¬

482 3418 567 3453 test
597 3422 698 3450 vere
721 3411 889 3450 causari
921 3420 945 3448 a
973 3410 1121 3449 notitia
1154 3409 1489 3458 praemissarum.

480 3491 587 3529 Nam
605 3490 717 3527 sicut
738 3487 984 3527 intellectas
999 3487 1198 3525 distincte
1220 3497 1490 3538 cognoscens

481 3566 718 3611 hominem,
731 3567 875 3614 potest
893 3564 1037 3603 statim
1056 3563 1241 3603 formare
1255 3565 1491 3614 premissas

211 3629 239 3896 I
482 3647 527 3682 et
562 3643 782 3693 applicare
818 3641 913 3679 illas
945 3640 1228 3688 conclusioni,
1261 3643 1318 3680 ita
1338 3642 1492 3681 videns

483 3721 624 3770 ipsum,
641 3720 862 3759 hominem
882 3719 926 3757 in
954 3719 1140 3757 essentia
1180 3718 1322 3758 divina
1349 3722 1493 3768 potest

485 3797 602 3837 idem
635 3797 800 3841 facere,
825 3801 873 3834 ut
901 3799 1024 3845 patet
1058 3797 1104 3835 in
1121 3795 1262 3834 littera
1279 3796 1489 3834 voctoris.

539 3875 738 3915 Secundo
784 3873 886 3912 dicit
922 3874 1081 3911 Doctor
1118 3870 1235 3921 quod
1279 3871 1494 3909 discursus

279 3967 456 3999 vWEus
487 3954 579 4004 (qui
588 3950 758 3991 formali
762 3956 829 3989 ter
844 3953 909 3989 est
929 3949 1061 3990 illatio
1098 3949 1404 3998 consequentis
1441 3959 1496 3986 ex

488 4028 796 4069 antecedente,
818 4033 862 4066 et
896 4026 1278 4067 fundamentaliter
1300 4029 1365 4064 est
1402 4026 1494 4064 duae

494 4121 565 4134 .-
745 4117 756 4144 :
914 4128 925 4130 -
967 4118 1008 4144 :::
1045 4115 1107 4144 :e:
1209 4115 1270 4143 m'
1293 4114 1330 4142 ::
1379 4115 1398 4142 e
1455 4115 1495 4142 z-

275 4183 327 4202 **'-
344 4180 468 4202 !BCin!
502 4194 611 4224 -ura.
636 4188 677 4223 e',
715 4188 777 4216 ter
781 4183 863 4216 min
870 4182 984 4219 a!.ive
1021 4182 1112 4224 ipsa
1152 4181 1365 4219 conclusio
1408 4190 1496 4218 non

307 4216 327 4237 fc
327 4222 359 4243 frn
368 4216 447 4237 fairrt.
486 4216 513 4235 ^

488 4260 665 4310 requirit
702 4259 1024 4298 successionem
1045 4256 1266 4306 temporis,
1296 4254 1378 4294 sed
1416 4264 1495 4293 na¬

491 4340 595 4376 ture
623 4338 804 4374 tantum,
825 4334 871 4373 id
908 4337 974 4372 est
1000 4343 1088 4373 nou
1124 4336 1190 4371 est
1235 4342 1419 4371 necesse
1450 4336 1497 4369 ut

490 4417 608 4465 prius
628 4419 823 4463 tempore
858 4415 1047 4451 sciantur
1084 4414 1323 4462 premisse,
1344 4414 1388 4449 et
1417 4422 1496 4459 po¬

491 4498 647 4536 sterius
667 4499 860 4544 tempore
881 4494 1095 4534 conclusio
1114 4506 1126 4539 ;
1147 4494 1218 4532 vel
1236 4491 1355 4543 quod
1381 4493 1496 4540 prius

1564 1198 1760 1244 tempore
1779 1197 1938 1234 sciatur
1950 1206 2032 1234 una
2057 1197 2285 1244 pr-emissa,
2304 1200 2346 1234 et
2358 1192 2571 1243 posterius

1566 1275 1762 1322 tempore
1781 1271 1860 1310 alia
1885 1274 2117 1322 praemissa.
2150 1274 2246 1321 quia
2271 1272 2364 1310 talis
2400 1280 2570 1310 succes-
2635 1276 2673 1305 iw
2694 1283 2751 1305 co~

2595 1316 2708 1350 ynif.io.
2726 1316 2784 1346 ae*i

1563 1346 1623 1385 sio
1666 1350 1830 1385 tantum
1867 1352 1933 1387 est
1968 1350 2011 1387 in
2049 1347 2271 1386 intellectu
2299 1345 2568 1396 imperfecto,
2604 1351 2613 1356 '
2637 1361 2768 1387 lautum

1779 1422 1786 1432 ,
2605 1397 2744 1428 «etualis
2761 1397 2811 1428 vi-

1563 1421 1806 1474 cujusmodi
1837 1426 1904 1461 est
1932 1424 2175 1462 intellectus
2212 1427 2362 1462 noster
2392 1433 2571 1473 conjun-
2694 1438 2738 1468 de

1562 1504 1674 1538 ctus.
1710 1498 1797 1538 Sed
1837 1498 1995 1539 sufficit
2030 1499 2086 1538 ad
2130 1509 2280 1539 veram
2330 1498 2573 1538 discursum

1560 1579 1776 1617 successio
1800 1581 1977 1625 natur*,
1994 1578 2051 1617 ita
2073 1577 2191 1628 quod
2219 1578 2367 1618 notitia
2390 1578 2572 1626 premis-

1560 1666 1718 1694 sarum.
1750 1656 1840 1694 sive
1861 1655 2076 1694 evidentia
2098 1655 2214 1705 prius
2237 1665 2288 1694 na
2297 1658 2388 1694 Lura
2409 1654 2574 1692 habea¬

1563 1737 1632 1771 tur
1659 1742 1792 1783 quam
1831 1733 1984 1771 notitia
2005 1732 2074 1770 vel
2094 1732 2304 1771 evidentia
2338 1731 2576 1772 conclusio¬

1559 1810 1639 1848 nis.
1663 1810 1713 1848 Et
1731 1809 1841 1848 ultra
1872 1809 1917 1848 in
1946 1808 2143 1847 discursu
2174 1809 2458 1860 syllogistico,
2500 1818 2578 1857 per

1564 1897 1696 1937 quem
1735 1886 1970 1936 acquiritur
1991 1896 2089 1924 vera
2121 1887 2318 1933 scientia,
2349 1887 2581 1935 requiritur

1571 1960 1690 2013 quod
1718 1963 1946 2011 praemissae
1974 1962 2059 2000 sint
2076 1963 2216 2012 magis
2248 1967 2362 2002 notae
2396 1961 2466 2000 vel
2493 1963 2582 2001 evi-

1568 2042 1805 2089 dentiores,
1844 2045 1888 2080 et
1925 2042 2143 2081 conclusio
2175 2042 2231 2080 sit
2266 2046 2366 2080 nota
2394 2051 2473 2089 per
2500 2049 2579 2079 no¬

1564 2122 1704 2160 titiam
1742 2122 2056 2170 praemissarum
2090 2121 2183 2159 sive
2213 2131 2291 2168 per
2321 2118 2584 2158 evidentiam

1560 2200 1888 2249 praemissarum,
1909 2200 1971 2238 sic
1990 2202 2034 2238 et
2052 2202 2173 2250 patet
2188 2197 2403 2249 quomodo
2427 2197 2585 2236 Beatus

1562 2277 1710 2323 potest
1726 2273 1838 2312 scire
1874 2273 2095 2312 hominem
2133 2283 2230 2313 esse
2266 2272 2489 2317 risibilem,
2518 2272 2579 2311 vi¬

1561 2348 1706 2388 dendo
1739 2349 2032 2399 quidditatem
2048 2350 2242 2389 hominis
2265 2351 2307 2388 in
2336 2349 2501 2387 lumine
2518 2358 2584 2387 es¬

1560 2427 1706 2464 sentiae
1726 2423 1893 2469 divinae,
1912 2429 1955 2462 et
1980 2426 2041 2463 sic
2062 2424 2305 2464 discurrere
2325 2422 2581 2473 applicando

1565 2509 1744 2539 causam
1791 2510 1871 2548 per
1908 2500 2152 2538 discursum
2179 2499 2497 2551 syllogisticum
2526 2496 2585 2536 ad

1561 2579 1704 2627 ipsum
1722 2576 1879 2615 scitum

1622 2656 1672 2695 Et
1691 2665 1790 2693 cum
1810 2654 1963 2695 dicitur
1981 2655 2032 2694 ah
2054 2657 2290 2707 Augustino
2316 2657 2367 2696 15
2397 2655 2451 2695 de
2466 2656 2579 2695 Trin.
2685 2655 2723 2688 4.

1565 2743 1603 2772 e.
1627 2732 1691 2771 16.
1718 2730 1789 2768 vel
1806 2730 1872 2768 41.
1903 2730 2071 2771 scilicet
2100 2730 2219 2779 quod
2253 2733 2474 2770 scientiam
2505 2741 2579 2770 no¬

1561 2813 1711 2854 stram,
1730 2806 1801 2845 vel
1817 2805 2042 2858 objectum
2066 2807 2279 2853 scientiae,
2309 2810 2431 2846 unico
2453 2809 2579 2846 intui¬

1563 2889 1608 2923 tu
1640 2883 1886 2928 videbimus,
1931 2882 2026 2922 dico
2059 2882 2179 2933 quod
2212 2886 2477 2934 Augustinus
2514 2884 2583 2920 Lo¬

1564 2960 1709 3009 quitur
1731 2958 1878 3002 dubie,
1903 2970 1998 2998 cum
2021 2959 2123 3008 dicit
2148 2961 2344 3008 fortasse,
2383 2963 2466 2997 etc.
2498 2969 2580 2998 nec

1564 3033 1670 3073 illud
1688 3033 1879 3072 intendit
1896 3045 2125 3083 asserere;
2143 3034 2224 3073 sed
2256 3035 2372 3086 quod
2391 3033 2574 3073 verbum

1560 3116 1757 3150 nostrum
1765 3115 1773 3149 (
1782 3111 1826 3150 id
1844 3116 1928 3158 est,
1956 3113 2142 3163 cognitio
2161 3112 2359 3151 distincta
2386 3111 2582 3150 essentiae
2603 3120 2652 3151 De
2670 3120 2800 3151 ratione

2618 3161 2791 3192 discursos

1560 3190 1603 3225 et
1624 3191 1924 3226 contentorum
1941 3198 1985 3225 in
2006 3198 2056 3226 ea
2077 3189 2312 3227 virtoaliter
2333 3189 2401 3227 vel
2420 3188 2576 3226 identi-
2618 3205 2785 3237 tri*sunt,

1562 3261 1628 3314 ce)
1644 3274 1731 3302 non
1751 3265 1805 3302 sit
1824 3263 1991 3314 aequale
2008 3263 2146 3301 Yerbo
2165 3264 2257 3311 Dei,
2272 3263 2318 3302 id
2331 3267 2400 3302 est
2424 3264 2582 3303 notitiae
2638 3255 2779 3315 yalmt.

1564 3343 1725 3392 genitae
1756 3353 1850 3391 quae
1875 3342 2172 3392 propriissime
2208 3344 2363 3382 dicitur
2392 3341 2579 3380 Yerbum

1563 3420 1660 3464 Dei,
1709 3430 1805 3469 quae
1851 3420 2001 3458 notitia
2036 3418 2350 3468 perfectissime
2379 3409 2581 3469 exprimit
2662 3408 2742 3439 Iimn
2742 3431 2756 3438 *

1561 3499 1818 3536 memoriam
1861 3495 2130 3543 fcecundam,
2166 3501 2214 3536 ut
2259 3495 2369 3536 infra
2409 3497 2578 3547 patebit

1564 3573 1656 3611 dist.
1679 3574 1743 3612 27.
1768 3575 1813 3611 et
1840 3575 1898 3613 sic
1939 3583 2028 3612 non
2056 3576 2243 3624 negatur
2274 3573 2366 3612 talis
2407 3572 2570 3611 discur¬

1564 3658 1639 3686 sus
1658 3659 1682 3686 a
1710 3648 1839 3686 beato
1863 3648 2101 3694 intellecta,
2123 3648 2192 3687 cui
2219 3659 2307 3687 una
2338 3648 2576 3698 proprietas

1564 3728 1705 3775 potest
1732 3735 1832 3764 esse
1860 3725 2040 3766 evidens
2074 3737 2129 3766 ex
2156 3726 2372 3766 evidentia
2404 3725 2576 3776 quiddi-

1563 3801 1679 3847 tatis,
1698 3804 1782 3839 etc.

1621 3880 1669 3917 Et
1707 3890 1761 3918 ex
1780 3880 1846 3918 Iiis
1874 3884 1994 3929 patet
2019 3892 2145 3929 quam
2180 3880 2232 3920 do
2280 3881 2325 3918 ia
2362 3880 2579 3919 intellectu
2618 3880 2789 3918 Quomodo

2617 3924 2798 3954 discursa»

1566 3956 1706 3996 divino
1730 3967 1819 3996 non
1837 3959 1891 3997 sit
1920 3958 2094 4007 proprie
2124 3958 2357 4004 discursus,
2377 3957 2578 3996 videlicet
2664 3971 2712 3993 esi
2734 3972 2755 3992 U
2755 3973 2771 3992 1

2603 4004 2778 4037 intellectu

1567 4037 1640 4084 qui
1671 4037 1725 4074 sit
1766 4047 1791 4073 a
1827 4038 1967 4087 magis
1999 4040 2099 4076 noto
2141 4035 2199 4075 ad
2234 4040 2375 4076 minus
2411 4041 2577 4082 nedum,
2641 4044 2766 4076 ddvm».

1566 4111 1668 4160 quia
1685 4111 1770 4149 hoc
1798 4111 1904 4151 di'dt
1922 4110 2320 4160 imperfectionem.
2347 4112 2497 4152 Potest
2520 4117 2580 4152 ta¬

1568 4201 1667 4229 men
1696 4191 1755 4229 ibi
1792 4201 1892 4229 esse
1912 4192 2135 4230 discursus
2163 4192 2470 4243 syllogisticus,
2517 4194 2578 4231 sic

1568 4266 1687 4317 quod
1704 4266 1824 4316 prius
1843 4271 1996 4306 natura
2026 4266 2192 4317 aliquid
2210 4272 2514 4319 cognoscatur,
2536 4273 2578 4307 et

1567 4346 1778 4394 posterius
1794 4348 1951 4384 natura
1970 4345 2108 4385 aliud,
2124 4348 2259 4393 patet,
2282 4347 2380 4396 quia
2406 4345 2578 4385 iDtelle-

1570 4424 1664 4459 ctus
1681 4421 1817 4459 Patris
1834 4424 1953 4471 prius
1991 4425 2143 4460 natura
2183 4426 2406 4473 cognoscit
2427 4432 2578 4461 essen¬

1571 4498 1672 4536 tiam
1691 4497 1875 4536 divinam
1895 4503 1941 4536 et
1975 4508 2151 4537 omnem
2179 4498 2497 4549 perfectionem
2514 4499 2579 4540 in-
