2682 3979
380 358 621 401 trinsecam,
645 359 687 394 et
707 357 915 405 posterius
932 361 1081 396 natura
1103 355 1380 406 quidditates,

379 435 447 473 vel
465 432 580 483 quod
613 435 728 483 prius
751 437 898 472 natura
921 435 1140 484 cognoscit
1171 430 1380 482 quiddila-

384 514 467 549 lein
497 510 694 556 hominis,
717 514 759 550 et
790 511 1002 561 posterius
1038 514 1190 549 natura
1230 510 1380 548 verita¬

385 589 448 625 tes
468 586 654 626 inclusas
689 587 732 626 in
771 586 1008 636 quidditate
1048 585 1255 632 hominis;
1296 592 1381 624 non

389 666 531 702 tamen
555 664 608 703 ibi
631 667 695 702 est
734 662 966 710 discursus,
999 663 1056 702 ita
1090 661 1207 712 quod
1230 671 1378 710 proce¬

389 738 514 778 datur
551 749 573 777 a
607 740 740 790 magis
769 743 870 780 nolo
911 740 964 780 ad
986 739 1124 778 minus
1154 740 1317 784 notum,
1341 740 1384 775 et

384 813 496 865 quod
518 814 660 853 notitia
682 816 807 854 unius
827 817 880 855 sit
901 826 920 854 a
957 825 1083 854 causa
1104 814 1261 852 notitiae
1284 813 1383 851 alte¬

380 891 481 939 rius,
518 901 614 929 cum
638 891 724 930 hfec
756 892 897 930 omnia
926 890 1147 930 includant
1180 887 1384 938 imperfe¬

384 972 580 1009 ctionem.

436 1058 519 1096 Sed
542 1058 607 1096 hic
628 1060 858 1096 occurrunt
871 1057 1019 1108 aliquae
1041 1055 1312 1094 difficultates
1332 1065 1384 1094 ex

386 1133 508 1174 dictis
526 1135 732 1173 Doctoris.
756 1133 1018 1182 Prima,quia
1041 1134 1198 1172 Doctor
1216 1132 1306 1171 vult
1341 1132 1384 1169 in

384 1213 605 1260 quaestione
616 1211 665 1249 de
678 1210 860 1258 subjecto
881 1208 1248 1259 Theologiae,quod
1274 1209 1387 1246 Deus

384 1289 463 1326 sub
496 1290 659 1326 ratione
680 1286 872 1331 Deitatis,
897 1285 949 1323 sit
967 1284 1211 1334 subjectum
1246 1284 1384 1322 Theo¬

385 1365 509 1416 logiae
529 1365 620 1411 Dei,
639 1368 680 1402 et
709 1364 764 1402 ibi
796 1363 882 1402 vult
899 1362 1017 1412 quod
1044 1362 1277 1414 Theologia
1311 1362 1386 1400 Dei

384 1443 437 1479 sit
457 1439 634 1479 evidens
656 1450 708 1478 ex
739 1438 951 1489 subjecto,
982 1440 1035 1476 ita
1085 1438 1201 1488 quod
1239 1437 1385 1488 subje¬

383 1518 496 1554 ctum
527 1519 574 1555 ut
596 1518 730 1565 primo
762 1518 927 1560 notum,
966 1515 1160 1553 continet
1189 1513 1388 1552 veritates

385 1595 652 1633 necessarias
697 1592 978 1641 Theologicas
1007 1603 1016 1637 ;
1070 1600 1172 1641 ergo
1222 1588 1390 1627 videtur

385 1667 501 1716 quod
531 1668 775 1707 intellectus
797 1666 962 1706 divinus
995 1675 1096 1704 vere
1137 1665 1344 1704 discurrat
1365 1674 1386 1702 a

384 1744 521 1794 magis
542 1745 642 1782 noto
665 1743 719 1782 ad
751 1744 887 1782 minus
910 1745 1076 1781 notum.

435 1832 656 1878 Praeterea,
678 1831 720 1869 in
736 1830 805 1869 illa
828 1830 1060 1880 quaestione
1085 1832 1092 1869 :
1124 1832 1180 1868 An
1204 1832 1311 1868 Deus
1338 1830 1390 1868 sit

379 1908 610 1956 subjectum
626 1906 857 1955 Theologiae
871 1907 945 1945 sub
963 1906 1281 1954 aliquciratione
1289 1915 1378 1953 spe¬

383 1989 498 2035 ciali,
505 1987 607 2027 dicit
628 1987 744 2037 quod
761 1988 947 2038 cognitio
958 1986 1142 2037 subjecti
1153 1988 1217 2024 est
1229 1983 1390 2034 perfec¬

383 2065 541 2104 tissima
571 2065 612 2102 in
652 2063 831 2104 scientia
870 2063 992 2113 cujus
1003 2066 1068 2102 est
1115 2062 1386 2113 subjectum;

384 2140 426 2177 et
483 2140 525 2177 in
575 2139 798 2188 quaestione
844 2139 1086 2178 immediate
1114 2139 1373 2187 praecedente
1378 2169 1387 2184 ,

386 2213 474 2251 vult
517 2211 632 2262 quod
672 2212 856 2262 cognitio
912 2211 1096 2261 subjecti
1153 2211 1195 2250 in
1250 2211 1390 2261 aliqua

383 2290 554 2328 scientia
599 2289 651 2327 sit
691 2289 939 2339 simpliciter
976 2288 1211 2328 distinctior
1244 2287 1388 2338 cogni¬

382 2368 496 2405 tione
529 2366 840 2417 cujuscumque
870 2367 1044 2406 alterius
1065 2364 1320 2405 considerati
1347 2366 1389 2402 in

384 2443 454 2481 tali
470 2443 659 2487 scientia,
684 2445 726 2480 et
751 2453 829 2492 per
849 2452 1122 2493 consequens
1146 2443 1238 2481 talis
1254 2441 1388 2480 scien¬

385 2521 439 2559 tia
470 2520 547 2558 erit
576 2519 734 2566 notior,
760 2523 802 2559 et
830 2521 889 2558 sic
920 2521 1075 2569 poterit
1095 2519 1334 2558 discurrere
1367 2530 1390 2557 a

383 2597 521 2646 magis
534 2599 635 2635 noto
658 2596 712 2634 ad
733 2597 872 2635 minus
893 2601 1056 2637 notum.
1074 2597 1160 2636 Nec
1175 2596 1288 2635 valet
1329 2595 1391 2634 di¬

386 2682 500 2719 cere,
519 2672 636 2723 quod
649 2683 733 2713 non
757 2678 822 2712 est
835 2675 892 2713 ibi
913 2674 1127 2714 successio
1151 2672 1390 2713 secundum

387 2749 504 2797 prius
525 2751 567 2787 et
587 2749 800 2797 posterius
830 2751 995 2795 natura,
1020 2749 1117 2799 quia
1147 2750 1392 2798 oppositum

390 2824 611 2873 probatum
643 2826 707 2862 est
727 2834 871 2873 supra,
895 2835 946 2863 ex
968 2824 1090 2863 dictis
1104 2823 1311 2864 Doctoris.

452 2926 568 2973 Dico,
593 2926 708 2976 quod
730 2928 784 2966 ad
802 2937 948 2967 verum
971 2926 1226 2971 discursum,
1242 2928 1284 2965 in
1309 2935 1391 2975 quo

389 3004 636 3054 proceditur
665 3016 686 3044 a
709 3008 843 3056 magis
858 3008 959 3044 noto
983 3005 1035 3044 ad
1063 3006 1202 3044 minus
1230 3008 1392 3050 notum,

392 3081 621 3131 requiritur
641 3082 881 3121 secundum
911 3083 1093 3132 aliquos,
1117 3081 1230 3132 quod
1249 3080 1395 3120 notitia

392 3158 678 3196 conclusionis
715 3158 767 3197 sit
803 3169 904 3197 vere
955 3160 1127 3196 causata
1175 3167 1198 3195 a
1246 3156 1396 3195 notitia

392 3233 727 3281 praemissarum;
752 3236 834 3272 tota
858 3236 1002 3272 autem
1033 3232 1216 3284 cognitio
1255 3232 1392 3271 Theo¬

392 3308 528 3358 logica
548 3309 591 3347 in
606 3309 830 3347 intellectu
859 3309 1016 3355 divino,
1040 3311 1104 3347 est
1121 3312 1283 3347 tantum
1305 3317 1394 3346 una

389 3383 621 3424 intellectio
653 3383 808 3422 eadem
829 3385 924 3430 sibi,
954 3389 996 3422 ut
1030 3387 1147 3433 patet
1166 3384 1207 3422 rn
1246 3384 1323 3421 isto
1350 3383 1385 3421 1.

391 3460 483 3497 dist.
502 3460 540 3498 2.
563 3459 662 3497 licet
683 3461 830 3507 posset
851 3457 1123 3497 diversificari
1152 3457 1396 3497 secundum

392 3534 520 3572 alium
558 3537 600 3572 et
639 3533 766 3572 alium
802 3537 1048 3583 respectum
1088 3533 1143 3573 ad
1173 3532 1289 3572 aliud
1352 3534 1394 3570 et

393 3609 509 3651 aliud
539 3610 771 3662 objectum,
793 3614 840 3648 ut
869 3613 988 3660 palet
1025 3620 1047 3648 a
1085 3609 1265 3651 Doctore
1293 3609 1336 3647 in
1358 3610 1392 3649 1.

1451 356 1544 395 dist.
1563 356 1626 395 39.
1647 360 1687 395 et
1706 357 1766 395 sic
1788 356 1947 396 eadem
1965 358 2113 396 notitia
2133 367 2219 395 non
2243 358 2381 405 potest
2402 352 2458 391 di¬

1462 432 1498 469 ci
1521 433 1659 482 magis
1686 436 1725 470 et
1748 433 1884 470 minus
1901 435 2016 472 nota.

2481 543 2482 573 Secu
1508 508 1607 547 Dico
1649 509 1858 555 secundo,
1891 508 2011 558 quod
2041 507 2120 546 elsi
2158 506 2200 544 in
2229 504 2462 573 Theologia

1453 581 1495 620 in
1515 593 1562 620 se
1584 582 1747 631 possint
1777 583 1947 622 formari
1978 581 2218 632 praemissae,
2247 583 2288 619 et
2319 591 2372 619 ex
2400 580 2464 618 his

1457 656 1582 696 educi
1604 658 1837 705 conclusio,
1869 659 1923 696 ita
1957 656 2072 708 quod
2094 656 2241 696 notitia
2280 654 2463 705 praemis¬

1451 742 1596 772 sarum
1616 735 1667 772 sit
1697 734 1936 773 evidentior
1968 732 2117 772 notitia
2149 730 2457 776 conclusionis,

1455 808 1535 846 hoc
1558 811 1722 847 tantum
1755 809 1834 848 erit
1866 819 2011 848 verum
2043 811 2089 847 ut
2113 810 2381 856 comparatur
2401 805 2465 844 in¬

1460 884 1645 922 tellectui
1669 888 1826 931 creato,
1850 885 1920 934 qui
1943 887 2082 934 potest
2102 883 2261 921 habere
2277 881 2401 919 aliam
2424 883 2466 920 et

1456 957 1580 997 aliam
1609 959 1799 998 notitiam
1838 963 2041 1009 respectu
2074 959 2384 1008 praemissarum
2415 957 2457 994 et

1462 1033 1761 1078 conclusionis,
1787 1037 1928 1073 tamen
1955 1035 2034 1072 hoc
2063 1044 2147 1072 non
2170 1034 2234 1072 est
2254 1042 2404 1071 verum
2423 1032 2464 1069 in

1459 1108 1680 1149 intellectu
1711 1107 1866 1153 divino,
1913 1108 1984 1157 qui
2018 1110 2181 1146 lanium
2220 1109 2362 1156 potest
2392 1106 2459 1144 ha¬

1460 1182 1564 1221 bere
1586 1192 1716 1221 unam
1738 1181 1931 1220 notitiam
1952 1181 2158 1221 omnium.

1513 1257 1614 1296 Dico
1636 1257 1773 1304 tertio,
1808 1256 1925 1307 quod
1947 1259 2074 1296 etiam
2102 1258 2238 1306 posito
2261 1255 2378 1306 quod
2398 1258 2464 1308 in-

1463 1339 1657 1377 tellectus
1686 1339 1840 1378 beatus
1884 1340 2054 1377 creatus
2074 1347 2159 1376 una
2190 1336 2369 1386 simplici
2397 1349 2464 1376 co¬

1461 1415 1654 1465 gnitione
1694 1415 1830 1462 possit
1867 1414 2393 1464 cognoscere^praemissas
2427 1415 2468 1452 et

1464 1487 1798 1534 conclusionem,
1835 1492 1877 1527 et
1901 1488 2102 1530 .similiter
2131 1488 2376 1526 intellectus
2407 1486 2466 1526 di¬

1462 1563 1601 1608 vinus,
1625 1567 1768 1601 tamen
1810 1563 2054 1602 intellectus
2094 1564 2263 1601 creatus
2312 1563 2469 1611 poterit

1465 1637 1704 1677 discurrere
1726 1649 1749 1676 a
1770 1639 1906 1690 magis
1929 1642 2030 1677 nolo
2052 1638 2107 1677 ad
2127 1639 2268 1677 minus
2300 1640 2466 1683 notum,

1462 1714 1517 1752 ita
1542 1714 1656 1763 quod
1678 1713 1831 1752 eadem
1853 1715 2013 1760 notitia,
2045 1716 2092 1751 ut
2133 1713 2382 1752 terminatur
2414 1713 2467 1752 ad

1464 1794 1713 1842 praemissas,
1746 1794 1824 1832 erit
1846 1793 2083 1833 evidentior
2121 1805 2168 1833 se
2197 1794 2290 1844 ipsa
2310 1797 2356 1832 uL
2388 1797 2464 1833 ter¬

1463 1870 1646 1908 minatur
1676 1869 1730 1908 ad
1752 1870 2088 1916 conclusionem,
2128 1871 2225 1921 quia
2256 1870 2466 1910 evidentia

1466 1946 1749 1985 conclusionis
1783 1949 1848 1985 est
1885 1946 1937 1985 ab
1979 1946 2191 1986 evidentia
2231 1947 2467 1995 praemissa¬

1462 2031 1573 2068 rum,
1608 2025 1650 2060 et
1689 2022 1804 2070 prius
1834 2024 1987 2060 natura
2011 2022 2100 2061 talis
2132 2022 2282 2060 notitia
2326 2025 2469 2072 potest

1464 2096 1681 2136 terminari
1702 2096 1757 2135 ad
1786 2099 2038 2147 praemissas,
2064 2100 2107 2136 et
2138 2099 2350 2146 posterius
2395 2107 2467 2136 na¬

1465 2173 1558 2209 tura
1580 2170 1633 2210 ad
1652 2172 1984 2211 conclusionem.
2017 2173 2131 2211 Licet
2158 2183 2260 2222 ergo
2296 2172 2468 2211 realiter

1462 2257 1551 2285 non
1597 2246 1760 2285 dicatur
1798 2249 1932 2294 magis
1975 2248 2044 2286 vel
2086 2247 2226 2286 minus
2266 2247 2459 2294 evidens,

2479 2321 2483 2348 actu
1463 2322 1703 2364 secundum
1743 2326 1883 2361 tamen
1923 2323 2110 2362 diversas
2134 2322 2456 2362 terminationes

1462 2401 1607 2449 potest
1644 2396 1723 2436 dici
1745 2398 1881 2449 magis
1911 2399 1979 2437 vel
2015 2399 2156 2437 minus
2191 2399 2383 2438 evidens.
2406 2391 2483 2438 Ex"

1461 2475 1542 2514 hoc
1563 2474 1676 2512 enim
1707 2475 1822 2524 quod
1855 2474 2102 2514 terminatur
2131 2477 2186 2513 ad
2206 2474 2466 2524 propositio¬

1462 2560 1563 2589 nem
1601 2561 1680 2599 per
1725 2560 1772 2588 se
1819 2553 1977 2597 nolam,
2028 2549 2179 2589 dicitur
2206 2553 2384 2599 propter
2415 2561 2462 2589 se

1464 2626 1639 2666 evidens
1658 2638 1665 2673 ;
1697 2629 1745 2664 ut
1766 2636 1862 2664 vero
1882 2627 2130 2665 terminatur
2150 2626 2203 2665 ad
2226 2626 2469 2665 conclusio¬

1464 2712 1564 2742 nem
1584 2705 1728 2741 natam
1748 2700 1836 2741 fieri
1861 2702 2105 2742 evidentem
2126 2703 2178 2741 ab
2200 2702 2296 2748 alio,
2321 2701 2470 2741 dicitur

1464 2782 1640 2830 propter
1661 2778 1776 2817 aliud
1798 2777 1990 2817 evidens.

1521 2856 1570 2894 Et
1584 2854 1701 2905 quod
1716 2855 1957 2893 intellectus
1971 2854 2125 2893 beatus
2144 2856 2313 2892 creatus
2336 2855 2471 2904 possit

1465 2929 1590 2968 unico
1607 2931 1704 2967 actu
1718 2927 1897 2977 simplici
1912 2938 2175 2979 cognoscere
2193 2928 2331 2966 omnia
2350 2929 2390 2966 in
2408 2938 2470 2966 es¬

1465 3004 1600 3042 sentia
1618 3003 2178 3052 divina,patetaDoctorem
2197 3003 2233 3041 3.
2248 3004 2286 3041 d.
2305 3003 2362 3051 14-
2378 3014 2414 3051 q.
2430 3005 2467 3042 2.

1468 3085 1504 3119 et
1546 3081 1586 3118 in
1608 3079 1806 3128 Quodl.q.
1825 3079 1887 3118 15.
1915 3078 2158 3117 Intellectus
2177 3089 2277 3118 vero
2307 3078 2472 3118 divinus

1469 3158 1547 3194 etsi
1564 3164 1690 3193 umeo
1710 3158 1750 3193 et
1774 3154 2083 3203 simplicissimo
2113 3157 2209 3192 actu
2241 3158 2472 3204 cognoscat

1467 3231 1623 3275 omnia,
1658 3232 1700 3268 et
1747 3231 1984 3278 praemissas
2015 3232 2056 3267 et
2085 3228 2401 3275 conclusiones,
2427 3232 2470 3268 et

1470 3303 1790 3357 quodammodo
1821 3305 1938 3354 prius
1975 3306 2127 3342 natura
2160 3302 2397 3352 praemissas
2431 3299 2472 3344 et

1470 3381 1682 3432 posterius
1711 3380 2022 3426 conclusiones,
2045 3390 2132 3418 non
2154 3382 2292 3419 tamen
2314 3381 2471 3429 poterit

1472 3456 1553 3495 dici
1589 3456 1726 3506 magis
1758 3456 1842 3500 vel.
1858 3455 1996 3494 minus
2019 3453 2211 3501 evidens,
2241 3465 2322 3494 nec
2349 3455 2392 3494 in
2423 3466 2470 3494 se

1469 3533 1658 3579 realiter,
1679 3543 1761 3571 nec
1790 3534 1966 3581 propter
1985 3531 2110 3569 aliam
2154 3535 2196 3570 et
2234 3531 2358 3569 aliam
2385 3534 2468 3570 ter¬

1472 3609 1766 3655 minationem,
1801 3608 1898 3661 quia
1921 3617 2047 3647 omne
2071 3606 2186 3659 quod
2224 3610 2347 3647 sonat
2392 3607 2469 3645 im-
