2653 3979
150 338 461 389 perfectionem
491 334 809 376 excludendum
842 339 905 374 est
938 335 990 374 ab
1029 335 1150 374 intel¬

148 413 262 453 lectu
310 412 467 453 divino.
517 413 622 451 Nam
671 409 854 450 essentia
895 408 1034 448 divina
1073 410 1150 448 im¬

148 492 332 532 mediate
372 493 518 529 movet
549 488 815 527 intellectum
852 484 1044 524 divinum
1095 483 1150 522 ad

149 567 440 617 cognilionem
474 563 678 608 omnium,
698 561 752 600 ita
773 557 963 610 perfecte
998 556 1053 596 ad
1080 568 1142 597 co¬

145 642 382 692 gnitionem
399 640 542 685 unius,
565 640 674 678 sicut
711 636 899 682 alterius,
940 635 995 673 ita
1033 632 1149 683 quod

149 717 335 767 cognitio
358 717 484 755 unius
505 724 590 753 non
605 712 758 752 dicitur
779 709 955 750 evidens
978 710 1152 758 propter

148 793 440 844 cognitionem
471 789 662 830 alterius.

200 867 298 905 Dico
313 867 436 912 ultra,
461 865 577 917 quod
606 862 851 904 intellectus
888 860 1056 899 divinus
1080 869 1149 898 co¬

144 943 313 991 gnoscit
341 942 494 988 omnia,
525 944 572 981 ut
600 940 642 978 in
659 938 846 978 essentia
877 936 1016 976 divina
1039 936 1150 974 clare

143 1016 247 1062 visa,
296 1019 338 1054 et
366 1025 452 1056 non
491 1025 625 1054 unum
663 1023 740 1064 per
786 1011 922 1058 aliud,
965 1014 1011 1049 ut
1049 1009 1150 1050 dicit

144 1093 301 1141 Doctor
340 1103 377 1141 q.
422 1093 481 1136 15.
506 1089 697 1136 Quodlib.
731 1089 883 1128 Essent
902 1087 1030 1125 etiam
1061 1085 1152 1124 aliae

146 1166 432 1215 difficultates,
452 1178 558 1218 quas
578 1166 795 1205 brevitatis
817 1174 947 1203 causa
961 1165 1150 1213 pertran-

145 1254 234 1289 860.
268 1247 310 1283 et
329 1243 437 1284 forte
475 1244 578 1282 alias
599 1241 939 1281 declarabuntur.

518 1369 782 1404 SGHOLIUM.

195 1505 380 1550 Explicat
399 1503 501 1539 bene
540 1502 738 1548 quomodo
778 1502 1069 1546 contingentia,
1112 1504 1155 1537 ut

147 1571 356 1616 pertinent
375 1568 425 1603 ad
446 1567 718 1612 Theologiam,
754 1569 846 1602 nata
871 1568 966 1601 sunt
1004 1566 1154 1601 habere

148 1635 331 1670 notitiam
341 1635 492 1668 certam
512 1633 550 1666 et
563 1630 810 1672 evidentem,
821 1631 913 1675 quia
923 1630 1155 1675 possuntsic

149 1697 283 1734 videri
313 1698 354 1732 in
375 1696 529 1741 objecto
550 1695 803 1739 Theologico,
826 1697 958 1730 tamen
980 1695 1156 1739 cognitio

149 1761 197 1798 de
219 1762 277 1797 eis
300 1771 375 1797 non
393 1763 451 1796 est
473 1760 655 1802 scientia,
683 1762 723 1794 ut
761 1760 962 1804 accipitur
981 1769 1002 1794 a
1020 1758 1156 1794 Philo¬

149 1826 286 1871 sopho,
308 1826 402 1871 quia
424 1825 480 1860 sic
501 1827 675 1870 accepta,
698 1825 796 1870 petit
816 1824 1096 1860 necessitatem
1113 1824 1155 1859 in

151 1891 302 1936 objecto
335 1902 344 1935 ;
386 1890 517 1934 magis
554 1889 807 1925 assimilatur
829 1888 984 1924 habitui
999 1889 1157 1933 princi¬

149 1955 323 2000 piorum.

210 2067 304 2114 Sed
327 2067 467 2113 aliud
488 2066 700 2113 dubium
733 2069 800 2125 (a)
825 2070 906 2114 est
948 2068 1000 2113 in
1051 2067 1155 2115 ista

153 2142 457 2202 quaestione,
501 2143 622 2200 quia
652 2142 787 2189 sicut
835 2144 896 2189 ad
940 2143 1154 2189 Theolo¬

152 2218 293 2278 giam
333 2218 600 2278 pertinent
627 2218 947 2271 necessaria,
987 2219 1060 2267 si.c
1103 2221 1153 2265 et

151 2295 530 2354 contingentia.
563 2296 704 2348 Quod
728 2297 871 2354 patet
899 2296 957 2342 de
991 2295 1155 2342 Theo¬

152 2371 293 2430 logia
316 2374 517 2423 nostra,
551 2371 672 2430 quia
709 2385 889 2417 omnes
935 2372 1155 2419 articuli

151 2448 209 2494 de
232 2448 599 2494 incarnatione
623 2450 744 2494 sunt
766 2448 824 2493 de
852 2448 1154 2508 contingen¬

153 2524 308 2571 tibus.
354 2526 412 2570 In
452 2524 738 2583 Theologia
770 2525 932 2571 etiam
971 2526 1155 2573 Beato¬

155 2614 273 2646 rum
296 2603 456 2660 patet,
495 2600 614 2660 quia
667 2600 844 2646 omnia
883 2602 1156 2660 cognosci¬

153 2676 279 2723 bilia
312 2678 370 2724 de
409 2677 517 2723 Deo
552 2676 604 2722 in
628 2679 871 2736 respectu
909 2677 970 2722 ad
1013 2691 1155 2724 crea¬

152 2755 305 2799 turas
347 2755 519 2805 extra,
554 2755 673 2799 sunt
712 2753 771 2800 de
811 2754 1157 2813 contingenti¬

152 2830 262 2876 bus.
292 2831 366 2876 De
405 2829 830 2888 contingentibus
854 2833 1032 2878 autem
1053 2846 1158 2878 non

152 2905 361 2952 videtur
382 2918 537 2964 posse
569 2918 685 2951 esse
717 2905 956 2960 scientia,
991 2921 1054 2953 ex
1080 2909 1157 2955 de¬

153 2980 390 3027 finitione
425 2980 658 3026 scientiae
677 2997 685 3032 ;
722 2993 849 3039 ergo
890 2995 994 3027 non
1020 2983 1159 3030 vide¬

155 3061 244 3105 tur
265 3058 399 3117 quod
427 3057 714 3118 Theologia
742 3061 799 3106 ut
833 3061 1065 3108 extendit
1105 3076 1158 3108 se

154 3135 215 3180 ad
236 3134 412 3180 omnia
435 3134 539 3181 ista
567 3136 834 3188 contenta,
861 3138 1040 3194 posset
1073 3137 1158 3183 ha¬

153 3209 276 3255 bere
304 3209 568 3256 rationem
597 3209 847 3263 scientiae,
886 3211 995 3256 sive
1040 3226 1158 3259 cum

153 3285 394 3331 discursu
425 3285 533 3332 sive
572 3300 692 3332 non.

212 3362 309 3408 Hic
331 3361 460 3415 dico,
487 3363 619 3422 quod
646 3363 699 3408 in
737 3363 958 3410 scientia
992 3364 1161 3422 perfe¬

154 3437 344 3484 ctionis
365 3440 446 3484 est
469 3439 600 3498 quod
632 3439 700 3486 sit
727 3439 934 3486 evidens
975 3441 1026 3485 et
1049 3454 1161 3486 cer¬

151 3515 222 3558 ta.
249 3515 390 3566 Quod
427 3517 602 3562 autem
649 3514 717 3562 sit
761 3515 819 3561 de
859 3516 1159 3562 necessario

156 3589 374 3649 objecto,
412 3591 521 3638 haec
566 3595 647 3638 est
680 3591 909 3639 conditio
951 3593 1159 3653 objecti,

1225 345 1328 378 non
1390 332 1713 391 cognitionis
1738 368 1747 385 ,
1809 333 1930 392 quia
1959 335 2232 392 quantum-

1224 420 1446 466 cumque
1475 407 1700 454 scientia
1736 409 1803 454 sit
1832 410 1891 455 de
1909 409 2230 460 necessario,

1226 483 1341 542 ipsa
1380 484 1432 530 in
1473 497 1527 530 se
1552 486 1728 543 potest
1766 498 1881 530 esse
1921 485 2234 544 contingens

1224 560 1274 605 et
1299 572 1393 618 per
1423 559 1740 606 oblivionem
1762 560 1941 606 deleri.
1973 561 2026 608 Si
2070 561 2236 620 igitur

1225 635 1402 694 aliqua
1449 636 1555 682 alia
1588 635 1821 695 cognitio
1862 639 1943 684 est
1987 640 2136 684 certa
2185 640 2237 685 et

1224 710 1449 765 evidens,
1481 715 1532 758 et
1561 715 1815 771 quantum
1844 714 1923 759 est
1959 713 2017 758 de
2040 727 2094 760 se
2123 726 2235 772 per¬

1224 789 1400 846 petua,
1436 788 1551 847 ipsa
1577 788 1785 835 videtur
1815 789 1866 834 in
1906 802 1960 835 se
1994 788 2234 836 formali-

1222 866 1308 912 ter
1337 864 1627 923 perfectior
1656 878 1813 923 quam
1849 865 2086 918 scientia,
2116 879 2232 924 quae

1227 941 1454 1000 requirit
1483 941 1856 988 necessitatem
1894 941 2100 1002 objecti.
2139 942 2233 989 Sed

1226 1016 1590 1076 contingentia
1612 1019 1669 1064 ut
1694 1016 1962 1075 pertinent
1985 1017 2046 1064 ad
2073 1016 2234 1063 Theo¬

1228 1092 1441 1150 logiam,
1472 1094 1597 1138 nata
1633 1095 1752 1138 sunt
1788 1091 1983 1138 habere
2013 1093 2234 1151 cogniti¬

1229 1182 1380 1214 onem
1435 1171 1640 1216 certam
1694 1172 1745 1216 et
1802 1169 2111 1218 evidentem,
2182 1172 2233 1217 et

1228 1246 1479 1303 quantum
1503 1246 1583 1291 est
1616 1257 1680 1290 ex
1709 1247 1860 1303 parte
1889 1244 1985 1297 sui,
2031 1244 2234 1291 eviden¬

1226 1319 1357 1365 tiam
1381 1322 1708 1379 perpetuam.
1760 1321 1872 1366 Hoc
1901 1323 2067 1380 patet,
2113 1321 2229 1379 quia

1227 1394 2235 1455 omniacontingentiaTheologicasunt

1225 1474 1351 1517 nata
1378 1471 1546 1518 videri
1567 1472 1619 1518 in
1649 1472 1819 1531 primo
1845 1472 2049 1531 objecto
2079 1472 2237 1518 Theo¬

1224 1545 1418 1603 logico,
1449 1549 1501 1592 et
1529 1546 1580 1592 in
1608 1546 1786 1592 eodem
1816 1549 1942 1593 nata
1969 1549 2048 1594 est
2070 1546 2238 1592 videri

1226 1622 1530 1682 conjunctio
1560 1622 1788 1669 istarum
1808 1623 2099 1670 veritatum
2123 1636 2240 1669 con¬

1229 1697 1565 1755 tingentium.

1285 1773 1433 1820 Visio
1463 1776 1640 1820 autem
1675 1774 1738 1834 (b)
1767 1775 2134 1821 extremorum
2162 1790 2244 1822 ve¬

1233 1849 1414 1897 ritatis
1449 1850 1804 1910 contingentis
1832 1853 1882 1898 et
1918 1851 2128 1898 unionis
2161 1865 2242 1898 eo¬

1232 1939 1368 1982 rum,
1395 1927 1698 1973 necessario
1728 1931 1914 1974 causat
1947 1928 2240 1977 evidentem

1230 2003 1603 2050 certitudinem
1635 2004 1693 2050 de
1734 2004 1830 2051 tali
1864 2005 2094 2053 veritate
2136 2006 2240 2053 evi-

1229 2079 1394 2125 dente.
1427 2081 1692 2131 Quantum
1715 2081 1794 2126 est
1817 2080 1980 2126 etiam
1995 2095 2059 2127 ex
2084 2084 2237 2141 parte

1231 2155 1422 2213 objecti
1449 2154 1754 2214 Theologici
1796 2157 2120 2204 ostendentis
2162 2161 2237 2205 ta¬

1228 2229 1299 2275 lia
1331 2244 1474 2283 vera,
1507 2233 1633 2278 nata
1673 2234 1794 2278 sunt
1833 2231 2000 2278 videri
2042 2233 2094 2279 in
2140 2233 2236 2281 tali

1232 2305 1437 2366 objecto
1479 2310 1735 2366 perpetuo
1786 2311 2041 2366 quantum
2081 2323 2145 2355 ex
2185 2324 2239 2356 se

1228 2384 1328 2434 est;
1367 2381 1534 2441 igitur
1579 2384 1943 2442 contingentia
1990 2387 2045 2431 ut
2082 2385 2239 2445 perti¬

1229 2460 1351 2504 nent
1404 2459 1464 2505 ad
1516 2458 1880 2518 Theologiam,
1946 2464 2071 2508 nata
2118 2466 2238 2509 sunt

1227 2533 1421 2579 habere
1450 2534 1826 2593 perfectiorem
1860 2537 2234 2595 cognitionem,

1231 2623 1386 2668 quam
1427 2610 1652 2658 scientia
1705 2613 1763 2658 de
1797 2614 2116 2660 necessariis
2158 2628 2237 2662 ac¬

1231 2685 1445 2744 quisita.

1289 2762 1382 2809 Sed
1411 2763 1659 2821 numquid
1680 2764 1742 2823 (c)
1777 2778 1963 2810 eorum
2003 2766 2237 2824 cognitio

1231 2840 1311 2884 est
1338 2837 1597 2884 scientia?
1631 2839 1758 2886 Dico
1794 2841 1930 2899 quod
1958 2843 2239 2888 secundum

1232 2913 1379 2959 illam
1417 2913 1680 2960 rationem
1733 2916 1966 2963 scientiae
2008 2918 2239 2976 positam

1232 2992 1342 3035 ini.
1384 2993 1676 3034 Posteriorum
1685 3029 1693 3044 ,
1727 3006 1839 3052 quae
1886 2994 2114 3052 requirit
2158 3009 2241 3041 ne¬

1232 3066 1538 3115 cessitatem
1567 3067 1774 3128 objecti,
1811 3082 1915 3115 non
1963 3073 2138 3129 potest
2183 3071 2242 3117 de

1231 3141 1305 3187 eis
1334 3156 1449 3188 esse
1479 3143 1717 3196 scientia,
1767 3144 1889 3203 quia
1917 3157 2241 3204 cognoscere

1233 3217 1546 3277 contingens
1593 3222 1650 3266 ut
1696 3221 2056 3266 necessarium
2084 3259 2092 3274 ,
2137 3236 2241 3269 non

1232 3295 1312 3340 est
1340 3307 1663 3353 cognoscere
1699 3296 2030 3355 contingens,
2062 3301 2240 3346 tamen

1234 3371 1515 3416 secundum
1563 3372 1696 3430 quod
1759 3373 1951 3432 accipit
2009 3374 2242 3421 Philoso¬

1236 3444 1367 3504 phus
1397 3446 1674 3494 scientiam
1709 3449 1750 3494 6.
1802 3451 1946 3495 Ethic.
1977 3452 2032 3496 ut
2067 3451 2244 3497 dividi¬

1233 3521 1323 3565 tur
1357 3523 1544 3568 contra
1569 3523 1869 3582 opinionem
1910 3528 1960 3572 et
1985 3527 2243 3586 suspicio¬

1233 3609 1370 3649 nem,
1388 3597 1515 3644 bene
1538 3602 1712 3659 potest
1727 3614 1842 3648 esse
1865 3600 2102 3656 scientia,
2123 3605 2244 3668 quia
