2653 3979
145 382 199 418 ta.
240 381 462 422 Secundus
483 387 667 434 punctus
702 387 782 432 est,
824 384 940 434 quod
976 383 1146 423 habitus

140 455 423 508 Theologicus
460 461 675 499 revelatus
726 460 937 508 possibilis
980 458 1144 502 viatori,

143 528 197 568 de
228 532 326 581 lege
364 537 577 574 communi
611 544 696 574 non
729 534 923 583 procedit
952 544 1003 571 ex
1037 533 1148 582 prin¬

145 604 264 655 cipiis
313 608 448 657 primo
496 608 624 649 modo
673 609 797 656 notis,
839 609 937 658 quia
985 607 1148 646 articuli

144 680 260 729 fidei,
283 683 353 733 qui
376 688 595 732 ponuntur
614 684 821 734 principia
843 684 938 723 dicti
960 682 1146 728 habitus,

145 766 230 795 non
259 760 358 796 sunt
387 758 509 797 nobis
529 760 571 797 in
591 761 656 798 via
687 758 907 798 evidenter
939 757 1040 797 noti,
1070 756 1149 796 sed

147 834 310 871 tantum
337 832 500 872 crediti.
535 836 698 874 Tertius
720 837 905 883 punctus
931 836 1009 878 est,
1033 831 1149 883 quod

144 907 312 947 habitus
348 908 591 962 Theologiae
618 910 816 950 revelatae
869 907 1064 959 procedit
1097 918 1153 947 ex

144 983 362 1033 principiis
381 985 506 1032 notis,
538 984 730 1024 secundo
760 983 889 1024 modo
911 983 1148 1030 evidenter,

146 1060 243 1108 quia
276 1060 441 1098 articuli
472 1059 572 1100 fidei
609 1061 679 1110 qui
718 1061 841 1100 nobis
871 1060 914 1098 in
943 1061 1006 1098 via
1053 1061 1154 1098 sunt

146 1134 295 1174 crediti
337 1138 515 1182 tantum,
554 1136 596 1173 in
640 1135 819 1175 scientia
857 1145 957 1174 vero
996 1135 1072 1174 Dei
1113 1137 1156 1172 et

149 1211 371 1249 beatorum
409 1214 509 1250 sunt
560 1211 783 1251 evidenter
826 1213 928 1250 noti.
974 1212 1029 1249 Ex
1068 1210 1156 1248 istis

149 1285 326 1333 elicitur,
352 1285 469 1336 quod
489 1287 657 1325 habitus
688 1286 930 1338 Theologiae
960 1286 1157 1325 revelatae

150 1361 192 1398 in
212 1361 334 1400 nobis
366 1362 419 1399 sit
450 1362 626 1401 scientia
650 1362 819 1410 proprie
853 1360 979 1408 dicta,
1010 1361 1158 1400 subal¬

156 1439 274 1475 terna
282 1439 319 1475 ta
348 1436 534 1476 scientiae
563 1438 637 1475 Dei
660 1441 702 1476 et
733 1437 972 1476 beatorum.

211 1510 269 1562 (b)
289 1510 444 1550 Contra
474 1521 600 1562 quam
632 1512 879 1561 opinionem
909 1512 1049 1561 arguit
1085 1512 1161 1549 Do-

160 1589 251 1625 otor
139 1572 144 1602 Ult
273 1587 410 1625 multis
438 1587 605 1627 mediis.
628 1587 763 1626 Primo
785 1587 839 1625 ibi
872 1590 881 1626 :
914 1589 1070 1626 Contra
1088 1587 1165 1625 hoc

159 1664 356 1711 arguitur
373 1664 444 1702 sic.
476 1662 523 1701 Et
542 1662 707 1701 reducit
740 1664 879 1712 ipsum
909 1662 962 1700 ad
993 1665 1160 1700 contra¬

157 1737 402 1785 dictionem,
435 1740 533 1788 quia
565 1739 661 1777 alibi
707 1736 808 1778 dicit
841 1738 956 1787 quod
986 1737 1164 1776 scientia

153 1817 196 1852 et
225 1813 334 1852 fides
364 1823 450 1851 non
478 1816 592 1852 stant
629 1812 754 1851 simul
776 1813 830 1851 de
851 1812 1010 1851 eodem
1038 1812 1160 1863 obje¬

155 1893 235 1935 cto,
257 1889 300 1928 id
333 1891 400 1928 est
431 1888 547 1938 quod
587 1889 736 1938 aliquis
765 1899 866 1928 vere
905 1889 1025 1934 sciat,
1061 1890 1162 1936 puta

154 1965 264 2004 hanc
311 1965 634 2005 conclusionem
676 1967 684 2003 :
720 1967 831 2004 Deus
869 1968 925 2003 est
963 1966 1098 2002 trinus
1128 1966 1164 2001 et

150 2051 274 2088 unus,
309 2044 351 2080 et
381 2040 499 2091 quod
532 2041 658 2080 simul
685 2040 840 2080 habeat
861 2039 991 2079 fidem
1014 2038 1067 2078 de
1096 2050 1164 2078 ea¬

158 2116 256 2156 dem
291 2117 581 2156 conclusione.
628 2116 733 2155 Cum
783 2127 886 2167 ergo
930 2115 1165 2166 Theologia

158 2195 303 2230 nostra
339 2195 392 2232 sit
419 2193 621 2237 revelata,
657 2194 699 2229 et
730 2194 815 2230 lota
850 2194 935 2229 stet
964 2201 1058 2229 cum
1080 2189 1164 2229 fide

157 2266 226 2305 vel
258 2270 323 2305 est
352 2265 475 2312 fides,
511 2268 554 2305 et
588 2275 640 2303 ex
671 2264 752 2303 alia
772 2267 894 2313 parte
918 2264 1026 2303 dicat
1048 2263 1166 2314 quod

160 2341 392 2392 Theologia
420 2344 567 2380 nostra
600 2343 666 2380 est
697 2340 873 2379 scientia
907 2339 1078 2390 proprie
1102 2340 1166 2378 di¬

161 2418 253 2463 cta;
279 2427 381 2467 ergo
402 2419 488 2456 stat
509 2427 606 2456 cum
624 2414 709 2454 fide
743 2420 784 2455 et
814 2426 902 2454 non
936 2425 1029 2453 cum
1062 2414 1165 2462 fide,

161 2494 258 2540 quia
277 2492 511 2543 Theologia
532 2494 675 2531 nostra
709 2495 791 2530 stat
824 2502 917 2530 cum
941 2491 1037 2537 fide,
1070 2503 1167 2531 cum

163 2572 216 2611 sit
237 2571 290 2609 de
312 2568 497 2608 articulis
516 2567 730 2613 revelatis,
762 2570 804 2606 et
835 2577 922 2606 non
956 2569 1040 2605 stat
1068 2578 1167 2606 cum

161 2646 246 2686 fide
283 2656 380 2684 cum
418 2644 472 2683 sit
503 2643 681 2683 scientia
709 2644 883 2693 proprie
913 2642 1038 2689 dicta,
1069 2653 1168 2694 quse

164 2720 405 2761 secundum
426 2728 500 2756 eos
519 2728 606 2756 non
626 2720 709 2756 stat
741 2728 836 2756 cum
853 2716 956 2759 Ude.

217 2795 272 2842 (c)
306 2793 504 2834 Secunda
558 2795 660 2832 ratio
702 2795 767 2831 est
816 2792 875 2831 ibi
914 2795 922 2831 :
962 2795 1173 2832 Praeterea

166 2873 340 2912 scientia
360 2871 409 2909 de
429 2872 527 2908 Deo.
561 2868 732 2907 Certum
763 2871 828 2906 est
858 2867 973 2916 apud
1005 2878 1171 2914 omnes,

171 2945 288 2996 quod
337 2945 517 2984 scientia
571 2943 872 2982 suballernans
920 2947 964 2982 et
1000 2944 1177 2983 scientia

174 3022 465 3061 subalternata
495 3022 593 3057 sunt
627 3018 719 3057 duae
751 3024 952 3065 scientiae,
993 3030 1090 3068 quia
1121 3020 1177 3058 al-

179 3098 309 3136 terius
350 3100 392 3134 et
424 3095 600 3134 alterius
639 3092 840 3142 subjecti,
880 3093 1033 3131 saltem
1063 3094 1179 3144 obje-

178 3175 286 3212 etive
308 3171 508 3210 distincti.
543 3171 662 3216 Tum,
699 3169 798 3217 quia
831 3179 883 3207 ex
904 3169 994 3207 aliis
1027 3172 1069 3208 et
1089 3169 1180 3207 aliis

179 3260 225 3297 pr
153 3245 156 3297 se
228 3250 238 3287 i
244 3259 294 3288 nc
297 3248 367 3298 ipii
371 3260 389 3287 s
413 3244 665 3295 procedunt.
695 3245 815 3289 Tum,
849 3245 946 3293 quia
979 3243 1181 3283 suballer-

180 3335 283 3367 nans
315 3323 579 3362 demonstrat
607 3320 855 3369 simpliciter
869 3322 1045 3369 propter
1064 3322 1180 3369 quid,

177 3400 470 3440 subalternata
499 3406 599 3436 vero
626 3405 728 3434 non.
766 3395 851 3434 Sed
879 3395 1111 3446 Theologia
1142 3398 1183 3434 in

178 3482 454 3526 quocumque
509 3468 732 3508 intellectu
779 3472 843 3506 est
891 3471 1055 3506 tantum
1101 3478 1186 3506 una

175 3550 367 3590 scientia.
405 3547 524 3590 Tum,
564 3543 662 3593 quia
707 3544 834 3581 unius
882 3543 1066 3592 subjecti
1106 3544 1184 3582 sub

179 3626 330 3667 eadem
376 3621 541 3660 ratione
587 3617 770 3665 formali,
820 3623 902 3656 etc.
952 3627 1054 3667 ergo
1100 3628 1187 3657 non

1219 386 1361 431 polest
1383 395 1478 424 esse
1500 387 1791 428 subalternata
1812 391 2057 444 Theologiae
2086 393 2234 432 beato¬

1220 468 1329 503 rum,
1371 461 1465 510 quia
1507 466 1607 500 tunc
1638 467 1784 503 essent
1822 465 1915 506 duae
1943 468 2131 508 scientiae
2166 468 2232 508 di-

1219 533 1394 581 stinclae,
1428 538 1471 574 et
1506 535 1565 575 sic
1588 541 1734 576 essent
1755 538 2049 580 distinctorum
2079 541 2229 594 subje¬

1223 609 1402 647 ctorum.

1272 679 1332 731 (d)
1364 684 1504 722 Tertio
1536 686 1671 735 arguit
1711 686 1767 726 ibi
1791 690 1798 725 :
1823 690 2031 728 Praeterea
2058 691 2227 730 scientia

1220 759 1448 796 secundum
1498 762 1709 800 rationem
1753 773 1902 803 causae.
1953 764 2024 803 Hic
2072 766 2227 804 Doctor

1221 835 1426 879 supponit
1454 845 1602 879 unum,
1632 837 1794 875 scilicet
1823 838 1939 888 quod
1961 840 2138 879 scientia
2158 851 2231 880 su¬

1222 904 1457 945 balternata
1499 907 1720 957 dependet
1757 921 1777 949 a
1809 912 1984 952 scientia
2020 914 2232 953 subalter-

1223 983 1370 1029 nante,
1420 984 1573 1022 saltem
1621 990 1830 1036 quantum
1878 988 1932 1027 ad
1979 989 2075 1038 hoc,
2118 990 2235 1040 quod

1225 1058 1412 1105 cognitio
1432 1061 1735 1110 principiorum
1755 1064 2056 1106 subalternatae
2072 1066 2125 1105 sit
2139 1077 2235 1106 cau¬

1227 1137 1315 1172 sata
1346 1145 1367 1172 a
1389 1135 1535 1175 notitia
1558 1137 1865 1188 principiorum
1885 1142 2234 1191 subalternanlis,

1227 1208 1296 1248 vel
1317 1209 1463 1248 saltem
1492 1210 1544 1249 ab
1566 1213 1738 1264 objecto
1768 1215 1880 1254 illius
1909 1218 2094 1256 scientiae
2115 1219 2183 1256 vel
2213 1229 2236 1256 a

1231 1283 1458 1334 principiis.
1500 1287 1585 1326 Sed
1615 1293 1775 1328 certum
1814 1296 1891 1337 est,
1933 1291 2051 1342 quod
2088 1293 2235 1333 notitia

1240 1361 1488 1411 Iheologica
1529 1364 1651 1403 nobis
1698 1368 1900 1415 revelata,
1944 1372 2046 1418 puta
2087 1372 2238 1409 notitia

1233 1433 1362 1485 hujus
1398 1440 1406 1475 :
1444 1440 1554 1477 Deus
1583 1445 1638 1479 est
1667 1442 1802 1481 trinus
1831 1447 1865 1480 et
1895 1455 2017 1491 unus,
2059 1454 2143 1483 non
2176 1447 2241 1483 est

1235 1511 1377 1560 aliquo
1405 1514 1535 1553 modo
1571 1520 1742 1556 causata
1770 1529 1793 1557 a
1821 1521 1968 1558 notitia
2000 1521 2239 1568 beatorum,

1237 1597 1331 1636 quae
1352 1592 1416 1628 est
1445 1590 1557 1629 clara
1578 1592 1681 1632 visio
1703 1593 1832 1645 hujus
1856 1598 1864 1633 :
1888 1599 1996 1635 Deus
2023 1600 2079 1635 est
2108 1597 2245 1635 trinus

1237 1671 1273 1702 et
1304 1675 1424 1713 unus,
1448 1670 1493 1704 ut
1515 1669 1647 1715 patet,
1681 1678 1784 1718 ergo
1813 1679 1900 1709 non
1929 1671 2247 1711 subalternatur

1240 1739 1291 1777 ei.
1333 1741 1378 1779 Et
1421 1751 1517 1780 cum
1558 1741 1658 1782 dicit
1694 1745 1851 1783 Doctor
1876 1758 1883 1783 :
1909 1748 2031 1785 Nulla
2071 1749 2246 1788 scientia

1240 1814 1457 1863 dependet
1477 1817 1529 1855 ab
1550 1817 1692 1868 aliquo
1713 1824 1762 1858 ut
1790 1831 1814 1859 a
1849 1825 2057 1870 proximo,
2087 1823 2170 1862 nisi
2195 1824 2247 1862 ab

1238 1890 1408 1940 objecto
1439 1902 1517 1930 suo
1540 1892 1593 1930 de
1616 1905 1700 1943 quo
1733 1898 1811 1940 est,
1846 1899 1888 1935 et
1916 1897 2137 1936 intellectu
2165 1898 2246 1937 sci¬

1237 1965 1337 2005 licet
1358 1978 1381 2005 a
1403 1979 1486 2017 quo
1517 1971 1559 2006 et
1596 1969 1637 2008 in
1677 1981 1760 2020 quo
1794 1975 1873 2019 est,
1909 1976 1951 2011 et
1988 1974 2165 2020 lumine,
2205 1974 2250 2013 id

1240 2045 1303 2080 est
1337 2054 1357 2081 a
1388 2041 1524 2081 forma
1563 2046 1827 2097 syllogistica
1856 2051 1896 2086 et
1932 2049 2172 2097 praemissis,
2203 2053 2249 2088 ut

1240 2116 1416 2167 quidam
1446 2119 1637 2161 Scotistae
1666 2126 1892 2172 exponunt
1930 2124 1984 2164 de
2013 2126 2083 2165 illo
2121 2126 2248 2165 lumi¬

1239 2204 1307 2233 ne.
1345 2197 1392 2234 Et
1425 2196 1557 2235 debet
1589 2197 1689 2236 addi
1724 2199 1777 2237 de
1807 2201 2016 2249 proximo,
2041 2202 2137 2251 quia
2160 2203 2251 2242 talis

1240 2269 1416 2310 scientia
1454 2270 1676 2320 dependet
1705 2283 1726 2311 a
1763 2274 1980 2314 voluntate
2021 2276 2177 2324 divina,
2208 2282 2255 2316 ut

1241 2353 1264 2381 a
1295 2354 1423 2384 causa
1465 2349 1644 2385 remota.
1686 2347 1770 2385 Sed
1812 2354 1975 2388 certum
2018 2352 2097 2397 est,
2138 2350 2256 2400 quod

1242 2420 1388 2459 notitia
1415 2421 1675 2473 Theologica
1705 2427 1846 2462 nostra
1874 2434 1960 2463 non
1992 2425 2207 2475 dependet
2233 2438 2254 2465 a

1242 2495 1405 2536 visione
1434 2497 1674 2544 beatorum,
1696 2502 1743 2537 ut
1782 2509 1908 2539 causa
1942 2504 2006 2539 est
2040 2501 2252 2549 effectiva,

1243 2579 1323 2609 nec
1344 2575 1391 2610 ut
1410 2572 1462 2610 ab
1486 2572 1676 2622 objecto,
1705 2585 1785 2613 nec
1811 2578 1858 2613 ut
1885 2586 1908 2613 a
1940 2575 2118 2623 lumine,
2154 2581 2253 2627 quia

1247 2644 1338 2684 talis
1359 2647 1462 2686 visio
1496 2657 1581 2686 non
1610 2651 1678 2686 est
1709 2647 1845 2688 forma
1879 2650 2156 2701 syllogistica,
2187 2653 2255 2691 vel

1244 2721 1490 2769 praemissae.

1297 2793 1353 2846 (e)
1385 2796 1541 2844 Quarta
1563 2799 1668 2837 ratio
1692 2801 1757 2838 est
1785 2799 1842 2838 ibi
1864 2802 1873 2839 :
1899 2803 2105 2840 Praeterea
2123 2804 2252 2842 scien-

1247 2873 1307 2910 tia
1333 2873 1642 2913 suballernans.
1676 2876 1765 2914 Haec
1795 2874 1899 2915 ratio
1938 2879 2058 2925 palet
2092 2888 2144 2915 ex
2181 2889 2258 2917 su¬

1248 2959 1321 2998 pra
1330 2948 1465 2994 dictis,
1506 2949 1605 2998 quia
1641 2950 1716 2988 ubi
1756 2951 2057 2990 suballernans
2087 2951 2258 3000 desinit,

1249 3024 1305 3062 ibi
1325 3024 1618 3062 subalternata
1645 3024 1804 3074 incipit,
1838 3024 1882 3063 id
1916 3031 1981 3065 est
2011 3027 2128 3077 quod
2161 3039 2260 3066 con¬

1252 3098 1384 3136 clusio
1426 3097 1719 3137 demonstrata
1746 3099 1789 3137 in
1822 3100 2159 3146 suballernante,
2201 3105 2267 3140 est

1253 3172 1468 3220 praemissa
1498 3172 1540 3209 in
1577 3173 1870 3211 subalternata
1905 3173 1967 3226 (ut
2007 3174 2093 3213 dixi
2122 3175 2265 3226 supra)

1256 3251 1297 3283 et
1326 3257 1403 3295 per
1425 3257 1696 3295 consequens
1723 3248 2022 3288 suballernans
2045 3254 2088 3288 et
2119 3251 2264 3289 subal¬

1259 3323 1421 3359 ternata
1451 3332 1536 3360 non
1557 3325 1656 3360 sunt
1685 3324 1817 3371 primo
1851 3321 1904 3361 de
1927 3323 2091 3362 eisdem
2120 3325 2267 3373 praedi¬

1261 3397 1378 3434 catis.
1409 3396 1502 3434 Non
1538 3397 1648 3434 enim
1684 3396 1976 3436 subalternata
2007 3399 2271 3439 demonstrat

1260 3471 1567 3520 proprietatem
1616 3472 1954 3512 demonstratam
1993 3475 2035 3511 in
2064 3475 2272 3513 subalter-

1259 3549 1391 3584 nante
1421 3549 1469 3583 ut
1510 3550 1638 3595 patet,
1680 3547 1777 3596 quia
1809 3549 2023 3587 conclusio
2054 3551 2096 3588 in
2128 3551 2271 3589 subal-

1264 3623 1460 3661 ternanle
1482 3626 1546 3660 est
1570 3632 1786 3670 praemissa
1805 3623 1848 3660 in
1869 3624 2174 3673 subalternata,
2197 3627 2276 3666 sed
