3744 5616
2601 1125 2646 1164 13

574 2885 740 2926 nitione
761 2885 976 2940 accipitur
1007 2893 1135 2926 Deus,
1167 2898 1265 2927 meo
1286 2903 1371 2927 me.
1403 2909 1452 2928 ^

575 2966 657 3002 stat
700 2959 740 3001 in
786 2959 866 3002 hoc
912 2973 920 3001 :
964 2960 1206 3002 Intellectus
1252 2967 1390 3016 potest
1436 2959 1584 3016 perfici

576 3035 822 3078 naturaliter
848 3035 963 3077 omni
1004 3034 1183 3077 scientia
1223 3035 1501 3091 speculativa,
1545 3044 1586 3078 et

574 3111 689 3153 omni
712 3110 920 3167 practica;
951 3123 1053 3166 ergo
1081 3124 1164 3153 non
1187 3120 1251 3154 est
1277 3113 1314 3153 ei
1345 3111 1584 3154 necessaria

573 3187 714 3244 aliqua
745 3188 826 3230 alia
852 3188 998 3231 notitia
1043 3188 1256 3244 specialis,
1294 3197 1373 3231 elc.
1405 3192 1584 3231 Antece¬

574 3264 677 3307 dens
707 3272 833 3320 patet,
865 3264 962 3320 quia
996 3264 1175 3307 scientia
1212 3264 1473 3320 speculativa
1500 3264 1585 3307 suf¬

576 3338 768 3381 ficienter
811 3338 1018 3381 dividitur
1061 3340 1104 3381 in
1148 3338 1497 3395 Metaphysicam,
1545 3346 1586 3382 et

577 3415 801 3470 Physicam
847 3415 939 3457 sive
984 3415 1244 3466 Naturalem,
1286 3424 1327 3457 et
1354 3416 1583 3457 Mathema¬

575 3489 717 3541 ticam,
748 3504 853 3546 quas
883 3491 1131 3533 naturaliter
1152 3491 1308 3533 habere
1337 3503 1581 3546 possumus.

576 3567 626 3606 Et
648 3564 844 3607 similiter
867 3565 1052 3608 Practica
1079 3565 1339 3608 sufficienter
1359 3573 1423 3608 est
1449 3566 1586 3608 divisa

577 3638 618 3679 in
648 3638 876 3680 Practicam
915 3638 1096 3681 activam
1139 3646 1179 3680 et
1222 3639 1435 3688 factivam,
1480 3653 1585 3694 quas

576 3714 824 3756 naturaliter
859 3715 1015 3757 habere
1041 3728 1294 3770 possumus;
1326 3729 1444 3771 ergo.
1486 3719 1585 3758 Pra¬

572 3788 680 3832 ctica
729 3789 866 3832 activa
910 3798 975 3833 est
1026 3790 1230 3846 cognitio,
1279 3803 1376 3846 quae
1419 3798 1585 3833 tantum

574 3864 702 3908 dictat
741 3866 792 3908 de
844 3867 964 3922 praxi
1013 3866 1242 3917 elicienda,
1285 3880 1381 3922 quee
1420 3874 1503 3909 stat
1542 3867 1584 3909 in

572 3941 658 3984 sola
684 3941 850 3984 actione
878 3942 1154 3994 immanente,
1192 3950 1237 3985 ut
1268 3941 1456 3996 cognitio
1487 3956 1584 3998 quae

574 4017 702 4060 dictat
735 4019 786 4060 de
824 4018 940 4060 omni
979 4025 1073 4061 actu
1109 4018 1299 4068 virtutis,
1336 4020 1408 4073 qui
1447 4018 1584 4073 primo

575 4091 744 4135 elicitur
783 4106 806 4134 a
844 4093 1063 4135 voluntate
1103 4092 1308 4134 conformi
1317 4099 1379 4134 ter
1405 4093 1476 4134 tali
1516 4106 1584 4135 co¬

577 4167 776 4223 gnitioni,
817 4168 915 4211 licet
953 4169 1081 4211 etiam
1108 4176 1227 4211 actus
1268 4168 1501 4223 imperatus
1541 4168 1583 4209 in

579 4245 764 4299 potentia
814 4245 1021 4287 sensitiva
1084 4245 1248 4287 dicatur
1310 4245 1584 4287 materialiter

580 4328 698 4362 actus
725 4320 914 4372 virtutis,
940 4328 985 4362 ut
1006 4328 1118 4376 patet
1139 4334 1162 4362 a
1183 4322 1310 4362 Docto
1317 4321 1358 4361 re
1384 4321 1434 4362 in
1459 4320 1500 4361 2.
1537 4320 1581 4363 d.

579 4397 649 4438 42.
680 4404 719 4438 et
740 4396 787 4438 in
809 4396 849 4438 3.
879 4396 923 4439 d.
959 4399 1023 4440 14.
1053 4399 1103 4438 Et
1125 4396 1312 4438 breviter
1338 4395 1406 4438 illa
1434 4395 1584 4450 cogni¬

580 4471 636 4512 tio
664 4485 760 4528 quae
797 4471 926 4514 dictat
969 4471 1019 4513 de
1062 4472 1307 4528 operatione
1345 4484 1428 4513 non
1467 4478 1583 4513 tran-

2005 1227 2109 1269 riam
2131 1235 2264 1279 extra,
2290 1228 2444 1272 dicitur
2467 1230 2650 1284 practica

1999 1315 2041 1343 ro
2073 1315 2168 1358 quae
2194 1303 2322 1346 dictat
2352 1304 2403 1347 ad
2437 1317 2544 1359 opus
2584 1318 2650 1347 re-

1999 1391 2047 1430 'a,
2079 1385 2125 1421 ut
2157 1391 2226 1422 ars
2251 1380 2558 1424 domificatoria
2585 1380 2654 1423 vel

1997 1467 2016 1496 r
2055 1455 2238 1508 practica
2265 1455 2436 1508 factiva,
2473 1456 2572 1512 quia
2591 1457 2654 1499 di-

2025 1537 2157 1571 extra.
2206 1533 2262 1572 De
2308 1531 2375 1574 his
2415 1533 2572 1588 patebit
2610 1533 2654 1575 in

1998 1617 2063 1646 ma
2088 1605 2139 1647 de
2166 1606 2302 1662 praxi.

2000 1680 2289 1736 principaliter
2333 1683 2527 1738 arguitur
2554 1683 2611 1726 ibi
2642 1698 2650 1726 :
2752 1691 2785 1723 6.

1985 1763 2073 1798 lens
2097 1758 2363 1800 naturaliter
2392 1759 2652 1816 inlelligere,

1983 1844 2004 1873 0
2043 1838 2125 1873 stat
2152 1832 2193 1874 in
2221 1833 2315 1884 hoc,
2346 1834 2457 1889 quod
2486 1844 2657 1878 natura-

1982 1920 2053 1949 ens
2093 1907 2300 1963 principia
2345 1922 2419 1965 per
2458 1923 2505 1952 se
2543 1920 2654 1962 nola,

1980 1989 2074 2025 )test
2098 1996 2358 2040 cognoscere
2390 1999 2539 2029 omnes
2565 2000 2661 2029 con-

1979 2072 2001 2101 u
2007 2058 2059 2100 ali
2066 2066 2127 2101 ter
2147 2060 2332 2103 inclusas
2354 2062 2395 2103 in
2418 2062 2488 2104 tali
2512 2063 2663 2118 princi-

1975 2134 2118 2176 raliter
2144 2134 2426 2191 intelligimus
2455 2137 2664 2193 principia

1979 2208 2073 2251 ibus
2110 2209 2350 2254 virtualiter
2388 2212 2664 2256 includuntur

1972 2284 2125 2327 isiones
2151 2286 2342 2341 scibiles;
2372 2301 2474 2344 ergo
2496 2296 2662 2331 natura-

1969 2372 2007 2401 is
2048 2372 2304 2414 cognoscere
2336 2361 2460 2405 istam
2496 2364 2662 2406 conclu-

1971 2448 2003 2475 is
2036 2441 2096 2476 est
2127 2436 2282 2478 Trinus
2314 2445 2352 2480 et
2379 2452 2489 2480 unus
2495 2473 2504 2489 ,
2530 2446 2570 2481 et
2602 2438 2664 2481 sic

1966 2522 1980 2550 1
2015 2510 2116 2552 dicit
2149 2513 2262 2568 quod
2288 2512 2463 2556 scientia
2489 2516 2660 2557 conclu-

1983 2585 2192 2640 dependet
2224 2588 2305 2630 nisi
2356 2603 2410 2632 ex
2448 2589 2663 2633 intellectu

1984 2670 2036 2698 ex
2063 2655 2317 2701 deductione
2342 2662 2664 2705 conclusionum

1963 2766 1970 2783 ,
2014 2742 2057 2775 ut
2102 2737 2216 2788 patet
2256 2737 2294 2777 i.
2343 2738 2504 2780 Poster,
2557 2745 2662 2780 text.

1956 2821 2006 2850 nc
2054 2810 2164 2852 scire
2209 2812 2443 2866 opinamur
2509 2826 2643 2855 unum
2647 2837 2665 2845 -

1663 2918 1678 2934 2
1690 2920 1698 2936 -
1779 2923 1795 2936 x
1956 2896 2046 2926 non
2075 2886 2313 2928 secundum
2336 2887 2550 2941 accidens,
2581 2897 2661 2932 etc.

1657 2956 1815 2999 Notitia
1843 2958 1955 2999 enim
1977 2960 2265 3004 conclusionis
2291 2963 2537 3007 immediate
2562 2978 2665 3008 cau¬

1659 3039 1777 3074 satur
1808 3047 1832 3075 a
1864 3034 2012 3077 notitia
2049 3035 2373 3093 principiorum,
2405 3046 2446 3081 et
2472 3054 2495 3082 a
2532 3040 2665 3083 dedu¬

1658 3107 1797 3150 ctione
1823 3109 2028 3164 ipsorum,
2072 3119 2112 3154 et
2149 3119 2250 3155 tunc
2295 3113 2547 3170 intelligitur
2591 3117 2664 3158 de¬

1658 3181 1815 3236 ductio,
1857 3187 2025 3241 quando
2062 3187 2201 3230 minor
2241 3198 2337 3231 actu
2370 3191 2553 3233 sumitur
2586 3192 2665 3234 sub

1659 3259 1823 3314 majori,
1859 3261 1953 3304 sive
1985 3263 2153 3320 quando
2182 3266 2419 3320 praemissae
2447 3276 2548 3310 sunt
2569 3282 2666 3324 per¬

1658 3342 1861 3388 tractatae,
1887 3338 1997 3394 quod
2020 3347 2097 3390 est,
2129 3339 2244 3395 ipsas
2277 3355 2436 3397 ponere
2465 3343 2508 3384 in
2543 3344 2666 3385 modo

1659 3422 1699 3454 et
1732 3412 1883 3469 figura,
1925 3424 1969 3457 ut
1995 3420 2109 3470 patet
2138 3420 2156 3459 1
2168 3419 2176 3461 .
2206 3419 2353 3463 Prior,
2390 3428 2431 3461 et
2466 3427 2568 3463 tunc
2595 3433 2668 3462 no¬

1659 3490 1748 3533 titia
1776 3493 2094 3547 praemissarum
2133 3496 2195 3538 sic
2239 3496 2556 3552 dispositarum,
2599 3506 2664 3542 est

1659 3585 1785 3615 causa
1832 3574 1994 3617 notitiae
2031 3576 2335 3630 conclusionis,
2379 3581 2567 3635 partialis
2605 3590 2665 3623 ta¬

1659 3667 1770 3705 men,
1807 3663 1848 3697 et
1873 3656 1955 3698 alia
1994 3658 2183 3712 partialis
2228 3668 2292 3702 est
2328 3661 2584 3705 intellectus.
2615 3665 2665 3705 Et

1659 3735 1770 3791 quod
1792 3737 1847 3779 sit
1867 3750 1994 3780 causa
2016 3746 2143 3794 patet,
2169 3741 2268 3796 quia
2289 3741 2495 3785 inducens
2517 3744 2614 3786 stati
2626 3757 2663 3784 m

1657 3818 1889 3872 cognoscit,
1916 3819 1955 3861 id
1977 3827 2055 3872 est,
2075 3831 2338 3876 pertractans
2359 3825 2603 3881 praemissas
2623 3825 2667 3868 in

1658 3899 1798 3942 debito
1836 3901 1959 3943 modo
1992 3910 2032 3944 et
2069 3902 2220 3958 figura,
2263 3907 2357 3948 stati
2365 3921 2403 3948 m
2449 3909 2668 3963 cognoscit

1657 3980 1990 4024 conclusionem.
2022 3985 2138 4026 Patet
2157 3999 2232 4040 per
2253 3985 2544 4031 definitionem
2572 3989 2669 4044 Syl¬

1655 4060 1826 4116 logismi
1859 4063 2048 4117 perfecti,
2085 4079 2182 4120 quae
2221 4067 2394 4123 ponitur
2444 4070 2478 4111 i.
2515 4070 2663 4114 Prior.

1657 4140 1856 4185 videlicet
1892 4143 1899 4184 :
1935 4143 2223 4200 Syllogismus
2251 4150 2471 4202 perfectus
2502 4158 2562 4192 est
2582 4153 2656 4206 qui

1655 4222 1821 4264 nullius
1847 4223 2015 4281 indiget
2046 4226 2104 4268 ad
2125 4227 2203 4269 hoc
2220 4235 2267 4270 ut
2291 4229 2348 4270 sit
2374 4231 2549 4274 evidens
2574 4234 2664 4275 sive

1653 4304 1872 4357 perfectus
1878 4339 1886 4355 ,
1925 4305 1965 4348 id
1998 4313 2062 4349 est
2097 4320 2181 4350 non
2227 4309 2391 4366 indiget
2434 4312 2576 4355 reduci
2612 4314 2663 4356 ad

1657 4383 1787 4426 alium
1840 4385 2154 4443 syllogismum,
2206 4398 2304 4445 puta
2357 4406 2432 4447 per
2482 4407 2663 4437 conver¬

1657 4467 1820 4511 sionem
1873 4470 2192 4524 praemissarum
2244 4473 2312 4515 vel
2355 4476 2658 4532 conclusionis,
