2682 3979
446 340 611 386 eundo
660 339 749 391 sic,
801 339 916 398 quia
956 338 1140 398 praxis
1184 338 1264 382 est
1302 337 1452 382 actus

447 415 534 474 qui
574 418 654 462 est
683 413 733 459 in
762 414 1025 472 potestate
1065 410 1450 469 cognoscentis.

447 490 589 542 Quod
647 489 904 549 probatur
942 501 1005 533 ex
1040 489 1081 533 6.
1133 485 1300 543 Etliic.
1353 486 1456 543 quia

445 567 614 621 artifex
658 573 749 621 eget
793 566 965 615 virtute,
1011 563 1056 608 id
1093 563 1173 609 est
1218 563 1350 611 arte,
1393 559 1454 605 ad

451 642 593 687 recte
614 640 892 698 agendum;
918 652 1023 685 non
1053 640 1230 684 autem
1259 636 1456 694 indiget

448 716 648 763 virtute
691 718 932 775 respectu
977 714 1136 767 illius,
1183 713 1314 774 quod
1353 725 1456 757 non

446 795 526 838 est
560 791 611 837 in
646 793 911 852 potestate
947 804 1066 842 sua;
1103 802 1232 848 ergo
1262 786 1456 835 artifex

450 867 501 912 in
531 869 798 927 potestate
839 880 933 912 sua
968 865 1125 912 habet
1154 864 1454 916 factionem,

449 947 499 990 et
531 944 697 990 multo
735 943 905 1001 magis
949 942 1175 1002 prudens
1215 941 1371 987 habet
1407 940 1457 985 in

454 1022 716 1078 potestate
771 1032 866 1064 sua
916 1018 1180 1064 actionem
1234 1029 1333 1076 qua
1377 1019 1458 1062 est

451 1095 754 1141 formaliter
775 1094 1066 1140 virtuosus.
1093 1093 1168 1137 Ex
1183 1091 1281 1138 hoc
1297 1092 1456 1144 ultra,

450 1170 492 1216 si
538 1170 708 1216 omnis
754 1169 939 1229 praxis
984 1171 1063 1215 est
1098 1168 1150 1214 in
1196 1169 1460 1226 potestate

449 1245 839 1305 cognoscentis,
876 1248 927 1292 et
972 1243 1104 1290 nihil
1149 1245 1231 1290 est
1277 1243 1329 1288 in
1374 1256 1460 1302 po¬

454 1324 646 1369 testate
685 1321 815 1381 ejus,
846 1321 949 1368 nisi
986 1322 1137 1367 actus
1165 1319 1459 1366 voluntatis

451 1397 660 1445 elicitus
706 1397 787 1444 vel
840 1397 1160 1456 imperatus,
1219 1394 1461 1454 sequitur

454 1472 791 1534 propositum
814 1474 870 1519 ut
906 1472 1072 1532 prius.

512 1552 711 1597 Contra
750 1549 806 1606 (f)
847 1549 1005 1596 istam
1066 1545 1461 1594 conclusionem

452 1626 661 1673 videtur
706 1624 868 1684 sequi,
925 1624 1058 1683 quod
419 1617 422 1680 i!it!
1110 1626 1233 1671 tunc
1285 1622 1462 1680 aliqua

455 1700 746 1748 intellectio
775 1701 880 1747 erit
904 1700 1105 1760 praxis,
1138 1699 1258 1758 quia
1286 1698 1463 1756 aliqua

454 1776 745 1824 intellectio
775 1778 949 1836 potest
988 1790 1103 1823 esse
1131 1776 1281 1822 actus
1306 1775 1464 1833 impe¬

456 1854 605 1899 ratus
641 1851 953 1904 voluntatis,
987 1852 1124 1898 sicut
1153 1853 1303 1896 actus
1339 1849 1466 1897 alte¬

455 1929 567 1975 rius
602 1927 852 1988 potentiae
894 1927 1196 1988 imperatur
1230 1926 1292 1971 ab
1330 1926 1461 1985 ipsa,

453 2007 504 2051 et
526 2006 652 2051 tunc
678 2004 847 2056 ultra;
879 2016 1007 2062 ergo
1036 2002 1212 2062 prima
1234 2001 1464 2048 conditio

455 2083 535 2127 est
563 2080 716 2133 falsa,
767 2079 970 2126 scilicet
1007 2078 1139 2138 quod
1173 2077 1358 2137 praxis
1387 2080 1467 2125 est

459 2158 701 2216 operatio
750 2155 974 2202 alterius
1022 2153 1272 2214 potentiae
1306 2153 1368 2198 ab
1396 2153 1465 2198 in¬

455 2233 688 2279 tellectu.

514 2307 823 2368 Respondeo
866 2306 951 2365 (g),
1001 2305 1126 2352 licet
1173 2304 1466 2364 speculatio

455 2384 523 2431 sit
548 2383 782 2443 quaedam
811 2396 906 2442 ope
919 2383 1134 2435 ratio,et
1168 2381 1242 2427 ita
1265 2380 1463 2440 praxis,

457 2459 531 2506 sic
555 2460 776 2507 extendo
799 2471 1015 2509 nomen;
1034 2459 1216 2503 tamen
1237 2458 1293 2513 ut
1310 2458 1469 2513 praxis

454 2535 651 2582 dicitur
691 2535 806 2581 sola
842 2533 1082 2593 operatio
1121 2532 1181 2578 ad
1211 2545 1367 2590 quam
1398 2531 1468 2577 in¬

453 2612 699 2661 tellectus
718 2612 892 2670 potest
912 2608 1142 2660 extendi,
1162 2607 1309 2654 nulla
1326 2608 1470 2654 intel¬

455 2690 613 2737 lectio
654 2690 732 2735 est
775 2687 975 2747 praxis,
1000 2688 1050 2732 et
1085 2686 1183 2731 hoc
1214 2685 1364 2731 modo
1388 2697 1467 2730 ac¬

456 2768 670 2827 cipitur,
692 2765 895 2824 quando
915 2764 975 2810 ad
998 2762 1208 2822 praxim
1233 2761 1465 2820 cognitio

458 2844 697 2904 practica
719 2841 913 2888 dicitur
940 2838 1164 2886 extendi.

520 2921 648 2966 Cum
689 2917 856 2977 igitur
877 2914 1073 2962 dicitur
1107 2912 1192 2973 (h),
1234 2915 1468 2956 intellectio

459 3005 520 3039 est
541 2999 755 3051 imperata
775 3009 803 3036 a
827 2994 1064 3045 voluntate,
1088 3004 1188 3045 ergo
1211 2996 1270 3031 est
1292 2991 1450 3046 praxis
1456 3025 1465 3042 ,

460 3085 564 3117 non
600 3069 862 3130 sequitur;
901 3067 986 3114 sed
1015 3064 1257 3125 sequitur
1282 3080 1383 3122 ergo
1411 3073 1470 3108 est

455 3149 614 3205 praxis
640 3145 723 3202 vel
753 3147 966 3202 practica,
1014 3143 1131 3202 ipsa
1168 3139 1308 3185 enim
1345 3142 1470 3187 nata

459 3225 539 3269 est
583 3219 914 3267 denominari
955 3218 1105 3278 quasi
1138 3215 1402 3261 accidenta
1414 3216 1469 3261 li¬

458 3301 543 3347 ter
570 3312 598 3344 a
633 3295 789 3356 praxi
834 3295 896 3340 ad
936 3307 1093 3352 quam
1139 3290 1468 3337 extensibilis

458 3378 555 3428 est,
594 3386 699 3420 non
739 3374 915 3418 autem
939 3371 1019 3416 est
1054 3367 1317 3416 terminus
1344 3368 1468 3414 talis

457 3451 803 3503 extensionis.
846 3451 1042 3495 Tamen
1068 3462 1095 3494 e
1123 3459 1381 3493 converso
1416 3446 1468 3505 (i)

456 3531 585 3577 bene
607 3524 929 3577 conceditur,
948 3523 1080 3582 quod
1098 3521 1267 3568 omnis
1289 3521 1467 3580 praxis

460 3608 539 3653 est
586 3606 736 3651 actus
787 3599 997 3646 elicitus
1048 3596 1341 3644 voluntatis
1386 3597 1468 3642 vel

1526 332 1839 392 imperatus.
1884 334 2027 380 Unde
2065 347 2128 379 ex
2163 334 2266 380 ista
2305 335 2529 381 secunda

1527 408 1840 460 conditione,
1870 406 2067 454 inferre
2098 408 2399 467 oppositum
2424 409 2531 469 pri¬

1528 496 1650 535 mae,
1698 487 1778 531 est
1824 483 2000 530 facere
2045 483 2311 530 fallaciam
2357 497 2532 530 conse¬

1529 559 1734 619 quentis
1758 560 1992 619 ponendo
2016 573 2355 619 consequens.

1585 635 1766 681 Tertia
1811 635 2041 682 conditio
2070 635 2139 693 (k)
2180 636 2439 695 probatur
2471 649 2535 682 ex

1529 710 1666 758 dicto
1702 710 2012 770 Philosophi
2044 713 2085 757 6.
2110 714 2166 755 Et
2168 714 2252 756 hic.
2279 713 2411 771 quod
2437 699 2566 759 ele-comiai!

1531 786 1635 834 ctio
1667 790 1815 834 recta
1854 787 2158 834 necessario
2200 788 2427 847 requirit
2457 800 2535 834 ra-

1530 861 1729 908 tionem
1771 866 1989 910 rectam.
2028 864 2170 915 Quod
2199 877 2300 909 non
2328 866 2536 912 tantum

1529 950 1716 983 verum
1737 940 1816 984 est
1839 939 1897 984 de
1919 939 2175 986 electione
2198 940 2386 987 stricte
2403 953 2538 986 sum¬

1533 1014 1639 1072 pta,
1688 1013 1774 1059 sed
1807 1014 1925 1072 pari
1966 1015 2176 1061 ratione
2214 1015 2273 1061 de
2307 1015 2539 1074 qualibet

1532 1086 1789 1134 volitionc
1817 1090 1979 1140 recta,
2012 1089 2134 1148 quia
2174 1090 2289 1148 ipsa
2313 1090 2540 1150 requirit

1534 1163 1798 1209 rationem
1834 1166 2036 1210 rectam
2064 1164 2151 1211 cui
2189 1164 2542 1212 conformiter

1533 1238 1800 1291 eliciatur;
1834 1240 2003 1286 omnis
2027 1243 2202 1287 autem
2236 1242 2435 1300 praxis,
2458 1241 2541 1288 vel

1533 1316 1613 1361 est
1647 1314 1836 1361 volitio
1859 1316 1942 1361 vel
1971 1329 2190 1375 sequens
2212 1317 2538 1369 volitionem,

1534 1403 1597 1436 ex
1653 1391 1944 1437 corollario
1998 1392 2349 1452 praecedente,
2414 1405 2543 1452 ergo

1536 1465 1708 1510 omnis
1734 1466 1916 1525 praxis
1939 1466 2018 1524 (ad
2042 1466 2156 1519 hoc,
2189 1470 2245 1514 ut
2274 1468 2343 1515 sit
2379 1470 2543 1525 recta)

1534 1543 1661 1588 nata
1688 1544 1768 1589 est
1808 1541 2164 1588 conformiter
2191 1544 2309 1590 elici
2347 1544 2544 1591 rationi

1537 1619 1712 1664 rectae.
1740 1619 1872 1664 Item
1900 1632 1963 1664 ex
1985 1618 2123 1666 dicto
2146 1620 2446 1678 Augustini.
2473 1622 2540 1667 15.

2559 1686 2566 1740 idem
1536 1694 1589 1737 de
1620 1694 1740 1738 Trin.
1770 1709 1863 1750 cap.
1887 1697 1928 1740 7.
1963 1695 2269 1742 Intellectus
2293 1696 2543 1755 intelligit

1539 1768 1636 1815 sibi
1664 1771 1715 1816 et
1749 1769 1892 1822 aliis;
1935 1783 2063 1830 ergo
2105 1770 2241 1817 sicut
2274 1773 2450 1831 potest
2467 1771 2544 1832 ju-

1537 1844 1713 1891 dicare
1741 1845 1800 1891 de
1839 1847 1960 1892 actu
2008 1860 2119 1898 suo,
2163 1847 2238 1894 ita
2272 1849 2446 1907 potest
2469 1849 2546 1907 ju¬

1537 1920 1714 1968 dicare
1752 1921 1811 1968 de
1850 1922 2054 1970 actibus
2094 1923 2323 1970 aliarum
2371 1928 2548 1984 poten¬

1536 1997 1762 2049 tiarum;
1812 2011 1941 2057 ergo
1976 1999 2034 2046 de
2066 2002 2186 2046 actu
2221 2002 2546 2048 naturaliter

1539 2073 1842 2132 posteriore
1865 2076 1984 2121 actu
2005 2088 2098 2120 suo
2124 2078 2298 2135 potest
2311 2077 2550 2136 judicare

1538 2147 1688 2207 prius
1710 2149 2051 2201 naturaliter,
2089 2153 2371 2210 antequam
2396 2153 2548 2199 actus

1539 2224 1626 2270 ille
1655 2224 1920 2278 eliciatur,
1952 2228 2003 2273 et
2032 2239 2127 2285 per
2147 2241 2475 2287 consequens
2505 2228 2548 2273 si

1541 2303 1684 2347 recte
1701 2300 1898 2361 judicet
1934 2303 2146 2361 oportet
2180 2302 2330 2349 illum
2370 2307 2548 2351 actum

1540 2376 1894 2423 conformiter
1939 2376 2075 2430 elici,
2127 2377 2169 2423 si
2210 2378 2390 2424 debeat
2435 2393 2551 2425 esse

1544 2454 1738 2499 rectus.

1599 2533 1667 2573 Ex
1699 2528 1897 2574 duabus
1932 2530 1983 2587 (1)
2011 2529 2400 2577 conditionibus
2435 2531 2551 2577 ulti¬

1543 2604 1641 2651 mis
1682 2605 1886 2664 praxis,
1937 2606 2180 2666 sequitur
2220 2608 2352 2666 quod
2398 2610 2552 2655 actus

1543 2681 1838 2739 imperatus
1863 2696 1891 2728 a
1912 2682 2188 2729 voluntate
2209 2696 2314 2728 non
2335 2687 2414 2731 est
2449 2684 2550 2744 pri¬

1541 2770 1625 2803 mo
1651 2758 1850 2816 praxis,
1883 2759 1969 2805 sed
1993 2759 2143 2818 quasi
2168 2773 2262 2819 per
2290 2761 2547 2814 accidens,

1543 2833 1663 2892 quia
1702 2848 1796 2881 nec
1841 2835 2015 2894 primo
2056 2838 2136 2882 est
2178 2837 2447 2895 posterior
2474 2837 2573 2882 in-Actus

1540 2910 1859 2964 tellectione,
1902 2926 1994 2958 nec
2024 2911 2197 2970 primo
2232 2914 2389 2960 natus
2428 2913 2547 2960 elici

2567 2976 2573 2996 eS
1544 2986 1898 3034 conformiter
1916 2987 2112 3034 rationi
2131 2990 2306 3035 rectae.
2326 2976 2547 3049 Oportet

1544 3062 1712 3121 igitur
1751 3064 1980 3122 aliquem
2020 3064 2184 3110 alium
2226 3067 2402 3111 actum
2436 3080 2552 3112 esse

1544 3137 1718 3198 primo
1758 3138 1985 3198 praxim,
2030 3138 2129 3185 iste
2174 3153 2279 3185 non
2325 3143 2404 3187 est
2449 3141 2552 3187 nisi

1542 3215 1748 3269 volitio,
1774 3215 1896 3275 quia
1926 3228 2020 3275 per
2042 3215 2200 3261 istam
2224 3216 2380 3263 habet
2402 3220 2552 3264 actus

1543 3290 1838 3349 imperatus
1861 3291 2028 3338 dictas
2051 3291 2400 3344 conditiones;
2425 3305 2554 3351 ergo

1544 3365 1718 3427 prima
1765 3365 1904 3413 ratio
1964 3366 2150 3425 praxis
2216 3366 2459 3413 salvatur
2504 3367 2555 3413 in

1541 3444 1662 3489 actu
1687 3440 1866 3486 elicito
1894 3441 2204 3488 voluntatis.

1599 3519 1740 3563 Tunc
1787 3518 1931 3564 ultra
1973 3518 2076 3576 (m),
2120 3517 2554 3577 quandocumque

1540 3594 1734 3653 aliquid
1762 3596 1840 3640 est
1872 3594 2044 3653 primo
2076 3594 2180 3641 tale
2208 3593 2548 3654 conjunctum
