2653 3979
259 367 342 402 tem
355 364 512 411 praxis
530 361 592 400 vel
613 363 668 400 est
694 360 851 405 volitio,
886 359 973 397 sive
1007 360 1124 396 actus
1156 355 1265 395 elici¬

262 442 328 478 tus
364 449 387 477 a
425 438 662 484 voluntate,
699 435 765 474 vel
801 445 973 484 sequens
1009 433 1152 472 volitio
1154 443 1265 480 nem,

258 513 300 551 id
322 515 387 552 est
406 517 547 552 actum
568 514 822 562 imperatum
841 523 850 557 ;
875 513 916 548 et
935 510 995 547 sic
1016 511 1132 557 patet
1152 507 1268 558 quod

258 588 396 628 omnis
431 588 571 638 praxis
604 586 736 627 debet
769 586 864 625 elici
905 584 1178 624 conformiter
1205 593 1267 621 ra¬

260 664 361 704 tioni
389 665 477 703 sive
500 662 733 714 cognitioni
755 665 893 701 rectae.

313 742 416 781 Item
457 750 509 780 ex
556 741 670 778 dicto
706 737 934 788 Augustini
985 738 992 775 :
1039 735 1271 774 Intellectus

257 817 452 866 intelligit
491 817 573 855 sibi
608 819 643 855 et
681 815 779 855 aliis
786 845 794 861 ,
827 813 870 852 id
901 817 977 859 est,
1012 811 1128 864 quod
1163 811 1270 851 sicut

259 893 502 933 intellectus
526 895 666 943 potest
681 891 877 942 judicare
901 889 954 929 de
977 887 1144 929 actibus
1165 889 1268 933 suis,

258 969 315 1008 ita
348 971 390 1008 et
420 969 473 1007 de
505 968 669 1008 actibus
706 967 880 1006 alterius
914 966 1125 1015 potentiae,
1157 963 1269 1002 scili¬

260 1050 327 1085 cet
375 1044 593 1095 quomodo
633 1044 718 1084 sint
757 1042 955 1082 eliciendi
995 1040 1050 1080 ad
1087 1041 1184 1087 hoc,
1227 1045 1272 1078 ut

261 1123 458 1162 dicantur
485 1121 591 1160 recti
619 1121 688 1160 vel
715 1120 899 1159 morales
918 1132 927 1165 ;
953 1121 995 1158 et
1014 1120 1075 1158 sic
1097 1115 1150 1155 de
1172 1119 1269 1155 actu

260 1198 503 1244 voluntatis,
536 1196 786 1236 naturaliter
818 1194 1055 1245 posteriore
1089 1191 1181 1241 ipsa
1202 1191 1265 1230 in¬

259 1273 520 1318 tellectione,
556 1273 700 1321 potest
721 1267 916 1321 judicare
936 1271 1170 1318 antequam
1191 1266 1265 1304 eli¬

260 1350 408 1394 ciatur,
431 1349 535 1397 puta
563 1343 868 1396 cognoscendo
901 1346 1041 1383 actum
1071 1343 1269 1381 volunta¬

262 1425 311 1464 tis
340 1423 401 1463 sic
450 1423 516 1462 vel
544 1425 605 1462 sic
635 1432 729 1461 esse
760 1419 1034 1468 eliciendum,
1072 1419 1171 1469 quia
1202 1428 1269 1456 co¬

259 1500 391 1551 gnitio
414 1500 600 1549 praedica
621 1508 709 1538 non
730 1500 888 1537 tantum
906 1495 1073 1548 judicat
1094 1495 1148 1534 de
1169 1497 1269 1532 actu

259 1581 306 1616 ut
351 1575 545 1615 absolute
594 1585 617 1612 a
657 1575 877 1613 voluntate
926 1571 1152 1618 eliciendo,
1189 1569 1268 1609 sed

253 1651 420 1702 judicat
448 1650 576 1689 etiam
608 1648 660 1688 de
692 1649 807 1688 omni
848 1648 1163 1687 circumstantia
1197 1655 1267 1684 re¬

260 1726 412 1778 quisita
435 1726 486 1765 ad
510 1730 650 1765 actum
678 1725 899 1771 moralem,
934 1726 976 1762 et
1004 1734 1083 1773 per
1113 1731 1266 1762 conse¬

259 1814 397 1854 quens
443 1804 479 1842 si
519 1806 636 1842 recte
670 1801 853 1853 judicet,
900 1800 940 1840 id
983 1803 1047 1840 est
1093 1800 1128 1838 si
1177 1800 1268 1839 talis

259 1880 407 1920 notitia
440 1882 556 1919 recte
593 1878 749 1929 dirigit,
786 1880 958 1926 oportet
990 1876 1108 1915 illum
1130 1879 1269 1915 actum

258 1956 491 1997 voluntatis
534 1952 810 1994 conformiter
857 1952 953 1991 elici
1001 1951 1071 1990 tali
1119 1952 1267 2003 cogni¬

262 2032 363 2072 tioni
389 2033 529 2077 rectae,
563 2029 617 2070 ad
651 2030 733 2068 hoc
764 2032 809 2068 ut
842 2028 1008 2067 dicatur
1036 2028 1271 2067 formaliter

261 2111 406 2146 reclus
412 2139 418 2145 -
459 2107 509 2145 Et
546 2116 600 2144 ex
627 2105 710 2144 hoc
738 2108 856 2154 patet
881 2103 999 2155 quod
1028 2114 1051 2143 a
1084 2105 1270 2144 Doctore

267 2186 430 2222 umlum
239 2183 247 2222 tantum
452 2181 652 2222 definitur
674 2182 814 2227 praxis
835 2184 966 2225 recta,
1005 2180 1103 2225 quia
1135 2181 1270 2219 omnis

264 2261 455 2310 operatio
239 2262 242 2299 Doctore.
477 2269 571 2309 quae
590 2257 756 2297 elicitur
780 2267 804 2294 a
831 2257 1066 2302 voluntate,
1090 2256 1159 2296 vel
1189 2257 1270 2295 im¬

261 2338 434 2387 peratur
462 2338 508 2373 ut
540 2332 815 2374 conformiter
835 2333 986 2372 rationi
1006 2335 1147 2377 rectae,
1171 2331 1269 2371 dici¬

263 2417 328 2453 tur
347 2415 481 2459 recta,
502 2415 549 2450 ut
573 2413 687 2460 patet
707 2420 730 2448 a
752 2410 930 2449 Doctore
951 2409 994 2447 in
1022 2410 1102 2448 isto
1133 2410 1269 2458 primo

262 2490 449 2530 distinet.
476 2489 535 2527 17.
559 2487 601 2526 in
621 2487 659 2526 2.
684 2485 782 2526 dist.
807 2486 844 2524 7.
867 2485 930 2524 40.
958 2484 1022 2523 42.
1046 2484 1088 2523 in
1109 2485 1146 2524 3.
1171 2483 1266 2523 dist.

263 2567 327 2605 33.
359 2566 409 2604 34
460 2566 501 2603 et
534 2564 598 2603 36.
630 2563 672 2602 in
700 2561 739 2600 d.
778 2561 838 2599 14.
862 2561 902 2598 in
925 2559 1115 2609 quodlib.
1140 2570 1180 2609 q.
1208 2558 1268 2598 18.

265 2644 306 2681 et
336 2639 434 2679 alibi
461 2649 588 2688 saepe.

318 2713 363 2769 (1)
394 2718 457 2754 Ex
489 2715 653 2755 duabus
679 2712 982 2754 conditionibus
1002 2711 1175 2751 ultimis.
1200 2709 1268 2748 Di¬

265 2794 319 2832 cit
343 2792 500 2831 Doctor
520 2789 637 2842 quod
659 2801 712 2829 ex
733 2799 817 2840 quo
851 2790 994 2838 praxis
1029 2789 1092 2826 est
1121 2797 1267 2825 essen¬

262 2868 416 2908 tialiter
435 2867 645 2916 posterior
675 2863 982 2904 intellectione.
1001 2862 1046 2901 Et
1064 2861 1267 2907 secundo,

261 2943 379 2994 quod
416 2942 471 2982 ad
508 2942 590 2980 hoc
627 2945 674 2980 ut
716 2940 883 2980 dicatur
917 2942 1052 2986 recta,
1100 2939 1272 2988 oportet

262 3019 378 3070 quud
399 3019 450 3058 sit
471 3018 611 3058 elicita
639 3015 912 3056 conformiter
945 3015 1098 3053 rationi
1126 3015 1268 3059 rectae,

261 3096 456 3147 sequitur
486 3093 602 3145 quod
632 3097 752 3133 actus
790 3092 955 3131 elicitus
991 3102 1014 3129 a
1051 3090 1269 3130 voluntate

263 3172 340 3211 6rlt
368 3170 502 3219 primo
538 3167 692 3217 praxis,
723 3165 822 3217 quia
848 3166 916 3204 ille
945 3164 1061 3203 solus
1085 3168 1146 3203 est
1166 3164 1266 3202 sim-

260 3245 428 3296 pWeiler
465 3243 676 3293 posterior
717 3239 1004 3281 essentialiter
1039 3239 1268 3278 intellecti¬

260 3335 357 3364 one.
408 3326 537 3363 Actus
587 3331 688 3361 vero
739 3320 917 3358 aliarum
964 3317 1265 3369 potentiarum,

259 3402 293 3440 si
329 3399 524 3440 dicantur
553 3396 816 3446 posteriores
847 3394 1154 3440 intellectione,
1188 3392 1267 3431 hoc

261 3480 326 3516 est
362 3476 618 3526 inquantum
663 3473 929 3522 imperantur
967 3481 988 3508 a
1027 3469 1262 3515 voluntate,

259 3557 472 3604 sequente
505 3550 812 3601 cognitionem,
848 3551 890 3586 et
923 3546 1115 3586 similiter
1147 3546 1264 3587 solus

259 3630 488 3670 voluntatis
530 3626 694 3666 elicitus
734 3628 799 3664 est
835 3623 1086 3672 simpliciter
1124 3622 1261 3671 primo

1341 352 1570 393 conformis
1596 352 1749 392 rationi
1781 353 1930 397 rectae;
1964 351 2085 389 actus
2110 356 2210 387 vero
2244 345 2344 384 alia¬

1340 440 1433 467 rum
1456 429 1744 478 potentiarum
1773 436 1859 465 non
1881 426 2062 475 possunt
2082 422 2163 462 dici
2186 418 2348 460 confor¬

1341 514 1428 542 mes
1472 503 1624 542 rationi
1670 505 1809 547 rectae,
1846 500 1925 540 nisi
1963 499 2217 549 inquantum
2253 496 2351 534 sunt

1341 579 1539 629 imperati
1566 590 1590 617 a
1625 578 1843 617 voluntate
1887 575 2023 624 primo
2048 574 2261 623 sequente
2281 580 2347 609 ra¬

1345 656 1504 696 tionem
1525 658 1702 702 rectam,
1734 657 1780 693 ut
1806 656 1926 704 patet
1944 653 2012 691 hic
2042 662 2063 689 a
2094 651 2277 688 Doctore
2309 647 2351 685 et

1342 731 1384 769 in
1406 731 1551 769 multis
1582 730 1673 769 aliis
1692 730 1813 770 locis.

1401 811 1474 867 (m)
1505 813 1616 849 Tunc
1647 808 1778 848 ultra.
1812 805 1884 845 Ilie
1922 805 2079 842 Doctor
2113 811 2164 841 ex
2193 810 2348 850 praece¬

1345 889 1548 931 dentibus
1587 883 1771 926 intendit
1812 881 1985 928 inferre,
2020 878 2135 930 quod
2172 881 2208 918 si
2233 879 2352 915 actus

1345 968 1509 1007 elicitus
1547 960 1778 1003 voluntatis
1810 957 2087 999 conformiter
2108 953 2261 994 rationi
2289 964 2353 992 re¬

1345 1047 1421 1083 ctae
1441 1043 1666 1091 separetur
1687 1037 1738 1076 ab
1761 1039 1859 1075 actu
1879 1034 2088 1084 imperato
2108 1030 2352 1075 voluntatis,

1343 1118 1485 1159 adhuc
1524 1116 1603 1156 erit
1640 1124 1741 1154 vere
1787 1112 1945 1163 praxis,
1994 1112 2036 1150 et
2073 1108 2227 1159 probat
2272 1105 2354 1145 hoc

1345 1194 1503 1244 duplici
1525 1194 1704 1232 ratione.
1738 1191 1789 1230 Et
1816 1189 1898 1228 hoc
1928 1186 2085 1238 probat
2105 1186 2250 1224 contra
2273 1193 2347 1222 eos

1344 1271 1416 1322 qui
1446 1270 1594 1310 dicunt
1625 1265 1743 1318 quod
1768 1269 1889 1304 actus
1920 1261 2154 1302 voluntatis
2187 1259 2354 1299 elicitus

1342 1359 1428 1388 non
1470 1349 1535 1385 est
1569 1345 1721 1395 praxis,
1758 1341 1839 1381 nisi
1870 1342 1913 1379 in
1945 1337 2093 1378 ordine
2127 1336 2180 1376 ad
2211 1338 2353 1374 actum

1341 1424 1595 1472 imperatum
1632 1419 1676 1458 in
1712 1417 1803 1457 aliis
1848 1413 2068 1466 potentiis,
2107 1414 2153 1450 ut
2196 1410 2352 1450 diffuse

1341 1498 1505 1548 patebit
1538 1495 1661 1535 infra.

1394 1575 1440 1613 Et
1472 1574 1610 1623 prima
1642 1568 1836 1621 probatio
1860 1570 1925 1607 est
1944 1566 2002 1607 ibi
2028 1567 2035 1611 :
2059 1565 2350 1611 Quandocum-

1342 1663 1419 1701 que
1440 1649 1605 1699 aliquid
1624 1652 1680 1686 est
1693 1647 1838 1696 primo
1858 1644 1956 1691 tale,
1980 1646 2062 1683 etc.
2086 1643 2167 1680 Ista
2189 1650 2350 1689 propo¬

1341 1728 1432 1768 sitio
1482 1728 1545 1764 est
1584 1721 1824 1768 manifesta,
1874 1722 1917 1760 et
1964 1718 2063 1757 dicit
2102 1716 2218 1767 quod
2260 1713 2352 1753 talis

1342 1805 1461 1842 actus
1489 1801 1654 1840 elicitus
1687 1798 1918 1838 voluntatis
1949 1799 1997 1835 ut
2026 1793 2257 1834 conformis
2286 1802 2350 1830 ra¬

1345 1881 1445 1922 tioni
1465 1882 1604 1924 rectae,
1628 1879 1771 1928 potest
1792 1886 1886 1915 esse
1908 1873 2000 1914 sine
2022 1874 2121 1911 actu
2141 1872 2350 1919 imperato

1340 1955 1384 1994 in
1417 1956 1496 1995 alia
1527 1954 1735 2004 potentia,
1772 1953 1873 2000 puta
1905 1947 2120 1994 sensitiva,
2154 1950 2201 1986 ut
2234 1947 2353 1994 palet

1345 2032 1398 2070 de
1446 2030 1628 2081 objectis
1682 2024 2051 2071 immaterialibus,
2101 2023 2212 2063 circa
2261 2031 2353 2071 quae

1341 2108 1539 2147 voluntas
1558 2107 1702 2156 potest
1718 2103 1877 2142 habere
1897 2103 2041 2140 actum
2060 2102 2242 2145 rectum,
2260 2098 2354 2137 sine

1345 2192 1618 2234 quacumque
1651 2180 1901 2230 operatione
1941 2175 2168 2224 exteriori;
2219 2174 2351 2224 patet,

1345 2260 1443 2310 quia
1462 2256 1709 2309 hujusmodi
1729 2255 1900 2306 objecta
1925 2263 2012 2292 non
2038 2256 2138 2290 sunt
2166 2249 2353 2300 objecta,

1345 2336 1451 2375 circa
1478 2345 1570 2386 quae
1591 2331 1794 2384 potentiae
1816 2331 2028 2370 sensitivae
2060 2327 2229 2378 operari
2261 2337 2353 2377 pos¬

1345 2411 1443 2450 sint.
1467 2411 1556 2449 Non
1576 2412 1709 2460 negat
1733 2411 1876 2447 tamen
1897 2407 2072 2451 Doctor,
2104 2403 2206 2455 quin
2229 2405 2355 2442 etiam

1344 2490 1463 2525 actus
1485 2484 1712 2524 voluntatis
1746 2483 1881 2533 possit
1918 2482 2070 2521 rationi
2102 2481 2233 2519 rectae
2257 2488 2355 2517 con¬

1344 2561 1532 2601 formiter
1561 2560 1654 2599 elici
1675 2571 1698 2598 a
1719 2559 1954 2604 voluntate,
1978 2556 2107 2596 etiam
2129 2555 2238 2595 circa
2260 2564 2354 2593 sen¬

1345 2638 1494 2683 sibilia,
1530 2638 1624 2676 sine
1657 2639 1751 2674 actu
1782 2634 1955 2674 alterius
1987 2632 2194 2684 potentiae
2216 2628 2356 2670 sensi¬

1345 2713 1435 2752 tivae
1456 2713 1543 2752 sive
1563 2712 1777 2751 interioris
1799 2713 1886 2751 sive
1910 2708 2145 2749 exterioris.

1397 2787 1596 2827 Secunda
1630 2789 1738 2827 ratio
1781 2790 1848 2826 est
1887 2786 1945 2826 ibi
1987 2788 1996 2824 :
2042 2785 2234 2824 Secundo
2279 2783 2357 2822 hoc

1343 2865 1453 2904 idem
1467 2864 1694 2914 probatur.
1726 2864 1776 2903 Et
1794 2863 1899 2903 ratio
1922 2864 2004 2902 stat
2026 2862 2068 2900 in
2089 2861 2171 2900 hoc
2202 2859 2354 2910 princi¬

1343 2941 1513 2990 paliter,
1536 2938 1654 2990 quod
1683 2940 1793 2979 sicut
1819 2939 2010 2988 potentia
2030 2938 2232 2976 sensitiva
2253 2946 2354 2976 vere

1344 3019 1486 3066 potest
1528 3017 1835 3065 concupiscere
1871 3013 2031 3065 aliquid
2063 3017 2110 3052 ut
2141 3012 2353 3065 gustativa

1345 3093 1501 3139 cibum,
1537 3096 1577 3131 et
1614 3095 1758 3131 tamen
1797 3094 1895 3130 actu
1933 3101 2020 3130 non
2059 3087 2261 3137 comedit,
2312 3090 2354 3127 et

1345 3171 1487 3208 tamen
1518 3168 1588 3207 ille
1619 3171 1739 3207 actus
1771 3165 2121 3216 concupiscendi,
2142 3168 2189 3205 ut
2209 3165 2351 3216 sequi¬

1343 3247 1410 3283 tur
1458 3245 1750 3295 cognitionem
1798 3242 2046 3282 directivam
2084 3244 2227 3292 potest
2269 3241 2349 3280 dici

1340 3320 1483 3368 praxis
1502 3330 1510 3365 ;
1544 3327 1646 3368 ergo
1681 3329 1703 3356 a
1741 3316 1902 3356 fortiori
1941 3318 2131 3366 potentia
2177 3315 2347 3355 volitiva

1338 3397 1483 3444 potest
1511 3394 1620 3432 velle
1666 3396 1767 3442 puta
1786 3393 2030 3438 comedere,
2068 3392 2233 3442 absque
2266 3392 2348 3430 hoc

1339 3471 1454 3521 quod
1475 3474 1683 3522 sequatur
1704 3472 1905 3510 comestio
1926 3470 1969 3508 in
1991 3470 2183 3520 potentia
2203 3475 2345 3520 gusta¬

1337 3548 1435 3596 tiva,
1458 3550 1501 3587 et
1521 3547 1580 3586 sic
1605 3547 1684 3587 tale
1706 3547 1815 3587 velle
1839 3546 1915 3585 erit
1935 3557 2034 3586 vere
2055 3546 2209 3596 praxis.

1387 3625 1541 3664 Probat
1561 3624 1687 3664 modo
1709 3627 1868 3665 Doctor
1895 3625 2012 3676 quod
2035 3625 2127 3665 talis
2148 3625 2343 3666 voluntas
