2653 3979
241 349 274 390 si
304 351 357 391 sit
378 352 516 392 elicita
547 353 821 394 conformiter
846 354 999 395 rationi
1030 358 1169 403 recise,
1202 358 1245 394 et

240 427 299 466 sic
323 433 438 476 patet
458 430 618 478 primus
649 431 863 470 articulus.

294 503 407 541 Multi
433 507 576 544 tamen
604 511 750 545 contra
781 505 1072 546 definitionem
1103 508 1244 557 praxis

243 575 384 617 datam
407 589 428 616 a
457 579 639 619 Doctore
669 581 881 620 subtiliter
910 586 1108 632 arguunt,
1138 592 1246 632 prae-

241 655 367 704 cipue
385 656 504 694 Joan.
527 657 728 707 Anglicus
752 659 931 697 Baccon.
949 659 992 707 in
1007 658 1189 707 prologo
1204 668 1243 706 q.

238 729 276 767 4.
309 730 379 779 qui
408 729 578 769 videlur
609 735 756 770 tenere
779 731 894 781 quod
916 734 1054 780 praxis
1074 735 1138 771 est
1158 732 1248 770 sola

240 806 430 854 operatio
451 806 710 854 intellectus,
743 810 785 846 et
808 807 922 847 nullo
943 808 1073 848 modo
1094 808 1246 848 volun¬

237 880 348 927 tatis,
365 880 463 921 ideo
485 881 539 920 ad
569 886 823 933 argumenta
854 884 1045 924 Doctoris
1065 893 1245 933 respon¬

241 956 327 995 det.
361 957 424 996 Ad
445 958 630 1006 primum
653 958 752 998 dicit
773 958 890 1008 quod
911 960 977 999 hic
1000 963 1141 1000 textus
1161 970 1247 1000 non

237 1032 420 1072 habetur
448 1034 500 1072 ab
531 1035 773 1081 Aristotele,
803 1036 1005 1076 videlicet
1037 1037 1154 1087 quod
1188 1038 1248 1076 in¬

240 1108 439 1146 tellectus
461 1111 713 1149 extensione
734 1109 779 1149 fit
796 1112 1022 1160 practicus.
1049 1112 1246 1152 Secundo

240 1182 354 1229 dicit,
378 1183 495 1232 quod
516 1184 642 1223 etiam
663 1185 744 1224 hoc
765 1186 920 1234 posito,
944 1186 1036 1226 talis
1054 1188 1246 1227 extensio

238 1268 324 1296 non
348 1257 477 1299 debet
498 1261 675 1311 intelligi
706 1261 816 1300 circa
838 1262 958 1300 aliam
992 1263 1245 1312 potentiam,

238 1335 316 1374 sed
357 1337 467 1375 circa
505 1337 753 1387 objectum;
794 1349 890 1377 nam
935 1342 969 1380 si
1001 1340 1246 1379 intellectus

238 1412 375 1451 tendit
394 1413 435 1452 in
465 1413 699 1464 objectum,
733 1415 775 1453 in
805 1416 969 1454 ratione
999 1416 1247 1465 simpliciter

236 1486 416 1534 scibilis,
450 1487 602 1526 dicitur
640 1489 929 1539 speculativus
952 1501 961 1537 ;
993 1493 1027 1529 si
1064 1502 1165 1530 vero
1204 1493 1247 1530 in

235 1564 400 1602 ratione
435 1565 692 1613 operabitis,
731 1564 886 1604 dicitur
919 1569 1132 1615 practicus
1153 1598 1163 1613 ,
1207 1571 1247 1607 et

236 1639 328 1678 talis
356 1639 542 1690 cognitio
578 1651 672 1690 quae
691 1642 751 1680 sic
774 1640 912 1679 tendit
943 1642 985 1680 in
1019 1642 1100 1681 tale
1125 1641 1243 1692 obje¬

239 1721 369 1764 ctum,
394 1715 550 1755 dicitur
570 1718 728 1766 praxis.

289 1790 352 1828 Ad
400 1791 530 1838 aliud,
572 1791 744 1842 quando
794 1792 951 1832 Doctor
998 1793 1097 1832 dicit
1136 1794 1246 1844 quod

239 1866 373 1913 prima
398 1866 536 1913 praxis
567 1868 632 1905 est
671 1869 862 1914 operatio
886 1876 980 1916 quae
1001 1872 1065 1906 est
1094 1870 1137 1907 in
1166 1880 1246 1918 po¬

240 1945 392 1981 testate
422 1944 582 1987 nostra,
608 1941 708 1981 dicit
729 1941 846 1992 quod
869 1941 1028 1982 dictare
1064 1942 1116 1982 de
1139 1956 1248 1994 ope¬

236 2029 279 2056 ra
286 2018 358 2057 bili
374 2018 477 2068 quid
509 2018 770 2058 conveniens
810 2021 852 2057 et
885 2019 987 2068 quid
1025 2018 1245 2059 disconve¬

236 2094 375 2139 niens,
410 2094 589 2133 maxime
605 2097 670 2133 est
688 2093 732 2133 in
754 2096 962 2143 potestate
983 2094 1242 2143 intellectus,

239 2172 281 2208 et
296 2168 356 2208 sic
374 2169 465 2209 talis
485 2171 672 2220 cognitio
697 2169 894 2210 dictativa
917 2170 1069 2211 dicitur
1089 2173 1244 2220 praxis.

239 2246 287 2284 Et
315 2246 351 2283 si
384 2245 555 2285 dicatur
574 2245 689 2296 quod
722 2246 920 2285 voluntas
960 2250 1024 2286 est
1060 2246 1246 2296 primum

239 2322 496 2372 principium
542 2320 822 2361 artificialium
871 2325 913 2360 et
947 2323 1243 2372 operabilium,

241 2400 286 2436 ut
315 2400 432 2446 patet
454 2397 507 2436 de
536 2399 686 2438 Anima
706 2400 744 2438 6.
768 2399 864 2437 Met.
891 2400 933 2436 et
968 2399 1006 2438 6.
1049 2400 1179 2438 Ethic.
1205 2402 1245 2438 et

239 2473 297 2512 sic
329 2474 463 2522 prima
485 2475 627 2523 praxis
655 2473 699 2512 in
720 2474 941 2512 voluntate
961 2487 969 2523 ;
999 2474 1101 2513 dicit
1130 2474 1247 2524 quod

236 2548 432 2590 voluntas
451 2547 553 2588 facit
574 2548 627 2588 ad
648 2551 812 2599 praxim
834 2548 1160 2596 antecedenter,
1190 2551 1247 2589 ita

238 2625 355 2678 quod
376 2626 561 2676 disponit
591 2626 856 2666 intellectum
886 2626 940 2664 ad
957 2628 1138 2676 praxim,
1171 2628 1246 2666 im¬

235 2703 427 2754 perando
448 2706 736 2755 cognitionem
759 2715 853 2755 quae
873 2707 938 2743 est
965 2716 1065 2745 vera
1087 2704 1243 2755 praxis.

235 2782 348 2821 Facit
378 2782 505 2820 etiam
537 2784 857 2831 consequenter
878 2812 886 2827 ,
919 2784 1017 2831 quia
1049 2783 1245 2822 voluntas

234 2857 509 2906 prosequitur
529 2856 646 2905 quod
676 2859 741 2896 est
770 2856 977 2896 dictatum
998 2859 1049 2897 ab
1081 2858 1247 2897 intelle¬

234 2935 305 2972 ctu
335 2933 424 2972 sive
444 2943 467 2971 a
489 2934 752 2982 cognitione,
776 2935 818 2970 et
844 2932 904 2972 sic
926 2930 1057 2972 debet
1090 2933 1244 2972 intelli¬

235 3008 278 3059 gi
296 3007 562 3053 Aristoteles,
595 3010 735 3046 tamen
765 3011 918 3046 neuter
948 3012 1066 3047 actus
1099 3009 1246 3048 volun¬

238 3085 348 3129 tatis,
376 3083 538 3124 scilicet
577 3083 844 3123 antecedens
873 3086 916 3122 et
955 3095 1243 3134 consequens,

237 3161 302 3197 est
321 3157 600 3209 quidditative
630 3158 771 3208 praxis
790 3171 799 3205 ;
823 3157 902 3197 sed
917 3160 1094 3199 actualis
1112 3159 1242 3198 dicta¬

237 3233 290 3273 tio
319 3234 565 3272 intellectus
600 3238 666 3273 est
692 3233 973 3284 quidditative
1008 3236 1164 3284 praxis,
1206 3238 1248 3275 et

236 3310 318 3348 hoc
359 3308 512 3357 probat
548 3319 626 3357 per
656 3309 943 3354 Aristotelem,
977 3312 1049 3359 qui
1077 3310 1176 3349 dicit
1205 3311 1243 3349 6.

239 3385 372 3423 Ethic.
397 3395 490 3434 cap.
515 3385 550 3429 3.
578 3387 696 3430 Quod
714 3389 771 3424 est
793 3387 835 3424 in
853 3388 988 3424 mente
1010 3385 1245 3434 affirmatio

234 3466 272 3500 et
291 3462 469 3510 negatio,
493 3461 571 3499 hoc
590 3463 634 3499 in
662 3464 852 3510 appetitu
881 3464 937 3500 est
947 3462 1189 3510 prosecutio
1208 3464 1246 3499 et

233 3538 348 3586 fuga.
371 3537 618 3576 Aristoteles
640 3538 749 3576 enim
780 3538 836 3577 ibi
876 3537 1099 3589 distinguit
1131 3537 1241 3577 affir¬

240 3615 468 3655 mationem
508 3616 550 3652 et
595 3615 873 3665 negationem
927 3614 971 3653 in
1022 3614 1246 3653 intellectu

1318 355 1521 405 practico,
1545 357 1690 393 contra
1712 355 2058 405 prosecutionem
2074 357 2326 406 imperatam

1319 440 1342 468 a
1361 431 1598 476 voluntate,
1621 431 1700 470 sed
1721 431 1815 470 talis
1849 431 2027 471 actualis
2058 430 2226 471 dictatio
2259 432 2324 469 est

1320 504 1600 555 quidditative
1633 507 1787 555 praxis.

1372 581 1571 620 Secundo
1588 582 1757 630 probat,
1781 583 1879 632 quia
1900 582 2182 632 Philosophus
2201 584 2240 622 6.
2259 585 2326 621 Et¬

1318 656 1398 695 hic.
1424 656 1678 696 determinat
1711 657 1824 708 quod
1845 658 2086 698 intellectus
2115 659 2330 709 practicus

1322 736 1401 779 est,
1426 735 1498 782 qui
1514 731 1695 772 affirmat
1715 735 1876 784 aliquid
1898 738 1939 774 et
1960 739 2114 785 negat;
2151 734 2333 773 finaliter

1323 818 1431 848 coin.
1473 809 1537 846 21.
1572 809 1788 849 concludit
1811 813 1820 849 :
1856 813 1963 849 Sunt
1997 812 2140 860 utique
2182 811 2331 860 quibus

1320 893 1465 922 verum
1504 886 1694 923 animam
1732 886 1992 934 affirmando
2043 889 2078 925 et
2124 888 2328 936 negando,

1322 960 1503 1008 quinque
1535 965 1628 999 sunt
1657 963 1885 1001 secundum
1942 971 2165 1001 numerum
2184 975 2192 1010 ,
2243 974 2328 1009 ars,

1319 1038 1492 1077 scientia
1510 1050 1519 1086 ,
1536 1040 1782 1086 prudentia,
1817 1040 2040 1086 sapientia,
2079 1040 2324 1079 intellectus.

1321 1111 1405 1150 Sed
1426 1112 1505 1151 ista
1536 1114 1764 1165 epilogatio
1787 1125 1872 1154 non
1893 1116 2056 1154 valeret
2077 1117 2157 1155 nisi
2188 1115 2231 1154 in
2262 1115 2328 1154 in¬

1325 1188 1499 1227 tellectu
1519 1190 1693 1239 praecise
1715 1190 1996 1231 concluderet
2016 1194 2195 1241 praxim,
2232 1193 2327 1242 quia

1319 1266 1387 1306 isti
1412 1265 1601 1316 quinque
1630 1265 1800 1305 habitus
1816 1269 1914 1305 sunt
1944 1266 2273 1307 intellectuales.

1372 1342 1512 1380 Tertio
1534 1340 1674 1390 arguit
1695 1341 1806 1380 idem
1824 1352 1902 1391 per
1916 1340 2210 1391 definitionem
2224 1354 2328 1391 pra¬

1319 1418 1388 1455 xis
1408 1417 1544 1466 primo
1563 1416 1694 1455 Ethic.
1721 1428 1829 1456 com.
1853 1419 1884 1455 1.
1904 1429 1995 1468 quae
2013 1417 2104 1457 talis
2121 1421 2212 1457 est:
2232 1421 2334 1457 Pra¬

1320 1493 1390 1530 xis
1415 1493 1527 1540 quod
1546 1497 1844 1532 consueverunt
1866 1494 2101 1542 transferre
2118 1496 2158 1533 in
2175 1498 2332 1540 actum,

1320 1571 1375 1606 est
1394 1568 1622 1605 secundum
1650 1565 1892 1606 electionem
1920 1569 2102 1607 hominis
2120 1571 2330 1619 energeia,

1318 1642 1364 1681 id
1383 1645 1439 1680 est
1460 1644 1663 1690 operatio.
1686 1643 1733 1682 Et
1751 1642 1840 1683 vult
1862 1642 2181 1684 Commentator
2214 1646 2330 1694 quod

1313 1719 1472 1764 praxis
1505 1721 1547 1756 et
1580 1721 1776 1767 energeia
1824 1721 2106 1760 communiter
2145 1727 2332 1772 acceptae

1320 1797 1416 1833 sunt
1440 1793 1571 1840 idem,
1614 1792 1692 1843 sed
1731 1797 1887 1843 praxis
1924 1795 2168 1845 specialiter
2212 1796 2331 1836 addit

1320 1879 1449 1918 supra
1487 1869 1741 1917 energeiam,
1783 1870 1901 1920 quod
1931 1873 1996 1909 est
2027 1873 2219 1921 operatio
2267 1882 2333 1911 se¬

1321 1944 1511 1984 cundum
1550 1945 1806 1985 electionem
1828 1959 1838 1994 ;
1871 1947 2015 1987 electio
2054 1958 2151 1987 vero
2188 1952 2259 1999 (ut
2281 1952 2336 1988 ait

1321 2019 1639 2060 Commentator
1661 2019 1673 2072 )
1713 2025 1769 2060 est
1808 2023 1858 2060 de
1896 2023 2058 2061 duobus
2100 2025 2335 2073 propositis

1312 2096 1526 2145 judicium
1555 2096 1734 2135 hominis
1763 2096 1838 2136 hoc
1873 2107 1962 2146 prae
2001 2096 2137 2136 altero
2169 2109 2334 2147 praepo¬

1318 2180 1430 2216 nens,
1451 2174 1491 2209 et
1512 2169 1708 2210 subditur
1728 2173 1770 2210 in
1799 2181 1953 2211 comm.
1987 2174 2173 2221 sequitur
2193 2179 2335 2213 autem

1313 2247 1408 2293 post
1423 2246 1665 2284 electionem
1685 2250 1819 2285 motus
1839 2251 1874 2286 et
1905 2249 2080 2296 impetus
2100 2250 2158 2288 ad
2176 2254 2331 2295 actum,

1322 2324 1362 2359 et
1391 2321 1451 2358 sic
1471 2323 1604 2369 patet,
1633 2321 1751 2370 quod
1785 2322 1937 2361 electio
1968 2323 2178 2372 praecedit
2204 2325 2331 2363 moti¬

1320 2411 1448 2440 onem
1481 2401 1734 2450 voluntatis,
1772 2406 1814 2441 et
1857 2404 1948 2442 talis
1992 2405 2143 2444 electio
2179 2406 2331 2445 dicitur

1320 2486 1420 2515 vere
1445 2478 1598 2525 praxis.
1631 2478 1679 2515 Et
1700 2478 1830 2518 multa
1852 2479 1932 2518 alia
1964 2479 2077 2529 dicit,
2111 2491 2203 2530 quae
2228 2492 2329 2532 quo¬

1321 2550 1549 2591 dammodo
1579 2554 1622 2592 in
1643 2553 1755 2592 idem
1790 2554 1997 2602 incidunt,
2028 2555 2126 2596 ideo
2165 2559 2329 2597 omitto.

1372 2628 1629 2678 Respondeo
1652 2634 1693 2668 et
1713 2630 1808 2669 dico
1845 2631 1997 2681 primo,
2030 2632 2148 2682 quod
2183 2633 2330 2672 soluti¬

1319 2714 1427 2744 ones
1455 2703 1563 2742 datae
1592 2707 1739 2744 contra
1780 2707 1969 2746 rationes
2013 2708 2205 2748 Doctoris
2243 2719 2333 2749 non

1322 2779 1598 2819 concludunt.
1624 2779 1748 2826 Quod
1784 2779 1892 2825 dicit,
1933 2781 2048 2831 quod
2081 2783 2149 2823 hic
2191 2788 2332 2824 textus

1320 2865 1407 2893 non
1427 2855 1638 2902 reperitur
1656 2856 1699 2894 in
1720 2856 1962 2905 Aristotele,
1996 2860 2076 2896 etc.
2097 2858 2190 2897 dico
2214 2860 2333 2909 quod

1322 2933 1605 2970 communiter
1641 2943 1666 2970 a
1704 2934 1959 2974 Ductoribus
1997 2937 2057 2976 sic
2102 2939 2327 2991 allegatur.

1321 3006 1426 3045 Dicit
1443 3006 1555 3044 enim
1576 3007 1636 3045 sic
1668 3010 1808 3047 textus
1837 3014 1884 3048 ut
1905 3015 2023 3059 patet
2050 3015 2150 3053 text.
2176 3025 2330 3054 comm.

1318 3078 1370 3118 49
1385 3083 1393 3118 :
1419 3083 1467 3118 Et
1489 3080 1718 3120 intellectus
1738 3086 1994 3132 operativus,
2019 3090 2055 3124 et
2076 3092 2132 3127 est
2146 3093 2335 3138 cogitans

1318 3155 1362 3194 in
1391 3167 1452 3202 re,
1480 3157 1624 3204 differt
1653 3169 1680 3195 a
1706 3159 1964 3207 speculativo
1999 3163 2040 3200 in
2056 3165 2332 3215 perfectione,

1318 3230 1481 3270 scilicet
1520 3231 1604 3271 fine
1628 3262 1638 3279 ,
1678 3234 1920 3274 secundum
1961 3237 2089 3277 alium
2127 3243 2288 3280 textum
2320 3255 2329 3281 :

1321 3312 1448 3348 Omne
1468 3309 1579 3346 enim
1611 3309 1866 3349 desiderium
1900 3315 1956 3350 est
1991 3313 2244 3354 desiderium
2277 3319 2334 3357 ad

1319 3387 1498 3434 aliquid.
1522 3387 1786 3425 Desiderium
1806 3390 1916 3427 enim
1940 3401 2022 3428 non
2043 3396 2098 3430 est
2118 3395 2328 3444 principi¬

1317 3471 1388 3499 um
1410 3459 1640 3499 intellectus
1659 3462 1921 3509 speculativi,
1952 3465 2025 3502 sed
2041 3466 2116 3505 ille
2135 3467 2248 3505 alius
2273 3472 2331 3508 est

1315 3539 1575 3586 principium
1613 3539 1842 3579 intellectus
1849 3552 1856 3582 ,
1897 3544 1933 3578 et
1977 3543 2174 3590 cogitatio
2215 3549 2332 3594 apud

1318 3614 1537 3652 actionem.
1562 3616 1826 3654 Desiderium
1847 3618 1956 3656 enim
1987 3626 2132 3667 movet,
2169 3625 2204 3661 et
2236 3624 2329 3662 ideo
