2653 3979
202 435 336 475 nem,
369 423 454 483 qui
478 423 666 471 accidit
697 423 918 483 objecto,
956 423 1042 470 sed
1064 423 1206 470 habi¬

201 500 285 544 tus
316 500 630 558 speculativi
671 502 723 546 et
795 498 1020 558 practici
1065 499 1207 545 diffe¬

200 576 321 620 runt
352 587 508 633 penes
540 575 869 634 objectorum
894 574 1206 634 specialium

199 648 552 696 differentiam
595 650 894 698 formalem.
927 651 1204 709 Arguitur,

199 726 320 784 quia
346 726 404 771 de
443 725 710 773 habitibus
755 726 951 773 dicitur
979 727 1204 774 secundo

199 801 322 847 Met.
352 802 478 846 Finis
503 804 783 859 speculativas
803 812 862 846 est
895 805 1069 855 veritas,
1099 819 1206 860 pra-

196 879 317 920 cticce
335 885 479 920 autem
505 893 624 934 opus.
657 877 935 929 Similiter,
966 880 1090 924 tunc
1117 877 1204 924 ha¬

196 951 336 999 bitus
381 953 652 1012 practicus
683 953 785 998 erit
832 952 883 998 in
931 954 1202 1000 intellectu

197 1027 542 1087 speculativo,
568 1041 662 1074 nec
682 1028 985 1075 intellectus
1008 1030 1069 1088 (c)
1111 1029 1202 1075 illo

194 1103 373 1150 habitu
403 1103 609 1150 dicetur
638 1104 922 1163 practicus,
967 1106 1098 1163 quod
1131 1105 1203 1151 vi¬

193 1179 347 1226 detur
376 1179 766 1232 inconveniens,
793 1180 914 1239 quia
944 1181 1085 1226 omni
1112 1180 1201 1226 ha¬

190 1254 301 1301 bitu
348 1255 723 1302 denominatur
774 1255 970 1301 habens
1025 1269 1201 1303 secun¬

190 1329 310 1376 dum
337 1332 589 1377 naturam
617 1330 844 1377 habitus.

248 1406 550 1465 Respondet
589 1405 650 1452 ad
691 1406 923 1464 primum
952 1406 1030 1463 (d),
1067 1405 1200 1464 quod

191 1481 426 1528 scientiae
454 1480 707 1541 practicae
732 1480 852 1526 finis
885 1483 966 1527 est
990 1493 1119 1540 opus
1148 1479 1200 1525 in

194 1557 427 1616 potentia
465 1559 515 1603 et
545 1557 852 1616 aptitudine,
884 1556 1198 1615 inquantum

189 1633 303 1693 ejus
327 1632 591 1691 objectum
614 1635 694 1679 est
719 1631 985 1691 operabile
1009 1645 1102 1691 per
1120 1645 1195 1684 se;

190 1709 275 1754 sed
300 1708 562 1768 objectum
600 1708 867 1768 operabile
896 1708 1197 1754 considera¬

187 1786 279 1829 tur
331 1784 612 1830 secundum
666 1783 815 1828 illum
860 1783 1099 1829 habitum
1146 1782 1199 1828 in

189 1858 494 1911 universali,
541 1872 653 1918 quae
697 1858 1053 1904 consideratio
1092 1871 1199 1903 non

189 1936 383 1982 sufficit
412 1936 473 1982 ad
513 1935 611 1982 hoc
639 1938 694 1982 ut
730 1934 1047 1995 subjiciatur
1077 1947 1197 1994 ope¬

195 2012 390 2059 rationi
429 2011 482 2057 in
520 2013 641 2057 actu
680 2014 732 2058 et
768 2011 819 2057 in
859 2009 1194 2070 particulari.

193 2089 257 2134 Et
287 2087 407 2147 quia
433 2090 583 2134 actus
622 2090 702 2134 est
742 2087 932 2132 melior
959 2086 1198 2146 potentia

189 2164 242 2210 in
262 2164 428 2216 bonis,
454 2164 566 2210 ideo
600 2163 896 2224 requiritur
923 2163 1046 2210 talis
1074 2177 1197 2209 con¬

187 2239 440 2286 sideratio
485 2239 834 2298 particularis
874 2242 926 2286 et
953 2239 1007 2284 in
1046 2241 1194 2291 actu;

188 2315 292 2363 ista
319 2318 496 2361 autem
524 2318 605 2362 est
647 2329 740 2375 per
767 2314 929 2361 alium
957 2314 1197 2362 habitum

185 2406 214 2438 a
244 2390 470 2437 scientia
502 2391 761 2451 practica,
785 2393 837 2438 et
865 2392 966 2438 iste
988 2390 1200 2436 habitus

181 2466 317 2513 alius
347 2466 520 2512 solum
561 2470 643 2515 est
683 2468 735 2514 in
768 2467 1041 2513 intellectu
1077 2479 1200 2525 pra-

181 2541 340 2589 ctico.

242 2617 316 2663 Ad
363 2617 646 2664 secundum
692 2617 776 2675 (e),
825 2616 1021 2664 dicitur
1068 2615 1201 2674 quod

185 2692 572 2739 denominative
595 2694 771 2750 potest
800 2692 901 2738 dici
930 2691 1199 2753 practicus

187 2782 292 2815 non
309 2767 642 2828 simpliciter,
663 2768 748 2813 sed
771 2768 1056 2824 secundum
1078 2768 1196 2824 quid,

187 2844 389 2891 scilicet
434 2843 775 2901 intelligendo
814 2841 1202 2889 denominatio¬

187 2933 307 2966 nem
329 2918 446 2965 fieri
475 2919 538 2964 ab
565 2917 765 2964 habitu.

248 2998 464 3047 Contra,
508 2993 674 3053 igitur
718 2992 930 3040 habitus
963 2995 1015 3039 et
1049 2995 1199 3039 actus

191 3070 456 3130 practicus
475 3072 695 3129 possunt
716 3082 831 3115 esse
853 3069 906 3114 in
928 3068 1199 3115 intellectu

191 3145 533 3207 speculativo,
566 3145 688 3203 quia
710 3144 921 3191 habitus
942 3144 1025 3190 vel
1049 3147 1199 3192 actus

192 3235 257 3267 ex
299 3222 498 3267 natura
541 3233 638 3266 sua
682 3219 974 3278 practicus,
1023 3221 1200 3278 potest

192 3311 306 3343 esse
328 3296 381 3342 in
403 3296 672 3344 intellectu
689 3295 800 3341 sine
821 3295 919 3342 tali
941 3294 1200 3341 relatione

193 3373 254 3419 ad
281 3375 457 3419 actum
483 3371 778 3417 voluntatis
803 3371 1010 3430 qualem
1034 3370 1197 3430 ponit.

192 3450 526 3507 Consequens
561 3447 884 3499 concederet,
923 3447 1010 3492 sed
1036 3446 1201 3492 alium

190 3523 430 3571 habitum
478 3525 698 3582 poneret
736 3535 892 3580 posse
924 3521 1108 3567 haberi
1149 3522 1201 3567 in

193 3599 464 3646 intellectu
493 3597 733 3657 practico
768 3610 832 3643 ex
867 3597 1070 3643 actibus
1098 3610 1203 3642 non

195 3677 403 3721 tantum
445 3673 717 3734 practicis,
767 3673 853 3719 sed
892 3687 956 3719 ex
998 3674 1200 3720 actibus

1279 425 1579 472 intellectus
1611 426 1831 486 practici
1866 431 2194 487 generatum.

1337 502 1538 548 Contra
1559 501 1630 560 (f),
1656 501 1866 549 habitus
1907 506 2178 563 practicus
2206 517 2287 565 ge¬

1278 578 1496 622 neratus
1530 590 1593 622 ex
1641 578 1843 624 actibus
1874 581 2127 638 practicis
2150 581 2288 628 suffi¬

1279 653 1422 697 ceret
1469 652 1530 698 ad
1574 665 1650 705 ea,
1694 654 1755 700 ad
1795 667 1908 712 quae
1943 655 2031 702 ille
2076 657 2286 705 habitus

1279 730 1564 785 generatus
1616 741 1679 774 ex
1726 729 1929 776 actibus
1985 730 2286 779 intellectus

1280 802 1506 861 practici
1550 803 1823 863 dirigeret,
1872 806 1993 864 quia
2038 808 2285 855 voluntas

1279 877 1549 936 imperans
1600 880 2014 929 considerationi
2066 886 2287 943 propter

1280 954 1440 1001 talem
1483 956 1656 1009 finem,
1692 971 1797 1004 non
1824 960 1911 1006 dat
1952 959 2112 1006 aliam
2155 962 2285 1009 rati¬

1280 1043 1432 1077 onem
1465 1032 1879 1080 considerationi
1915 1035 1964 1081 in
1993 1035 2282 1096 dirigendo,

1276 1119 1369 1152 nec
1406 1120 1499 1167 per
1532 1121 1857 1168 consequens
1897 1110 2102 1159 habitui
2130 1125 2284 1171 gene¬

1277 1184 1396 1228 rato
1448 1197 1512 1229 ex
1563 1185 2093 1234 considerationibus.
2154 1190 2284 1236 Item

1276 1261 1401 1304 tunc
1443 1261 1511 1319 (g)
1536 1262 1703 1308 multa
1736 1264 2028 1311 accidentia
2050 1265 2283 1325 ejusdem

1276 1334 1469 1393 speciei
1497 1340 1673 1385 essent
1698 1338 1750 1384 in
1771 1340 1966 1386 eodem.
1999 1341 2116 1387 Non
2144 1342 2284 1388 enim

1275 1414 1495 1468 propter
1519 1411 1755 1459 ordinem
1775 1415 2087 1469 voluntatis,
2112 1420 2163 1464 et
2180 1431 2283 1464 non

1276 1485 1709 1546 ordinem,potest
1731 1491 1854 1548 poni
1874 1491 2145 1540 distinctio
2175 1507 2283 1554 spe¬

1273 1560 1422 1607 cifica
1455 1565 1604 1610 actus
1629 1565 1785 1624 hujus
1819 1568 1869 1613 et
1894 1567 2055 1622 illius,
2099 1570 2283 1617 simili¬

1273 1639 1358 1683 ter
1378 1651 1471 1685 nec
1499 1639 1728 1688 habitus.

1332 1715 1465 1760 Item
1498 1716 1660 1763 tertio
1684 1720 1874 1766 contra
1904 1719 2207 1779 opinionem
2231 1724 2282 1770 in

1274 1802 1344 1840 se,
1383 1791 1677 1851 subjectum
1712 1793 1780 1851 (h)
1844 1795 2014 1853 magis
2056 1797 2283 1846 denomi¬

1270 1866 1433 1911 natur
1460 1879 1490 1911 a
1514 1881 1609 1926 per
1635 1883 1690 1915 se
1716 1871 2016 1919 conditione
2046 1873 2127 1919 sui
2147 1875 2285 1922 acci¬

1271 1940 1440 1988 dentis
1481 1946 1532 1990 et
1571 1946 1845 1993 essentiali
1873 1961 2028 2007 quam
2057 1963 2087 1995 a
2114 1951 2283 1998 condi¬

1269 2016 1416 2063 tione
1442 2018 1675 2080 ejusdem
1710 2021 2051 2078 accidentali;
2077 2039 2208 2085 ergo
2239 2029 2283 2075 si

1272 2092 1572 2141 intellectus
1602 2100 1777 2156 potest
1798 2099 1900 2146 dici
1928 2102 2196 2159 practicus
2217 2117 2281 2149 ex

1272 2168 1570 2217 conditione
1598 2173 1911 2221 accidentali
1945 2175 2026 2222 sui
2053 2177 2280 2231 habitus,

1274 2246 1400 2301 puta
1420 2258 1485 2291 ex
1507 2247 1688 2294 ordine
1713 2249 2009 2298 voluntatis
2046 2253 2288 2300 ordinan¬

1272 2319 1341 2366 tis
1371 2324 1547 2368 actum
1569 2323 1683 2381 ejus
1712 2326 1773 2371 ad
1795 2326 1951 2379 aliud,
1986 2329 2152 2375 multo
2182 2343 2291 2376 ma¬

1274 2396 1354 2454 gis
1378 2400 1555 2455 potest
1583 2399 1684 2448 dici
1715 2403 1985 2459 practicus
2013 2418 2076 2450 ex
2107 2405 2288 2452 ordine

1275 2473 1551 2519 essentiali
1578 2477 1745 2528 actus,
1789 2491 1888 2536 quo
1911 2481 2060 2524 actus
2092 2480 2288 2528 dicitur

1275 2559 1391 2592 esse
1428 2549 1789 2598 essentialiter
1829 2553 2115 2612 practicus.
2166 2557 2284 2602 Ideo

1276 2623 1339 2668 ab
1366 2625 1545 2670 eodem
1590 2628 1799 2673 videtur
1844 2629 2145 2678 intellectus
2183 2633 2285 2679 dici

1276 2700 1545 2757 practicus
1574 2715 1604 2747 a
1635 2717 1736 2762 quo
1776 2703 1988 2752 habitus
2023 2711 2074 2754 et
2113 2711 2281 2759 actus,

1272 2774 1396 2821 licet
1424 2790 1527 2822 non
1556 2778 1630 2824 ita
1653 2779 2052 2829 accidentaliter
2078 2784 2287 2831 dicatur

1275 2850 1403 2896 illud
1441 2853 1501 2898 de
1539 2853 1722 2902 habitu
1762 2859 1814 2904 et
1861 2860 1999 2910 actu,
2050 2860 2187 2906 sicut
2226 2862 2286 2907 de

1273 2927 1564 2982 intellectu,
1591 2934 1837 2990 respectu
1871 2933 2022 2993 cujus
2044 2938 2125 2982 est
2148 2937 2287 2982 acci¬

1275 3004 1415 3050 dens.

1571 3137 1982 3181 COMMENTARIUS.

1325 3233 1381 3287 (a)
1421 3237 1545 3275 Circa
1593 3240 1767 3278 tertium
1811 3243 2057 3282 articulum.
2107 3245 2153 3282 In
2198 3245 2276 3286 isto

1273 3311 1447 3350 articulo
1487 3312 1645 3352 Doclor
1679 3316 1917 3364 respondet
1954 3317 2008 3358 ad
2040 3305 2276 3360 secundum

1275 3386 1504 3435 quaesitum
1525 3389 1644 3437 quod
1674 3393 1764 3428 erat
1788 3393 1796 3430 :
1819 3394 1878 3430 An
1892 3393 2067 3432 scientia
2080 3397 2278 3443 practica

1274 3460 1484 3499 diceretur
1520 3464 1710 3509 practica
1750 3476 1826 3513 per
1853 3478 1909 3512 se,
1945 3477 2000 3505 ex
2037 3469 2183 3507 ordine
2225 3470 2282 3508 ad

1267 3535 1450 3582 praxim
1472 3539 1512 3574 ut
1543 3537 1599 3575 ad
1615 3539 1769 3586 finem?
1788 3540 1840 3579 Et
1859 3551 2014 3580 sensus
2036 3542 2143 3581 tituli
2165 3554 2275 3592 quae¬

1276 3609 1424 3649 stionis
1445 3614 1524 3658 est,
1546 3612 1762 3660 videlicet,
1786 3626 1809 3653 a
1839 3627 1924 3666 quo
1946 3616 2125 3656 scientia
2150 3617 2280 3658 habet

1274 3687 1321 3722 ut
1355 3684 1520 3724 dicatur
1539 3688 1737 3736 practica.
1761 3691 1824 3728 An
1846 3700 1869 3728 a
1884 3689 1983 3735 fine,
2007 3702 2062 3730 an
2081 3691 2134 3730 ab
2157 3692 2281 3745 obje-
