2624 3979
368 285 596 333 operabili,
628 286 744 335 quod
769 287 935 326 dicalur
968 299 1045 337 per
1065 298 1111 326 se
1141 288 1371 336 praclicus,

365 365 407 399 et
428 372 504 410 per
533 372 804 413 consequens
824 363 954 403 habet
972 365 1024 404 ab
1047 366 1137 414 ipso
1160 364 1369 409 effective,

364 435 528 475 scilicet
550 437 666 486 quod
689 438 978 490 distinguatur
996 449 1074 489 per
1093 449 1139 478 se
1155 439 1206 477 ab
1228 438 1372 478 habitu

364 509 648 559 speculativo;
674 515 716 551 et
746 514 940 555 similiter
972 514 1140 554 habitus
1171 515 1369 564 specula¬

368 587 490 634 tivus,
540 589 649 628 sicut
694 589 825 630 habet
868 591 1063 630 effective
1104 591 1156 629 ab
1200 591 1370 640 objecto

367 663 618 711 speculabili
665 665 780 714 quod
822 666 874 705 sit
918 667 1024 713 talis,
1071 668 1127 706 ita
1176 666 1372 706 effective

368 738 498 778 habet
527 741 578 780 ab
610 741 717 789 ipso,
757 744 799 780 ul
829 753 907 791 per
938 753 984 781 se
1007 741 1289 793 distinguatur
1320 744 1372 782 ab

368 816 516 856 habitu
549 818 752 866 praclico.
775 819 885 858 Dicit
906 829 1024 870 ergo,
1059 820 1176 869 quod
1205 820 1271 859 illa
1295 820 1371 859 ob¬

362 893 497 943 jecta,
537 893 699 933 scilicet
740 904 809 933 ens
836 904 982 933 verum
1005 896 1222 945 operalrile
1241 900 1277 934 et
1307 906 1376 934 ens

367 980 512 1009 verum
551 981 631 1009 non
661 971 875 1019 operabile
916 982 991 1020 per
1022 982 1069 1011 se
1092 971 1371 1022 distinguunt,

367 1045 532 1085 scilicet
562 1045 758 1085 effective
792 1046 877 1092 illa,
902 1045 944 1085 id
975 1050 1037 1086 est
1070 1047 1239 1086 habitus
1272 1051 1313 1085 et
1333 1058 1372 1086 ri¬

367 1124 461 1159 ctus
484 1121 697 1169 practicos
719 1123 761 1159 et
781 1121 1085 1171 speculativos,
1109 1132 1200 1171 quae
1214 1121 1376 1161 scilicet

368 1197 538 1236 habitus
578 1200 620 1234 et
657 1200 777 1236 actus
817 1208 894 1247 per
931 1207 978 1236 se
999 1197 1235 1247 respiciunt
1266 1200 1372 1248 ipsa,

369 1272 532 1310 scilicet
551 1272 736 1323 objecta,
761 1276 803 1311 et
830 1272 1134 1321 respiciuntur,
1157 1273 1201 1312 id
1227 1279 1291 1312 est
1309 1275 1378 1314 vel

369 1347 620 1386 ordinantur
640 1349 705 1387 vel
731 1353 960 1388 causantur
980 1350 1032 1389 ab
1053 1349 1155 1399 ipsis
1175 1349 1370 1400 objectis.

421 1423 621 1472 Sequitur
657 1427 666 1462 :
701 1425 788 1464 Sed
825 1425 1056 1465 intellectus
1095 1435 1178 1464 non
1220 1426 1377 1466 dicitur

364 1499 593 1547 praclicus,
618 1500 698 1536 etc.
721 1498 764 1536 Id
786 1503 865 1546 est,
889 1499 1004 1550 quod
1024 1499 1266 1539 intellectus
1286 1510 1373 1540 non

367 1573 520 1612 dicitur
539 1577 748 1624 praclicus
770 1577 821 1616 ab
852 1577 921 1616 illo
942 1577 1089 1616 habitu
1110 1587 1188 1626 per
1205 1587 1251 1616 se
1274 1588 1369 1626 pra-

366 1650 488 1696 ctico,
513 1651 584 1700 qui
612 1661 690 1700 per
710 1661 756 1689 se
778 1652 951 1701 respicit
972 1652 1189 1702 operabile
1210 1663 1288 1702 per
1306 1663 1370 1701 se,

367 1725 464 1775 quia
502 1735 581 1774 per
620 1725 747 1764 talem
787 1726 976 1766 habitum
1005 1726 1074 1766 vel
1111 1730 1253 1765 actum
1285 1737 1370 1765 non

363 1801 517 1841 dicitur
552 1803 795 1843 intellectus
830 1815 959 1852 opera
970 1806 1095 1851 livus;
1140 1807 1237 1844 tunc
1260 1806 1369 1844 enim

365 1871 516 1911 dicitur
537 1873 798 1922 operativus,
823 1874 995 1924 quando
1018 1875 1238 1926 objectum
1255 1876 1371 1926 quod

366 1951 464 1986 actu
493 1947 794 1998 apprehendit,
816 1953 920 1999 puta
940 1952 1182 1998 sanitatem,
1202 1950 1371 1991 ordinat

362 2023 416 2062 ad
446 2033 569 2072 opus,
592 2022 634 2062 id
656 2026 721 2063 est
743 2024 858 2075 quod
880 2025 1052 2075 quando
1074 2026 1204 2065 habet
1226 2028 1369 2078 cogni¬

365 2100 522 2138 tionem
556 2105 652 2138 actu
674 2099 922 2139 direclivam
952 2100 1005 2139 ad
1036 2112 1159 2150 opus,
1192 2105 1294 2151 puta
1315 2103 1369 2142 ad

361 2173 503 2213 media
525 2174 579 2212 ad
601 2175 841 2223 sanitatem,
867 2179 967 2214 tunc
986 2186 1065 2225 per
1083 2176 1198 2214 illam
1219 2176 1370 2216 dicitur

361 2251 620 2300 operativus.
667 2251 869 2300 Sequitur
891 2254 899 2297 :
926 2253 1045 2297 Quod
1089 2262 1170 2290 non
1206 2252 1252 2300 fit
1289 2254 1375 2291 nisi

359 2331 496 2366 motus
515 2336 570 2364 ex
590 2327 774 2374 appetitu
809 2327 920 2374 finis,
943 2326 985 2365 id
1009 2328 1074 2364 est
1103 2325 1219 2376 quod
1256 2338 1366 2367 nun¬

359 2410 483 2452 quam
514 2401 698 2440 habetur
729 2403 915 2453 cognitio
954 2404 1084 2444 medii
1111 2404 1293 2445 ordinali
1314 2407 1368 2446 ad

356 2477 500 2526 finem,
522 2482 627 2527 puta
649 2478 702 2517 ad
723 2480 962 2524 sanitatem,
984 2481 1064 2519 nisi
1086 2481 1201 2531 prius
1221 2483 1366 2523 volun¬

354 2560 416 2595 tas
439 2556 610 2606 petierit
647 2556 781 2605 ipsam
821 2558 1065 2606 sanitatem,
1108 2560 1204 2612 quia
1225 2563 1366 2601 stante

358 2633 427 2671 tali
448 2634 640 2682 appetitu
676 2632 859 2682 imperat
883 2635 1118 2675 intellectui
1140 2639 1187 2675 ut
1208 2640 1366 2686 quaerat

353 2709 495 2748 media
516 2710 570 2749 ad
599 2710 715 2749 illam
754 2711 1077 2762 acquirendam,
1119 2713 1273 2763 quibus
1305 2714 1365 2753 in¬

355 2786 507 2833 ventis,
551 2786 738 2838 cognitio
770 2788 916 2826 talium
947 2789 1180 2827 mediorum
1215 2788 1367 2828 dicitur

355 2873 456 2903 vere
473 2863 674 2912 practica,
702 2865 743 2901 et
762 2875 841 2914 per
860 2864 975 2903 illam
995 2864 1238 2904 intellectus
1261 2864 1365 2905 dici¬

358 2943 424 2979 tur
443 2950 543 2978 vere
564 2939 774 2988 praclicus
806 2942 848 2978 et
866 2949 967 2979 vere
989 2940 1247 2990 operativus,
1267 2942 1364 2990 quia

358 3015 489 3054 habet
547 3015 839 3066 cognitionem
880 3019 979 3055 actu
1017 3016 1273 3066 dirigentem
1310 3015 1365 3056 ad

353 3099 477 3139 opus.

407 3166 610 3215 Sequitur
632 3169 640 3205 :
665 3169 728 3204 Ita
756 3169 1098 3217 quodpracticus
1134 3168 1364 3209 intellectus

555 3243 597 3282 ^
334 3240 342 3262 US
625 3253 700 3282 suo
728 3248 824 3282 aclu
829 3273 838 3290 >
860 3243 1023 3283 scilicet
1051 3255 1152 3284 vere
1176 3244 1362 3293 practico

355 3318 446 3370 (^ui
467 3323 532 3357 est
553 3317 739 3369 cognitio
773 3319 1015 3360 mediorum
1044 3319 1098 3359 ad
1117 3319 1263 3372 finem)
1283 3333 1364 3361 non

355 3396 615 3444 formaliter,
654 3399 699 3433 ut
729 3395 895 3446 aliquid
931 3399 981 3437 de
1019 3400 1193 3436 essentia
1232 3401 1362 3446 actus,

356 3472 430 3509 sed
456 3471 716 3510 connolando
746 3473 935 3512 ordinem
960 3474 1192 3512 necessario
1223 3474 1280 3512 ad
1298 3474 1364 3513 de¬

359 3548 564 3586 siderium
582 3547 678 3596 finis
698 3548 907 3598 explicite,
931 3552 968 3587 et
989 3559 1137 3588 eorum
1163 3560 1254 3598 quae
1274 3553 1364 3590 sunt

1446 289 1500 326 ad
1528 289 1653 337 finem
1686 288 1900 337 implicite,
1922 288 1964 327 id
1988 290 2049 326 est
2073 285 2188 338 quod
2228 289 2347 324 actus
2367 295 2450 334 quo

1443 360 1689 399 intellectus
1735 360 1888 400 dicitur
1932 360 2159 412 practicus,
2206 359 2450 398 necessario

1445 438 1647 474 connotat
1680 436 1875 476 ordinem
1902 437 1954 476 ad
1985 435 2245 475 desiderium
2277 433 2386 481 finis,
2410 434 2451 473 id

1445 513 1510 549 est
1531 509 1647 560 quod
1664 511 1861 550 voluntas
1882 511 1997 560 prius
2019 511 2109 549 vult
2129 509 2257 549 finem
2279 508 2452 557 explici¬

1444 589 1500 632 te,
1524 588 1566 624 et
1586 588 1753 634 postea,
1773 595 1869 635 quae
1889 588 1989 625 sunt
2009 585 2062 625 ad
2078 585 2207 624 finem
2228 584 2450 634 implicite;

1448 662 1564 710 prius
1604 662 1717 700 enim
1768 661 1855 700 vult
1893 663 2120 700 sanitatem
2159 660 2378 711 explicite,
2414 663 2457 699 et

1446 739 1545 784 post
1583 736 1725 776 media
1771 738 1994 786 implicite,
2043 740 2086 777 et
2132 736 2230 777 ideo
2275 737 2456 786 imperat

1448 818 1704 864 intellectui,
1754 822 1802 858 ut
1843 819 2033 859 inveniat
2068 818 2210 858 media
2263 819 2460 869 explicite

1447 893 1643 932 ordinata
1666 893 1721 932 ad
1749 894 1997 934 sanitatem.
2044 895 2094 933 Et
2129 896 2189 934 sic
2220 894 2313 934 talis
2350 893 2455 934 ordo

1445 969 1676 1008 voluntatis
1699 969 1752 1007 ad
1774 967 1905 1008 finem
1924 970 2120 1019 explicite
2143 975 2183 1008 et
2215 968 2455 1009 mediorum

1445 1044 1650 1092 implicite
1692 1043 1928 1083 includitur
1966 1046 2008 1083 in
2031 1048 2128 1083 actu
2145 1055 2247 1084 vere
2268 1045 2454 1094 praclico

1447 1120 1538 1158 sive
1560 1120 1806 1159 necessario
1827 1122 2112 1171 praeexigilur,
2149 1123 2190 1160 et
2221 1121 2312 1160 talis
2351 1122 2454 1160 ordo

1447 1206 1532 1234 non
1565 1199 1628 1235 esi
1658 1195 1711 1234 de
1735 1197 1920 1236 essentia
1950 1201 2085 1242 actus,
2109 1197 2205 1248 quia
2227 1196 2331 1236 ordo
2367 1198 2458 1237 talis

1447 1270 1500 1308 ad
1537 1269 1801 1310 desiderium
1821 1270 1929 1320 finis,
1959 1276 2041 1312 etc.
2075 1275 2139 1312 est
2167 1274 2208 1312 in
2238 1272 2456 1311 voluntate

1447 1347 1695 1394 appetente,
1718 1348 1760 1384 et
1780 1348 1902 1385 actus
1927 1348 2134 1396 practicus
2154 1347 2196 1385 in
2219 1346 2454 1393 intellectu,

1446 1420 1525 1459 sed
1564 1423 1729 1460 tantum
1765 1422 2053 1473 praeexigilur.
2081 1423 2112 1471 ]N
2104 1423 2115 1435 T
2119 1423 2168 1461 ibi
2195 1424 2309 1462 enim
2337 1424 2453 1472 prius

1445 1497 1640 1536 voluntas
1671 1498 1798 1536 vellet
1817 1500 2039 1538 sanitatem
2073 1498 2270 1549 explicite
2293 1503 2334 1538 et
2365 1511 2452 1538 me¬

1449 1572 1516 1611 dia
1544 1572 1762 1622 implicite,
1785 1585 1871 1613 non
1891 1575 2122 1614 haberetur
2144 1575 2328 1626 cognitio
2358 1585 2453 1614 me¬

1447 1647 1503 1687 dii
1528 1649 1741 1697 explicite,
1765 1659 1858 1699 quae
1898 1649 2049 1688 dicitur
2074 1652 2193 1689 actus
2232 1660 2332 1689 vere
2353 1661 2452 1699 pra¬

1446 1727 1591 1766 cticus.

2473 1841 2474 1870 ^
1497 1801 1698 1852 Sequitur
1733 1805 1740 1848 :
1767 1805 2031 1854 Quapropter
2068 1814 2163 1842 cum
2197 1803 2451 1853 speculabile

1444 1881 1644 1919 ordinari
1669 1881 1726 1918 ad
1751 1891 1853 1926 opus
1888 1882 2049 1920 accidat
2079 1882 2342 1927 speculabili,
2367 1886 2447 1922 etc.

1442 1955 1516 1994 Hic
1525 1964 1610 1994 non
1625 1956 1781 2005 accipit
1793 1956 2048 2004 speculabile
2057 1956 2196 2006 simpli
2203 1956 2318 2003 citer,
2334 1958 2450 2006 quod

1442 2033 1558 2073 nullo
1588 2032 1717 2072 modo
1745 2033 1985 2073 ordinabile
2019 2037 2084 2073 est
2116 2033 2170 2073 ad
2208 2045 2331 2085 opus,
2371 2035 2449 2074 sed

1442 2108 1593 2157 accipit
1615 2108 1878 2157 speculabile
1917 2108 2157 2148 secundum
2198 2109 2316 2159 quid,
2338 2108 2451 2150 scili¬

1445 2187 1512 2222 cet
1541 2194 1617 2232 pro
1641 2183 1754 2221 omni
1777 2193 1827 2222 eo
1860 2184 1974 2234 quod
1998 2187 2095 2222 actu
2125 2192 2210 2221 non
2232 2184 2453 2224 ordinatur

1443 2258 1497 2296 ad
1518 2268 1641 2307 opus,
1675 2257 1775 2296 licet
1810 2260 1953 2297 tamen
1995 2260 2049 2298 sit
2086 2257 2348 2304 ordinabile;
2391 2260 2451 2298 sic

1443 2335 1596 2373 sanitas
1628 2335 1670 2373 in
1700 2344 1748 2372 se
1779 2334 2048 2374 considerata
2076 2334 2228 2375 dicitur
2258 2336 2450 2385 specula¬

1440 2410 1551 2458 bilis,
1576 2412 1618 2448 et
1632 2409 1785 2449 accidit
1805 2410 1884 2450 sibi
1906 2411 2021 2461 quod
2037 2415 2134 2450 actu
2155 2410 2376 2450 ordinetur
2395 2411 2450 2451 ad

1442 2496 1564 2535 opus,
1590 2483 1708 2535 quod
1731 2487 1830 2525 tunc
1859 2486 2080 2537 contingit,
2103 2486 2274 2537 quando
2296 2487 2449 2527 volun¬

1443 2568 1503 2600 tas
1533 2563 1648 2610 prius
1686 2562 1777 2601 vult
1815 2562 1950 2611 ipsam
1991 2563 2188 2612 explicite
2228 2568 2269 2602 et
2306 2564 2444 2604 media

1439 2637 1656 2687 implicite,
1687 2640 1729 2676 et
1747 2638 1891 2678 liabila
1931 2639 2176 2689 cognitione
2207 2639 2339 2679 medii
2369 2651 2446 2681 ne¬

1441 2713 1628 2760 cessarii,
1665 2716 1763 2752 tunc
1783 2713 1875 2753 talis
1897 2715 2082 2766 cognitio
2112 2718 2175 2754 est
2213 2714 2449 2757 ordinativa

1439 2791 1627 2829 sanitatis
1664 2789 1718 2828 ad
1749 2800 1871 2838 opus,
1904 2790 1948 2829 id
1972 2793 2033 2829 est
2076 2790 2218 2842 dirigit
2249 2792 2445 2833 volunta¬

1438 2870 1524 2904 tem
1554 2864 1609 2903 ad
1637 2865 1870 2905 volendum
1892 2865 2122 2906 efficaciter
2154 2868 2341 2907 medium
2371 2880 2449 2918 per

1440 2939 1557 2991 quod
1601 2941 1829 2991 acquiritur
1867 2943 2045 2988 sanitas,
2097 2945 2138 2981 et
2161 2943 2220 2981 sic
2258 2943 2446 2985 ordinari

1438 3021 1535 3056 actu
1575 3017 1727 3057 accidit
1756 3017 1935 3065 sanitati,
1963 3018 2196 3058 ordinabile
2236 3030 2335 3058 vero
2357 3031 2444 3060 non

1437 3093 1605 3139 accidit,
1646 3093 1755 3132 sicut
1793 3097 1888 3136 actu
1910 3093 2050 3133 ridere
2089 3093 2242 3133 accidit
2265 3094 2442 3144 homini,

1436 3169 1534 3208 licet
1560 3170 1719 3209 risibile
1741 3180 1827 3208 non
1858 3169 2034 3210 accidat.

1490 3246 1689 3295 Sequitur
1727 3249 1734 3285 :
1765 3246 2015 3295 Differentia
2045 3247 2154 3286 inter
2188 3249 2443 3290 intellectum

1430 3324 1673 3372 practicum
1730 3326 1765 3360 et
1801 3324 2107 3371 speculativum
2112 3354 2120 3372 ,
2150 3327 2232 3364 etc.
2281 3326 2324 3365 Id
2363 3337 2439 3370 esi,

1440 3399 1556 3449 quod
1589 3403 1772 3449 cognitio
1803 3402 1992 3439 sanitatis
2022 3403 2067 3438 ut
2101 3403 2198 3439 actu
2223 3400 2443 3442 ordinatur

1437 3476 1490 3514 ad
1531 3487 1666 3526 opus,
1703 3482 1765 3516 est
1797 3477 2093 3525 accidentalis,
2133 3489 2230 3528 quia
2270 3486 2442 3530 respicit

1436 3551 1663 3589 sanitalem
1695 3560 1781 3588 non
1818 3551 2028 3600 absolute,
2050 3552 2126 3592 sed
2163 3553 2242 3592 sub
2263 3554 2340 3594 isto
2369 3566 2435 3594 re-
