2624 3979
329 301 419 336 erat
438 297 698 347 acquisibilis
729 298 771 338 in
803 297 1005 349 potentia.
1035 297 1194 338 Dicitur
1232 298 1340 336 enim

329 371 621 414 consideratio
668 373 845 412 actualis
903 376 944 412 et
986 373 1251 422 particularis
1292 381 1346 409 ex

327 448 406 487 hoc
437 447 545 493 solo,
587 449 684 498 quia
725 449 856 488 dictat
894 449 947 489 de
980 448 1122 488 medio
1155 448 1344 498 particu¬

327 523 418 570 lari,
451 526 532 563 etc.

379 600 426 637 Et
448 598 547 639 licet
568 600 852 640 consideratio
886 599 981 640 finis
1001 601 1044 639 in
1066 611 1113 640 se
1136 602 1190 640 sit
1211 603 1340 650 parti¬

328 674 497 723 cularis,
528 686 614 714 non
653 680 796 716 tamen
818 676 948 716 dictat
985 676 1039 716 de
1069 677 1212 716 medio
1242 686 1338 726 par¬

328 751 491 790 ticulari
513 762 590 800 per
605 752 720 802 quod
742 755 840 792 actu
867 754 1099 803 acquiritur
1118 753 1226 800 finis,
1244 752 1340 792 ideo

330 827 449 873 ponit
486 828 874 868 considerationem
896 828 1023 868 medii
1057 839 1152 868 esse
1184 828 1341 877 simpli¬

329 903 435 940 citer
461 904 709 952 practicam,
734 908 776 943 et
807 905 998 944 habitum
1033 908 1255 944 causatum
1287 915 1340 943 ex

327 976 574 1028 hujusmodi
608 978 1023 1019 considerationibus
1056 990 1152 1019 esse
1183 980 1338 1029 simpli¬

328 1053 435 1092 citer
455 1056 703 1104 praeticum,
728 1058 771 1094 et
799 1065 819 1093 a
848 1055 918 1094 tali
950 1056 1033 1094 dici
1071 1055 1335 1094 intellectum

326 1129 576 1177 simpliciter
291 1137 303 1166 est
599 1131 850 1178 praeticum.
892 1131 940 1168 Et
973 1132 1032 1170 sic
1053 1131 1174 1180 ponit
1195 1129 1336 1180 dupli-

328 1215 416 1242 cem
465 1205 652 1244 habitum
692 1207 942 1255 praeticum,
979 1206 1141 1245 scilicet
1184 1216 1264 1255 per
1287 1216 1334 1245 86

326 1278 575 1327 praeticum,
595 1280 668 1330 qui
688 1281 864 1330 respicit
883 1281 1101 1330 operabile
1120 1284 1166 1319 ut
1187 1285 1334 1330 aptum

321 1353 509 1393 ordinari
544 1354 598 1393 ad
637 1366 761 1404 opus,
794 1358 835 1394 et
864 1366 885 1393 a
927 1356 996 1396 tali
1031 1355 1182 1395 dicitur
1211 1356 1334 1396 intel¬

321 1426 458 1464 lectus
487 1426 728 1464 secundum
759 1425 862 1476 quid
895 1428 1124 1475 practicus,
1161 1430 1203 1465 et
1240 1438 1333 1476 pra¬

319 1500 474 1539 eticum
515 1512 593 1550 per
621 1501 841 1548 accidens,
886 1502 955 1551 qui
996 1502 1171 1551 respicit
1209 1502 1333 1552 obje¬

319 1580 435 1616 ctum
494 1582 538 1616 ut
590 1581 687 1617 actu
746 1578 966 1619 ordinatur
1016 1578 1068 1617 ad
1128 1589 1235 1628 opus
1285 1582 1333 1618 ut

316 1665 444 1704 supra
481 1657 671 1704 exposui,
704 1659 747 1694 et
784 1655 843 1693 sic
874 1654 1014 1704 ipsum
1048 1656 1161 1705 ponit
1195 1665 1332 1704 penes

318 1731 446 1771 finem
483 1734 555 1782 qui
603 1732 755 1772 accidit
795 1732 980 1783 objecto,
1032 1732 1076 1772 id
1111 1734 1176 1770 est
1214 1732 1331 1782 quod

317 1808 438 1858 ponit
467 1820 566 1848 eum
598 1810 707 1848 circa
738 1820 846 1859 opus
879 1811 922 1849 in
943 1811 1054 1854 actu,
1087 1808 1203 1859 quod
1224 1810 1331 1849 acci¬

319 1884 379 1924 dit
408 1885 579 1936 objecto
598 1898 606 1931 ;
633 1885 784 1925 accidit
818 1885 932 1924 enim
962 1886 1132 1937 objecto
1154 1886 1214 1924 sic
1235 1889 1330 1925 actu

317 1959 502 1999 ordinari
525 1959 580 1999 ad
610 1971 734 2009 opus,
757 1962 800 1998 et
835 1960 929 1999 talis
966 1960 1138 2000 habitus
1177 1959 1331 1999 dicitur

315 2035 565 2084 simpliciter
608 2037 837 2085 practicus,
876 2037 919 2074 et
950 2037 1002 2075 ab
1032 2035 1124 2085 ipso
1164 2036 1329 2075 intelle¬

317 2114 409 2150 ctus
431 2112 680 2160 simpliciter
711 2110 865 2150 dicitur
902 2111 1131 2161 practicus.
1171 2112 1219 2150 Et
1247 2111 1329 2150 hoc

315 2189 380 2224 est
410 2186 651 2225 secundum
684 2187 937 2237 principale,
977 2187 1140 2226 scilicet
1173 2187 1227 2226 de
1257 2187 1328 2227 ha¬

312 2261 405 2299 bitu
425 2260 675 2310 simpliciter
695 2261 882 2311 practico
918 2263 960 2299 et
991 2260 1044 2299 de
1078 2261 1225 2300 habitu
1251 2272 1329 2310 per

314 2335 518 2376 accidens
565 2337 847 2387 speculativo,
892 2338 959 2386 qui
998 2337 1172 2386 respicit
1202 2336 1327 2376 finem

316 2414 389 2461 qui
428 2411 584 2451 accidit
619 2412 805 2463 objecto,
845 2411 889 2450 id
929 2415 994 2451 est
1037 2414 1108 2462 qui
1155 2412 1330 2461 respicit

316 2489 532 2539 objectum
565 2490 643 2528 sub
666 2489 735 2528 illo
758 2492 975 2538 respectu,
1000 2488 1116 2538 quod
1144 2492 1209 2528 est
1229 2491 1328 2527 actu

315 2574 402 2602 non
432 2563 618 2604 ordinari
639 2563 694 2603 ad
715 2575 824 2612 opus
844 2568 890 2603 ut
911 2575 1039 2614 supra
1069 2563 1169 2604 dixi.

368 2641 578 2681 Similiter
623 2646 720 2681 tunc
765 2643 933 2682 habitus
973 2643 1203 2690 practicus.
1255 2642 1327 2681 Hic

316 2718 474 2756 Doctor
502 2717 642 2768 arguit
683 2721 830 2757 contra
867 2716 997 2762 aliud,
1032 2719 1130 2766 quia
1165 2715 1326 2756 Goffre-

317 2793 396 2833 dus
440 2794 557 2841 dixit,
600 2794 716 2844 quod
753 2795 1001 2834 intellectus
1050 2803 1135 2833 non
1174 2793 1329 2832 dicitur

314 2872 528 2920 practicus
568 2871 619 2909 ab
651 2870 799 2909 habitu
828 2881 906 2918 per
941 2881 988 2909 se
1019 2871 1222 2918 practico,
1258 2880 1323 2908 ar¬

313 2946 406 2996 guit
429 2949 593 2992 contra,
619 2946 878 2985 deducendo
907 2944 963 2983 ad
993 2945 1153 2994 duplex
1181 2945 1324 2985 incon¬

313 3021 506 3059 veniens.
538 3021 737 3068 Primum,
772 3020 889 3070 quod
922 3023 1021 3059 tunc
1061 3023 1176 3059 esset
1203 3020 1323 3059 habi¬

315 3099 381 3135 tus
403 3099 616 3145 practicus
645 3097 687 3134 in
714 3097 936 3136 intellectu
967 3096 1249 3145 speculativo,
1284 3098 1327 3135 et

311 3173 417 3211 ratio
465 3175 550 3210 stat
593 3171 637 3210 in
674 3173 773 3218 hoc,
826 3174 923 3222 quia
968 3172 1106 3211 omnis
1154 3173 1326 3211 habitus

315 3249 500 3287 existens
541 3248 584 3285 in
616 3247 840 3286 intellectu
873 3248 1121 3286 denominat
1154 3248 1325 3287 intelle¬

314 3337 498 3381 ctum,ut
537 3337 684 3384 patet;
729 3334 807 3374 sed
837 3334 1006 3374 habitus
1038 3346 1117 3384 per
1154 3346 1200 3374 se
1230 3346 1324 3385 pra¬

315 3411 448 3450 cticus
479 3413 544 3450 est
592 3412 634 3450 in
683 3410 922 3459 intellectu,
970 3414 1041 3450 aut
1090 3422 1192 3462 ergo
1231 3411 1323 3452 talis

310 3492 553 3532 intellectus
611 3491 913 3531 denominatur
968 3504 990 3531 a
1048 3494 1117 3533 tali
1174 3493 1323 3533 habitu

309 3573 614 3625 speculativus,
648 3576 723 3612 aut
761 3574 989 3624 practicus.
1032 3576 1074 3616 Si
1110 3574 1320 3622 secundo,

1415 296 1598 337 habetur
1617 298 1842 337 intentum.
1875 297 1914 336 Si
1950 297 2103 346 primo,
2128 305 2232 346 ergo
2263 294 2314 334 ab
2346 294 2419 333 ha¬

1416 374 1507 412 bitu
1527 383 1605 423 per
1639 383 1685 412 se
1715 375 1902 423 practico
1944 372 2290 412 denominaretur
2326 379 2422 419 spe¬

1419 449 1640 496 culativus,
1673 449 1790 499 quod
1811 451 1877 488 est
1906 447 2228 487 inconveniens.
2265 446 2424 484 Secun¬

1419 523 1535 569 dum,
1559 524 1654 574 quia
1678 526 1933 573 sequeretur
1955 521 2071 573 quod
2099 521 2264 560 habens
2297 520 2424 558 talem

1416 598 1597 640 formam
1629 609 1714 639 non
1747 600 2098 640 denominaretur
2119 610 2138 638 a
2169 597 2239 636 tali
2271 596 2421 644 forma,

1419 680 1458 715 et
1494 677 1553 716 sic
1592 678 1758 717 habens
1788 678 1829 715 in
1869 687 1915 715 se
1953 673 2186 714 formaliter
2230 673 2423 712 habitum

1415 754 1648 802 praeticum
1685 764 1772 792 non
1813 754 2163 792 denominaretur
2190 749 2424 792 formaliter

1413 828 1641 876 practicus,
1665 827 1779 879 quod
1804 831 1869 867 est
1888 826 2210 870 inconveniens.

1465 904 1526 941 Ad
1542 905 1769 942 secundum
1790 904 1958 942 dicitur.
1982 902 2231 952 Respondet
2258 900 2419 942 Goffre-

1413 979 1493 1018 dus
1515 979 1632 1030 quod
1650 979 1896 1018 intellectus
1927 978 2079 1018 dicitur
2099 976 2416 1017 denominative

1413 1056 1623 1105 practicus
1659 1066 1682 1094 a
1720 1055 1788 1093 tali
1826 1055 1974 1094 habitu
2020 1065 2106 1093 non
2153 1052 2417 1103 simpliciter,

1409 1130 1487 1170 sed
1513 1133 1677 1169 tantum
1697 1129 1938 1169 secundum
1960 1129 2062 1180 quid
2083 1131 2310 1180 practicus.

1463 1209 1632 1246 Contra.
1659 1208 1811 1246 Doctor
1849 1207 1988 1256 arguit
2027 1209 2171 1246 contra
2210 1206 2320 1245 hanc
2353 1216 2418 1244 ra¬

1409 1285 1581 1328 tionem,
1608 1283 1868 1324 deducendo
1891 1283 1944 1323 ad
1974 1285 2296 1330 inconveniens,
2321 1282 2418 1330 quia

1409 1364 1507 1399 tunc
1537 1365 1793 1410 sequeretur
1831 1361 1948 1410 quod
1983 1363 2102 1400 actus
2139 1371 2218 1409 per
2247 1370 2293 1399 se
2324 1372 2416 1410 pra¬

1406 1436 1539 1474 cticus
1570 1440 1686 1476 esset
1723 1437 1764 1474 in
1802 1436 2023 1475 intellectu
2056 1436 2335 1486 speculativo,
2374 1435 2418 1474 id

1406 1514 1470 1550 est
1503 1511 1621 1562 quod
1654 1512 1952 1553 denominaret
1981 1512 2240 1551 intellectum
2264 1523 2417 1562 specu¬

1404 1587 1573 1625 lativum
1595 1588 1857 1637 simpliciter,
1889 1591 2022 1637 patet,
2046 1589 2146 1638 quia
2171 1588 2415 1629 intellectus

1404 1673 1427 1701 a
1459 1665 1526 1703 tali
1556 1665 1717 1711 habitu,
1754 1677 1848 1705 cum
1878 1667 1931 1704 sit
1959 1677 2060 1705 vera
2099 1667 2281 1717 qualitas
2310 1668 2412 1706 sim¬

1403 1740 1570 1789 pliciter
1592 1740 1917 1789 denominatur;
1942 1745 2014 1781 aut
2034 1753 2136 1793 ergo
2167 1742 2415 1792 simpliciter

1405 1815 1705 1857 denominatur
1762 1819 1989 1868 practicus,
2044 1821 2117 1856 aut
2163 1817 2415 1867 simpliciter

1404 1894 1690 1942 speculativus
1707 1907 1715 1940 ;
1739 1897 1773 1934 si
1794 1896 1944 1943 primo,
1967 1895 2151 1934 habetur
2169 1894 2381 1933 intentum
2400 1906 2409 1939 ;

1402 1969 1435 2007 si
1470 1971 1680 2017 secundo,
1721 1972 1917 2020 sequitur
1953 1971 2263 2010 inconveniens
2295 1968 2412 2020 quod

1402 2047 1454 2086 ab
1474 2047 1623 2085 habitu
1654 2058 1731 2096 per
1751 2058 1797 2086 se
1826 2047 2014 2096 practico
2051 2046 2217 2085 dicatur
2254 2046 2415 2097 simpli¬

1403 2125 1509 2162 citer
1528 2123 1840 2173 speculativus;
1874 2127 1915 2162 et
1948 2121 2063 2173 quod
2095 2125 2316 2173 sequatur,
2338 2133 2416 2172 pa¬

1403 2204 1477 2246 tet,
1511 2201 1609 2251 quia
1628 2201 1663 2238 si
1685 2199 1987 2238 denominatur
2003 2199 2251 2248 simpliciter
2272 2203 2315 2238 et
2333 2209 2412 2248 per

1400 2287 1461 2321 se,
1492 2275 1798 2314 denominatur
1835 2274 2076 2314 secundum
2117 2275 2219 2324 quid
2257 2277 2411 2324 practi¬

1402 2363 1476 2391 cus
1493 2365 1502 2400 ;
1528 2363 1630 2404 ergo
1665 2353 1717 2391 ab
1738 2351 1808 2391 illo
1833 2351 2134 2392 denominatur
2160 2353 2410 2402 simpliciter

1400 2431 1705 2480 speculativus.
1740 2430 1861 2470 Modo
1895 2433 2016 2468 actus
2046 2431 2115 2468 vel
2139 2430 2309 2470 habitus
2333 2443 2412 2482 per

1401 2520 1447 2548 se
1477 2509 1690 2557 practicus
1707 2510 1850 2557 potest
1871 2517 1967 2545 esse
2001 2509 2043 2546 in
2070 2506 2290 2547 intellectu
2317 2509 2410 2548 sine

1404 2586 1472 2625 tali
1493 2586 1702 2624 relatione
1736 2584 1791 2623 ad
1824 2586 1967 2623 actum
1999 2585 2243 2632 voluntatis,
2277 2586 2322 2625 id
2344 2590 2411 2626 est

1402 2661 1518 2713 quod
1541 2664 1684 2711 potest
1705 2671 1801 2699 esse
1822 2659 2110 2700 consideratio
2133 2672 2209 2710 per
2229 2673 2275 2701 se
2297 2666 2407 2703 sani¬

1402 2739 1497 2778 tatis
1516 2739 1556 2776 in
1577 2737 1799 2776 intellectu
1819 2737 1982 2787 absque
2004 2737 2101 2783 hoc,
2125 2737 2240 2787 quod
2261 2740 2408 2780 volun¬

1401 2821 1463 2856 tas
1484 2816 1584 2855 velit
1604 2814 1718 2853 illam
1740 2814 1952 2864 explicite,
1979 2817 2020 2853 et
2056 2815 2197 2855 media
2219 2817 2272 2856 ad
2296 2818 2409 2857 illam

1398 2891 1619 2940 implicite.
1653 2888 1737 2928 Sed
1770 2890 1848 2927 iste
1881 2887 2108 2928 Goffredus
2137 2901 2410 2942 consequens

1401 2965 1679 3011 concederet,
1697 2964 1861 3004 scilicet
1883 2965 2000 3014 quod
2022 2966 2115 3004 talis
2141 2966 2311 3007 habitus
2332 2980 2410 3019 per

1399 3053 1446 3083 se
1467 3043 1681 3092 practicus
1714 3043 1861 3092 posset
1883 3051 1977 3080 esse
1999 3041 2040 3079 in
2065 3041 2286 3082 intellectu
2317 3046 2408 3084 abs¬

1400 3131 1484 3172 que
1504 3120 1571 3158 tali
1586 3119 1793 3158 relatione
1815 3118 1869 3156 ad
1885 3118 2164 3166 voluntatem,
2181 3119 2259 3158 sed
2279 3120 2408 3160 alium

1398 3197 1586 3235 habitum
1621 3198 1804 3245 poneret
1824 3204 1950 3244 posse
1981 3193 2130 3232 haberi
2162 3196 2204 3234 in
2237 3195 2407 3235 intelle¬

1399 3276 1469 3312 ctu
1500 3272 1686 3321 practico
1711 3282 1760 3309 ex
1792 3271 1972 3314 actibus,
2007 3279 2093 3309 non
2133 3273 2277 3310 tamen
2306 3283 2403 3321 pra¬

1397 3348 1529 3395 eficis,
1559 3347 1637 3387 sed
1675 3358 1727 3385 ex
1757 3347 1920 3385 actibus
1951 3345 2192 3386 intellectus
2230 3349 2405 3396 praefici

1394 3427 1664 3476 generatum.
1698 3422 1869 3461 Habitus
1891 3424 2122 3471 generatus
2149 3432 2202 3460 ex
2233 3423 2397 3481 actibus

2413 3501 2417 3522 1
1395 3501 1588 3551 praeficis
1619 3503 1684 3539 est
1712 3500 1879 3539 habitus
1900 3510 1978 3549 per
1998 3510 2043 3538 se
2064 3501 2294 3550 practicus,
2327 3503 2398 3553 qui

2416 3576 2416 3604 etactum
1393 3577 1568 3628 respicit
1611 3576 1830 3628 objectum
1868 3587 1946 3626 per
1985 3587 2031 3615 se
2071 3577 2316 3627 operabile;
2358 3581 2401 3617 et
