2653 3979
218 379 284 416 est
322 380 420 416 actu
457 380 620 416 amatus
664 376 716 415 ab
757 374 988 424 efficiente,
1030 376 1224 426 sequitur

218 451 334 502 quod
360 450 449 491 talis
470 450 663 501 aptitudo
684 453 772 491 sive
802 451 971 496 entilas,
1008 450 1129 501 cujus
1160 453 1225 489 est

221 527 311 566 talis
342 525 552 576 aptitudo,
583 537 669 565 non
691 526 846 576 poterit
868 536 963 565 esse
997 536 1019 564 a
1053 524 1137 564 fine
1176 529 1223 564 ut

218 605 316 652 apto
338 606 433 640 nato
457 602 603 648 amari,
636 601 732 650 quia
754 604 802 639 ut
826 601 885 639 sic
924 610 1010 640 non
1047 601 1221 650 ponitur

217 689 344 718 causa
366 679 541 717 actualis
563 678 741 728 alicujus
758 676 955 716 effectus,

242 754 299 807 (e)
316 755 522 793 Praeterea
529 766 537 798 ,
549 757 622 792 aut
634 754 730 802 finis
743 757 788 792 ut
801 754 966 792 elicitus
980 756 1118 797 extra,
1137 754 1218 790 etc.

213 829 320 868 Nota
340 829 420 867 hoc
435 832 754 879 argumentum,
773 828 870 878 quia
889 831 952 866 est
965 827 1146 865 multum
1165 824 1221 865 ef-

214 903 333 952 goax,
357 904 453 954 quia
470 905 504 943 si
528 905 595 943 isti
617 903 776 948 dicant,
799 902 913 953 quod
928 901 1022 941 finis
1037 902 1223 941 scientiae

215 977 343 1018 faciat
368 979 592 1018 scientiam
618 978 874 1027 praeficam;
907 978 988 1015 iste
1018 975 1110 1015 finis
1141 987 1218 1026 po¬

219 1057 300 1094 test
323 1053 584 1094 considerari
607 1054 840 1103 tripliciter.
865 1054 954 1093 Uno
989 1052 1134 1099 modo,
1174 1054 1222 1091 ut

216 1133 281 1170 est
303 1130 466 1170 elicitus
497 1133 540 1170 et
573 1129 812 1180 productus
843 1132 976 1177 extra,
1001 1133 1041 1169 et
1075 1128 1135 1168 sic
1157 1132 1222 1167 est

213 1207 426 1258 posterior
440 1207 618 1247 scientia
634 1205 842 1256 practica;
861 1205 989 1245 modo
1006 1206 1120 1255 prius
1136 1214 1222 1244 non

215 1286 359 1334 potest
381 1283 627 1334 dependere
649 1294 672 1321 a
694 1283 918 1332 posteriori
937 1282 978 1321 in
1001 1282 1115 1321 nullo
1143 1291 1224 1332 ge¬

216 1370 320 1400 nere
361 1369 602 1406 causarum,
634 1362 682 1397 ut
719 1360 849 1408 patet.
889 1359 972 1396 Aut
1009 1356 1090 1397 iste
1128 1357 1224 1396 finis

216 1437 421 1487 accipitur
448 1437 703 1486 inquantum
725 1438 790 1473 est
809 1434 1000 1473 intentus
1022 1444 1045 1472 a
1066 1431 1223 1482 produ¬

217 1516 342 1552 cente
375 1513 600 1552 scientiam
633 1511 878 1561 practicam,
912 1512 1013 1558 puta
1046 1508 1224 1559 inquan¬

216 1592 303 1628 tum
324 1592 490 1628 amatus
522 1590 564 1626 et
585 1586 872 1632 desideratus,
900 1587 942 1624 et
962 1584 1043 1623 hoc
1066 1584 1223 1633 impro¬

213 1664 361 1704 batum
390 1665 455 1702 est
491 1673 637 1712 supra,
669 1661 768 1711 quia
806 1660 895 1699 sive
934 1661 1101 1698 ametur
1136 1659 1226 1698 sive

214 1750 313 1786 non,
347 1737 488 1778 adhuc
529 1739 609 1776 erit
640 1736 734 1774 talis
772 1735 966 1774 scientia.
992 1735 1074 1772 Aut
1107 1733 1229 1772 tertio

214 1814 342 1855 modo
392 1813 684 1854 consideratur
715 1810 811 1849 finis
848 1813 897 1849 ut
937 1809 1135 1860 cognitus
1174 1809 1226 1848 ab

213 1892 450 1936 intellectu,
487 1893 529 1929 et
568 1889 628 1927 sic
657 1888 791 1927 habet
828 1888 1040 1925 rationem
1075 1885 1233 1936 objecti

217 1966 531 2018 cognoscibilis.
577 1965 625 2004 Et
666 1964 726 2002 sic
767 1962 975 2010 concedo,
1009 1960 1127 2012 quod
1158 1962 1230 2003 ob_

212 2044 376 2093 jectum
409 2042 516 2081 circa
538 2040 655 2091 quod
679 2042 743 2078 est
767 2039 860 2078 talis
880 2039 1058 2077 scientia
1080 2037 1232 2076 dicitur

216 2119 326 2165 finis,
351 2122 392 2158 et
422 2118 472 2157 ab
495 2118 588 2168 ipso
613 2115 700 2155 fine
721 2117 768 2154 ut
797 2115 853 2154 ab
876 2113 1049 2165 objecto
1072 2113 1232 2152 intelli-

217 2195 334 2247 gibili
362 2204 448 2233 una
481 2204 577 2233 cum
605 2192 842 2237 intellectu,
875 2190 1121 2240 simpliciter
1151 2188 1230 2228 de¬

221 2270 386 2320 pendet
404 2268 579 2308 scientia
620 2266 823 2317 practica,
862 2264 1134 2315 specificatur
1174 2267 1229 2303 ta¬

224 2357 323 2386 men
345 2346 397 2385 ab
420 2344 608 2395 objecto,
631 2346 678 2381 ut
700 2341 786 2380 dixi
801 2352 946 2391 supra.

356 2424 564 2460 Praeterea
583 2420 620 2458 si
636 2419 853 2457 scientiam
890 2428 973 2456 esse
999 2417 1231 2466 practicam

221 2503 258 2537 et
278 2496 474 2535 ordinari
489 2496 546 2533 ad
573 2494 751 2541 praxim
756 2503 765 2539 ,
787 2495 832 2530 ut
879 2492 936 2529 ad
960 2492 1086 2537 finem
1133 2500 1230 2529 con-

217 2577 436 2614 vertantur
452 2585 462 2620 ;
514 2570 527 2624 (
550 2573 650 2622 quia
698 2570 800 2609 dixit
854 2568 1058 2608 Henricus
1115 2566 1231 2618 quod

245 2651 399 2691 cientia
416 2648 568 2689 dicitur
588 2648 791 2696 practica,
818 2647 917 2695 quia
936 2645 1158 2685 ordinatur
1179 2643 1232 2682 ad

218 2725 383 2776 praxim
420 2726 468 2763 ut
507 2722 559 2761 ad
589 2721 734 2767 finem,
768 2723 810 2760 et
848 2731 926 2770 per
958 2730 1232 2769 consequens

220 2801 445 2841 scientiam
467 2797 654 2838 ordinari
685 2796 740 2835 ad
760 2795 927 2845 praxim
946 2798 994 2833 ut
1015 2794 1068 2833 ad
1083 2793 1230 2841 finem,

223 2877 376 2916 dicitur
411 2875 552 2924 ipsam
591 2882 686 2912 esse
709 2871 943 2920 practicam
965 2869 978 2921 )
1018 2880 1122 2920 ergo
1163 2870 1234 2908 illa

216 2950 397 2990 scientia
429 2959 520 2999 quae
550 2957 638 2986 non
661 2946 882 2985 ordinatur
912 2944 966 2984 ad
987 2944 1151 2994 praxim
1186 2947 1234 2983 ut

221 3027 275 3066 ad
294 3025 428 3066 finem
450 3034 538 3063 non
569 3023 648 3062 erit
677 3021 882 3072 practica,
917 3030 999 3059 nec
1018 3032 1098 3071 per
1132 3030 1231 3060 con¬

223 3112 414 3153 sequens
447 3101 627 3139 scientia
664 3098 838 3137 moralis
868 3106 966 3147 quae
996 3106 1083 3135 non
1123 3096 1234 3136 ordi¬

225 3182 352 3219 natur
393 3175 449 3215 ad
482 3174 649 3225 praxim
686 3175 734 3211 ut
772 3171 828 3210 ad
863 3169 1010 3218 finem,
1048 3172 1232 3210 maxime

227 3253 470 3295 secundum
500 3249 656 3300 ipsum,
682 3249 753 3297 qui
780 3248 868 3286 vult
890 3247 1006 3297 quod
1033 3250 1235 3297 respectu

228 3329 324 3370 finis
373 3327 541 3366 dicatur
585 3323 792 3374 practica,
830 3325 875 3361 ut
910 3321 1076 3372 patebit
1110 3320 1234 3360 infra.

231 3406 335 3446 Cum
357 3413 459 3454 ergo
482 3400 660 3440 scientia
680 3399 851 3438 moralis
880 3398 1037 3437 habeat
1054 3396 1233 3436 felicita¬

235 3485 319 3522 tem
345 3491 421 3531 pro
459 3475 543 3515 fine
578 3474 632 3513 ad
671 3484 800 3523 quem
834 3472 1013 3512 scientia
1049 3471 1237 3522 practica

232 3568 320 3596 non
351 3553 496 3603 dirigit
538 3552 716 3600 praxim,
753 3549 955 3590 videlicet
987 3553 1130 3587 actum
1161 3560 1238 3588 vo¬

232 3630 419 3672 luntatis,
461 3632 507 3665 ut
544 3624 652 3664 infra
680 3625 863 3674 patebit,
897 3625 1090 3674 sequitur
1121 3624 1236 3674 quod

1296 375 1473 414 scientia
1504 374 1672 414 moralis
1703 385 1788 414 non
1830 376 1909 414 erit
1943 377 2144 426 practica,
2186 378 2304 428 quod

1300 454 1364 490 est
1386 453 1530 490 contra
1550 451 1853 503 Philosophum
1875 454 2012 503 primo
2040 455 2167 493 Ethic.
2207 464 2301 502 cap.

1297 525 1334 563 3.
1366 528 1402 563 et
1425 525 1484 564 10.
1508 536 1597 574 cap.
1625 527 1684 566 11.
1708 525 1853 565 Posuit
1874 527 1987 567 enim
2015 528 2297 580 Philosophus

1294 596 1542 637 felicitatem
1563 599 1605 637 in
1626 599 1717 638 sola
1737 601 2030 649 speculatione
2044 603 2297 645 substantiae

1295 677 1517 722 separatae,
1550 677 1598 714 ut
1620 677 1739 724 patet
1771 676 1831 715 10.
1854 676 1987 716 Ethic.
2013 687 2107 726 cap.
2136 680 2196 719 10.

1347 748 1407 800 (g)
1440 752 1493 789 Si
1525 752 1695 790 dicatur
1736 755 1850 801 quod
1875 753 2059 801 felicitas
2105 760 2176 804 est,
2220 760 2297 797 etc.

1296 825 1464 865 Diceret
1492 825 1599 866 forte
1622 829 1826 868 Henricus
1848 829 1966 879 quod
2006 830 2186 870 scientia
2216 844 2303 873 mo¬

1293 902 1392 941 ralis
1430 912 1516 942 non
1556 903 1709 943 dicitur
1747 907 1932 955 practica
1975 917 2028 945 ex
2073 907 2152 947 hoc
2184 909 2302 959 quod

1294 980 1346 1018 sit
1362 977 1563 1019 directiva
1585 980 1814 1020 voluntatis
1845 982 1886 1020 in
1920 981 2178 1032 felicitatem,
2207 995 2302 1024 cum

1293 1053 1362 1093 illa
1394 1057 1556 1094 tantum
1580 1057 1783 1096 consistat
1806 1059 1848 1096 in
1874 1058 2186 1107 speculatione,
2224 1060 2302 1100 sed

1296 1128 1450 1169 dicitur
1469 1133 1656 1179 practica
1678 1141 1731 1170 ex
1752 1131 1834 1171 hoc
1855 1132 1972 1182 quod
1995 1133 2136 1185 dirigit
2155 1136 2303 1175 volun¬

1296 1205 1428 1242 tatem
1449 1208 1495 1243 ut
1517 1205 1648 1256 eligat
1668 1209 1787 1245 actus
1809 1208 1988 1254 virtutis,
2015 1209 2084 1258 qui
2107 1209 2304 1249 ordinan¬

1299 1281 1365 1318 tur
1394 1280 1448 1320 ad
1476 1279 1738 1330 felicitatem,
1762 1283 1872 1323 sicut
1902 1283 2042 1323 media
2067 1285 2122 1324 ad
2159 1285 2305 1332 finem,

1299 1358 1342 1394 et
1361 1356 1422 1395 sic
1444 1356 1596 1397 dicitur
1624 1360 1810 1408 practica
1841 1370 1894 1398 ex
1918 1360 1998 1399 hoc
2026 1361 2142 1411 quod
2165 1363 2310 1415 dirigit

1298 1430 1564 1471 voluntatem
1588 1432 1698 1472 circa
1720 1433 1863 1472 media
1884 1434 1939 1474 ad
1968 1433 2113 1475 finem.

1353 1509 1524 1555 Contra,
1547 1509 1606 1547 ad
1623 1509 1810 1558 dirigere
1829 1520 1911 1548 non
1932 1511 2159 1550 ordinatur
2176 1523 2309 1552 neces¬

1300 1587 1430 1632 sario,
1473 1590 1554 1626 etc.
1595 1588 1754 1628 Sensus
1792 1589 1921 1638 hujus
1958 1591 2109 1631 litterae
2148 1596 2243 1632 est:
2267 1593 2310 1633 Si

1303 1662 1415 1701 enim
1437 1664 1630 1703 notitiam
1651 1676 1747 1704 esse
1770 1665 2016 1706 directivam
2043 1668 2305 1717 aptitudina-

1302 1738 1399 1778 liter
1416 1740 1459 1779 in
1482 1741 1647 1790 praxim
1668 1745 1710 1782 et
1731 1753 1826 1782 esse
1847 1745 2079 1793 practicam
2103 1748 2203 1784 sunt
2235 1757 2310 1796 pe¬

1303 1816 1416 1854 nitus
1431 1815 1562 1863 idem,
1594 1821 1695 1857 tunc
1717 1821 1890 1868 quaestio
1912 1820 1971 1859 ita
2001 1820 2080 1859 erit
2113 1821 2166 1860 de
2198 1821 2307 1861 noti¬

1304 1891 1358 1930 tia
1382 1890 1583 1931 directiva
1598 1893 1708 1932 sicut
1730 1893 1783 1933 de
1815 1896 2015 1944 practica.
2052 1897 2168 1936 Sicut
2198 1899 2312 1936 enim

1306 1969 1505 2017 quaeritur
1525 1979 1548 2006 a
1580 1980 1664 2019 quo
1689 1970 1856 2011 dicatur
1883 1974 2085 2022 practica,
2122 1974 2177 2013 ita
2208 1984 2317 2024 quae¬

1304 2045 1410 2084 ritur
1432 2055 1454 2084 a
1476 2057 1559 2095 quo
1577 2046 1730 2086 dicitur
1751 2048 1970 2096 directiva,
1994 2054 2036 2089 et
2056 2051 2114 2090 ita
2134 2051 2318 2102 probare

1304 2120 1498 2160 notitiam
1538 2132 1634 2161 esse
1665 2124 1896 2172 practicam
1941 2127 2040 2175 quia
2087 2126 2312 2175 directiva,

1305 2197 1370 2232 est
1389 2194 1569 2244 probare
1589 2196 1707 2235 idem
1728 2208 1806 2248 per
1824 2198 1958 2237 idem.
1983 2200 2100 2238 Sicut
2122 2211 2144 2239 e
2169 2204 2316 2241 contra

1302 2271 1486 2320 probare
1509 2272 1716 2320 notitiam,
1749 2284 1772 2312 a
1795 2285 1877 2324 quo
1900 2275 2026 2316 habet
2055 2280 2103 2315 ut
2131 2276 2185 2315 sit
2207 2277 2316 2317 dire¬

1303 2347 1410 2386 ctiva
1433 2347 1531 2398 quia
1553 2350 1753 2398 practica,
1778 2353 1842 2389 est
1873 2352 2059 2400 probare
2081 2352 2197 2391 idem
2232 2364 2313 2404 per

1303 2422 1433 2462 idem.
1465 2424 1514 2461 Et
1531 2424 1612 2462 hoc
1633 2424 1820 2464 intendit
1840 2427 1897 2466 ibi
1919 2439 1928 2465 :

1355 2495 1413 2548 (h)
1431 2498 1544 2544 Item,
1562 2499 1746 2547 dirigere
1766 2504 1823 2539 est
1838 2504 1954 2540 actus
1967 2502 2205 2549 intellectus,
2222 2506 2304 2544 etc.

1305 2571 1452 2610 Omnis
1478 2572 1588 2611 enim
1611 2576 1731 2613 actus
1761 2575 2004 2624 directivus,
2026 2578 2095 2617 vel
2126 2582 2191 2617 est
2212 2590 2307 2618 cau¬

1304 2648 1463 2687 sativus
1483 2649 1650 2688 habitus
1664 2650 1916 2699 prudentiae,
1935 2650 1997 2702 (ut
2017 2663 2167 2693 omnes
2191 2658 2310 2693 actus

1304 2723 1596 2772 praecedentes
1617 2725 1810 2764 habitum
1843 2726 2102 2777 prudentiae)
2140 2730 2208 2769 vel
2249 2733 2316 2769 est

1306 2798 1502 2845 effectus,
1542 2811 1619 2840 suo
1656 2801 1783 2840 modo
1806 2831 1815 2848 ,
1846 2802 1976 2852 ipsius
2008 2804 2177 2844 habitus
2211 2817 2314 2856 pru¬

1309 2873 1459 2914 dentiae
1479 2878 1528 2914 ut
1549 2888 1699 2916 omnes
1720 2881 1841 2917 actus
1866 2878 2056 2920 directivi
2079 2886 2316 2932 sequentes

1305 2949 1498 2989 habitum
1514 2951 1772 3000 prudentiae,
1795 2953 1849 2992 de
1872 2965 1955 3004 quo
1978 2957 2116 3007 magis
2147 2957 2318 3006 patebit

1305 3023 1415 3065 infra
1435 3027 1528 3066 dist.
1564 3028 1622 3066 17.
1667 3031 1709 3067 et
1741 3033 1906 3068 certum
1940 3034 2004 3069 est
2025 3032 2142 3082 quod
2182 3034 2317 3071 omnis

1307 3104 1426 3138 actus
1477 3100 1706 3142 directivus
1743 3103 1786 3142 in
1820 3105 1987 3153 praxim
2034 3107 2219 3156 pertinet
2264 3106 2320 3146 ad

1306 3173 1596 3222 prudentiam.
1619 3175 1804 3216 Adverte
1828 3181 1987 3226 tamen,
2022 3179 2137 3229 quod
2168 3180 2204 3218 si
2225 3180 2316 3229 ipse

1308 3249 1512 3288 Henricus
1557 3252 1681 3301 ponit
1717 3253 1856 3302 ipsam
1906 3257 2188 3294 extensionem
2226 3257 2314 3296 sive

1306 3325 1448 3374 ipsum
1470 3327 1653 3376 dirigere
1659 3358 1668 3376 ,
1702 3330 1819 3378 quod
1852 3329 1967 3369 idem
2006 3333 2069 3369 est
2107 3341 2202 3370 esse
2224 3342 2315 3380 pra¬

1307 3400 1409 3448 xim,
1433 3412 1525 3451 quae
1546 3405 1612 3442 est
1632 3405 1753 3443 actus
1773 3405 2019 3453 voluntatis,
2044 3409 2144 3455 quia
2165 3409 2316 3445 exten¬

1310 3477 1371 3515 sio
1394 3476 1464 3516 illa
1485 3480 1651 3517 tantum
1688 3480 1876 3529 pertinet
1902 3480 1956 3520 ad
1977 3485 2118 3520 actum
2146 3482 2316 3520 intelle¬

1313 3553 1421 3599 ctus,
1453 3550 1541 3590 haec
1578 3553 1683 3591 ratio
1725 3555 1857 3593 tenet.
1886 3555 1928 3593 Si
1964 3566 2064 3594 vero
2099 3555 2320 3605 acciperet

1312 3619 1454 3669 ipsum
1491 3621 1676 3668 dirigere
1706 3633 1782 3671 pro
1823 3628 1919 3661 actu
1968 3624 2228 3671 intellectus,
2270 3630 2317 3663 et
