2653 3979
291 379 348 432 (a)
364 381 548 420 Concedo
570 383 803 431 ergo,quod
814 382 980 422 habitus
994 395 1075 423 non
1089 387 1244 426 dicitur

275 1146 324 1183 Et
342 1148 389 1182 ut
409 1143 564 1182 clarius
584 1144 666 1182 hoc
682 1143 944 1194 intelligatur
959 1155 1071 1194 pono
1089 1158 1229 1186 exem¬

229 1221 362 1270 plum,
388 1218 604 1270 quomodo
627 1229 646 1256 a
670 1217 754 1257 fine
775 1222 1003 1259 sumuntur
1024 1224 1229 1272 principia

224 1294 413 1344 practica
451 1296 491 1332 et
517 1293 831 1341 conclusiones,
864 1298 907 1334 et
943 1296 1075 1336 multa
1113 1297 1225 1338 ordi¬

221 1374 321 1412 nata
343 1370 397 1410 ad
419 1368 546 1408 finem
571 1368 896 1419 acquirendum.
933 1371 1046 1410 Deus
1069 1375 1140 1423 qui
1163 1379 1228 1414 est

216 1448 311 1488 finis
333 1447 504 1487 ultimus
530 1444 724 1491 hominis,
749 1446 996 1498 altingibilis
1018 1460 1096 1498 per
1125 1462 1226 1502 ope¬

214 1524 440 1569 rationem,
456 1521 689 1560 virtualiter
710 1522 900 1561 continet
917 1523 997 1561 hoc
1021 1525 1225 1573 praedica¬

219 1604 322 1645 tum,
348 1597 463 1649 quod
484 1599 547 1637 est
563 1597 784 1645 diligibilis
802 1608 928 1647 super
943 1600 1106 1648 omnia;
1127 1612 1225 1640 con¬

218 1677 324 1716 tinet
346 1674 457 1719 dico,
489 1675 593 1724 puta
631 1683 710 1722 per
740 1672 951 1712 rationem
999 1673 1224 1717 formalem

214 1751 349 1802 ipsius
369 1750 461 1797 Dei,
485 1752 585 1788 tunc
615 1749 691 1797 sic,
715 1759 791 1788 ens
824 1748 1033 1789 infinitum
1056 1756 1120 1791 est
1157 1764 1224 1793 su¬

215 1837 294 1876 per
309 1825 449 1866 omnia
481 1822 701 1874 diligibile,
723 1823 839 1861 Deus
862 1827 926 1862 est
944 1824 1219 1875 hujusmodi;

215 1912 334 1952 ergo.
362 1899 555 1951 Cognitio
578 1898 686 1937 entis
704 1897 856 1937 infiniti
886 1901 950 1938 est
980 1911 1080 1941 vere
1123 1914 1223 1953 pra¬

215 1977 336 2024 ctica,
356 1980 403 2015 ut
429 1973 541 2014 infra
577 1974 756 2025 patebit,
798 1977 841 2013 et
873 1976 1059 2027 cognitio
1094 1979 1222 2030 hujus

213 2053 438 2104 principii:
477 2054 559 2091 Ens
596 2051 808 2099 infinitum
827 2055 883 2091 est
915 2064 1043 2101 super
1079 2056 1223 2095 omnia

211 2128 420 2179 diligibile
425 2158 435 2173 ,
472 2130 537 2166 est
573 2137 675 2166 vere
714 2126 901 2176 practica
921 2139 929 2174 ;
949 2131 991 2167 et
1029 2130 1224 2170 similiter

215 2205 402 2256 cognitio
439 2203 725 2242 conclusionis
781 2202 993 2251 deductae,
1030 2216 1114 2256 qua
1147 2219 1218 2247 co¬

211 2291 368 2331 gnosco
405 2281 544 2318 Deum
579 2289 674 2318 esse
709 2290 842 2329 super
874 2281 1016 2320 omnia
1037 2281 1220 2334 diligibi¬

210 2358 309 2406 lem,
351 2360 416 2396 est
448 2366 548 2396 vere
576 2357 776 2405 practica,
800 2355 899 2405 quia
939 2356 1139 2400 directiva
1176 2360 1219 2400 in

211 2434 387 2484 praxim,
420 2435 520 2482 puta
550 2432 592 2470 in
616 2442 809 2472 amorem
829 2432 963 2482 ipsius
985 2434 1075 2474 Dei.

262 2510 321 2549 Ex
339 2509 416 2548 ista
451 2505 725 2546 conclusione
753 2507 886 2546 multa
926 2508 1006 2547 alia
1041 2516 1221 2559 possunt

211 2586 351 2637 sequi,
373 2587 657 2634 utputa,er^o
680 2587 735 2622 est
762 2584 802 2621 ei
832 2583 1216 2636 obtemperandum,

213 2673 312 2705 er(f0
334 2673 375 2700 es
376 2665 389 2699 t
423 2661 664 2700 laudandus
692 2663 728 2698 et
760 2660 1038 2706 honorandus,
1063 2664 1104 2701 et
1142 2664 1218 2704 hu-

233 470 264 508 P
267 460 376 495 rimo
404 459 636 505 practicus,
676 462 754 496 etc.
781 457 852 497 Ilie
875 459 1030 499 Doctor
1054 460 1238 502 intendit

214 529 218 592 'ienSadi-
237 536 299 573 osl
299 562 303 571 '
308 544 381 573 enc
381 532 390 572 ^
397 542 467 572 ere
491 532 607 583 fiuod
647 534 816 573 habitus
850 535 1062 584 praclicus
1090 537 1242 578 dicitur

234 610 450 662 practicus
471 619 493 648 a
508 607 593 650 fine
619 610 753 660 ipsius
786 612 943 660 praxis,
976 621 1062 651 non
1099 616 1239 655 tamen

232 686 489 736 inquantum
527 688 592 724 est
625 684 735 734 finis,
778 685 857 725 sed
883 688 925 726 in
932 691 1142 739 quantum
1177 695 1240 731 est

231 761 413 811 primum
436 760 668 811 objectum.
685 761 870 802 Primum
886 767 1016 814 patet,
1034 766 1238 806 videlicet

230 837 347 889 quod
370 838 535 878 dicatur
555 837 769 888 practicus
806 849 827 878 a
853 837 953 880 fine.
977 842 1026 880 Et
1046 842 1237 884 similiter

227 915 465 955 secundum
498 918 631 966 patet,
681 915 798 966 quod
835 915 988 956 dicitur
1019 920 1234 967 practicus

224 1003 246 1031 a
268 992 351 1032 fine
372 1003 458 1033 non
479 994 732 1043 inquantum
753 993 862 1040 finis,
884 994 961 1033 sed
978 995 1231 1045 inquantum

225 1068 462 1118 objectum,
484 1072 530 1107 ut
564 1079 693 1118 supra
717 1069 945 1109 declaravi.

212 2813 368 2853 dicitur
387 2821 486 2851 vere
510 2813 712 2860 practica,
737 2820 834 2859 quia
858 2813 921 2849 est
944 2811 1148 2852 directiva
1168 2815 1211 2852 in

211 2889 390 2940 praxim,
423 2889 466 2925 et
512 2886 572 2925 sic
621 2887 740 2935 patet
773 2884 991 2936 quomodo
1032 2887 1215 2938 cognitio

210 2963 515 3015 principiorum
536 2963 580 3000 et
601 2960 926 2999 conclusionum
963 2961 1217 3010 praedicabi¬

210 3040 314 3079 lium
333 3040 514 3078 sumitur
535 3038 586 3076 ab
608 3037 700 3086 ipso
728 3035 829 3083 fine,
851 3038 911 3076 sic
940 3039 988 3075 ut
1010 3037 1100 3076 talis
1123 3036 1217 3077 finis

210 3114 447 3154 virtualiter
465 3111 643 3151 includit
663 3111 857 3150 notitiam
879 3115 964 3150 tam
985 3112 1216 3161 principio¬

209 3199 304 3228 rum
342 3199 471 3239 quam
502 3186 822 3226 conclusionum
861 3189 904 3225 et
943 3190 1218 3236 sequentium

213 3267 264 3306 ab
287 3264 381 3305 illis.

263 3342 342 3391 vel
359 3341 546 3391 ponatur
565 3337 681 3378 aliud
703 3338 946 3389 exemplum
977 3340 1020 3376 in
1039 3342 1219 3380 scientia

216 3418 366 3457 morali
393 3427 484 3467 quae
510 3418 574 3455 est
602 3425 702 3455 vere
743 3417 942 3464 practica.
983 3415 1088 3454 Nam
1125 3415 1219 3457 finis

217 3493 408 3533 scientiae
428 3493 600 3532 moralis
638 3494 703 3531 est
731 3490 912 3530 felicitas
932 3491 1150 3539 naturalis,
1181 3496 1222 3532 et

217 3570 279 3608 sic
299 3569 446 3609 notitia
475 3567 781 3618 principiorum
808 3567 1145 3617 practicabilium
1179 3567 1220 3605 in

213 2736 411 2785 jusmodi.
444 2737 493 2775 Et
531 2735 716 2785 cognitio
752 2735 900 2774 horum
944 2741 1218 2786 sequentium

1317 304 1493 344 scientia
1528 309 1673 346 morali
1694 310 1875 350 sumitur
1907 323 1929 350 a
1959 312 2160 355 felicitate
2201 321 2326 357 natu¬

1316 378 1406 426 rali,
1432 380 1484 418 ita
1511 381 1627 430 quod
1654 382 1837 424 felicitas
1856 389 2057 429 naturalis
2093 393 2159 431 vel
2175 393 2323 433 notitia

1317 453 1514 503 ejusdem
1533 457 1768 498 virtualiter
1787 459 1968 502 includit
1989 465 2182 505 notitiam
2204 468 2319 517 prin¬

1317 529 1522 579 cipiorum
1543 535 1880 582 practicabilium
1914 543 1955 580 et
1977 542 2317 591 conclusionum,

1315 608 1359 644 et
1390 607 1581 646 omnium
1622 609 1976 653 deducendorum
2017 626 2069 654 ex
2104 618 2320 669 principiis

1313 684 1355 720 et
1394 683 1741 725 conclusionibus
1764 687 1804 726 in
1829 691 1914 728 tota
1937 691 2113 731 scientia
2141 695 2314 744 morali;

1313 760 1355 795 et
1373 757 1455 797 hoc
1476 758 1510 797 si
1534 759 1626 799 talis
1641 760 1734 801 finis
1751 773 1838 802 non
1859 767 2129 807 contineatur
2157 771 2315 809 virtua¬

1310 833 1405 872 liter
1426 836 1466 872 in
1496 835 1691 886 subjecto
1727 838 1914 880 scienlise
1941 843 2126 890 moralis,
2152 848 2248 896 quia
2278 847 2312 886 si

1307 910 1364 950 ibi
1384 912 1619 953 virtualiter
1637 918 1942 966 contineretur,
1964 923 2062 961 tunc
2079 933 2156 972 per
2183 926 2308 965 ratio¬

1307 997 1406 1026 nem
1462 989 1645 1041 subjecti
1687 995 1943 1035 continentis
1985 999 2313 1040 concluderetur

1304 1062 1399 1103 finis
1430 1065 1500 1103 ille
1538 1065 1580 1104 in
1623 1067 1692 1107 tali
1730 1069 1926 1117 scientia,
1959 1076 2002 1112 et
2030 1075 2090 1113 sic
2129 1075 2180 1115 ab
2214 1076 2306 1127 ipso

1304 1143 1579 1179 sumerentur
1628 1143 1771 1182 omnia
1804 1146 2008 1197 principia
2038 1151 2227 1199 practica
2272 1157 2315 1192 et

1306 1213 1605 1255 conclusiones
1635 1219 1838 1267 practica)
1876 1221 1918 1260 in
1944 1225 2013 1264 tali
2047 1227 2240 1275 scientia,
2262 1231 2310 1267 ut

1301 1288 1409 1327 infra
1431 1292 1595 1341 patebit
1618 1297 1812 1344 praesenti
1836 1301 2088 1348 quaestione.

1352 1363 1411 1418 (b)
1433 1371 1672 1408 Secundum
1684 1375 1812 1422 patet,
1829 1374 1994 1414 scilicet
2017 1378 2133 1427 quod
2173 1379 2308 1419 scien¬

1298 1451 1356 1490 tia
1378 1450 1565 1497 practica
1603 1450 1796 1488 sumatur
1828 1461 1848 1488 a
1878 1449 1962 1490 fine
1999 1456 2045 1491 ut
2081 1454 2212 1494 habet
2240 1467 2307 1495 ra¬

1300 1526 1461 1564 tionem
1482 1524 1655 1575 objecti,
1697 1535 1784 1564 non
1815 1529 1956 1566 tamen
1987 1529 2192 1579 accipitur
2213 1543 2234 1571 a
2255 1533 2303 1572 fi¬

1298 1611 1352 1639 ne
1373 1604 1420 1640 ut
1441 1602 1569 1641 habet
1589 1604 1760 1652 praecise
1780 1603 1990 1644 rationem
2010 1605 2120 1654 finis,
2141 1609 2229 1647 sive
2262 1612 2308 1648 ut

1296 1677 1427 1717 habet
1463 1677 1674 1717 rationem
1708 1688 1850 1718 causae
1882 1679 2033 1720 finalis.
2065 1684 2186 1723 Nunc
2215 1686 2305 1726 Do¬

1300 1760 1389 1795 ctor
1417 1757 1572 1807 probat
1607 1756 1848 1797 secundum
1886 1760 2135 1810 principale,
2157 1763 2302 1804 videli¬

1299 1835 1368 1872 cet
1386 1833 1501 1883 quod
1522 1834 1725 1884 principia
1745 1836 1931 1883 practica
1952 1840 1992 1876 et
2008 1839 2306 1881 conclusiones

1298 1908 1376 1947 elsi
1398 1912 1626 1948 sumuntur
1646 1921 1670 1948 a
1699 1908 1801 1957 fine,
1823 1921 1907 1951 non
1930 1915 2073 1953 tamen
2096 1925 2119 1952 a
2137 1914 2221 1955 fine
2242 1917 2304 1955 in¬

1297 1986 1504 2034 quantum
1532 1983 1640 2034 finis,
1661 1985 1740 2026 sed
1761 1996 1784 2024 a
1803 1986 1887 2026 fine
1909 1988 2162 2039 inquantum
2185 1992 2303 2043 obje¬

1296 2064 1423 2100 ctum.
1458 2062 1709 2111 Exemplum
1743 2075 1751 2099 :
1786 2064 1991 2114 Principia
2034 2068 2221 2115 practica
2259 2070 2299 2107 in

1296 2137 1473 2177 scientia
1506 2139 1652 2177 morali
1671 2142 1899 2178 sumuntur
1929 2150 1951 2177 a
1990 2140 2190 2182 felicitate
2223 2154 2302 2182 na¬

1297 2215 1432 2256 turali,
1471 2217 1541 2264 qui
1577 2218 1645 2254 est
1664 2214 1758 2254 finis
1786 2217 1976 2257 scientiae
1997 2218 2181 2268 moralis,
2223 2219 2300 2259 sed

1293 2300 1379 2328 non
1409 2292 1637 2330 sumuntur
1665 2291 1717 2330 ab
1738 2292 1830 2342 ipsa
1850 2292 2104 2342 inquantum
2127 2298 2190 2334 est
2208 2294 2302 2335 finis

1294 2365 1381 2404 sive
1396 2366 1650 2415 inquantum
1667 2369 1728 2405 est
1746 2378 1872 2406 causa
1886 2366 2036 2414 finalis,
2057 2371 2151 2419 quia
2166 2374 2214 2409 ut
2226 2371 2299 2418 sic,

1293 2450 1379 2478 non
1402 2438 1556 2479 dicilur
1584 2439 1678 2479 finis
1699 2442 1781 2480 nisi
1803 2443 2058 2491 inquantum
2090 2448 2230 2484 amata
2261 2448 2304 2484 et

1296 2513 1539 2554 desiderata
1565 2526 1587 2553 a
1607 2515 1853 2562 voluntate;
1877 2516 1955 2555 sed
1982 2518 2073 2557 sive
2105 2520 2302 2559 voluntas

1294 2593 1408 2629 amet
1439 2591 1554 2630 illam
1586 2593 1674 2630 sive
1704 2602 1790 2631 non
1819 2596 1946 2638 amet,
1983 2593 2123 2632 adhuc
2151 2595 2301 2635 notitia

1292 2667 1593 2717 principiorum
1633 2667 1968 2716 practicabilium
1991 2672 2130 2719 potest
2166 2672 2299 2720 accipi

1293 2753 1315 2780 a
1334 2740 1555 2786 felicitate,
1588 2743 1685 2792 quia
1720 2741 1901 2783 felicitas
1928 2747 1976 2783 ut
2004 2754 2199 2793 praesens
2232 2747 2295 2785 in¬

1293 2814 1480 2855 tellectui
1494 2815 1726 2854 virtualiter
1740 2816 1918 2856 includit
1938 2818 2127 2857 notitiam
2153 2820 2296 2858 talium

1291 2888 1612 2939 principiorum.
1634 2889 1736 2927 Nam
1758 2894 1804 2928 ut
1824 2900 1951 2929 causa
1979 2891 2179 2940 partialis,
2201 2902 2298 2930 con¬

1292 2966 1492 3004 currente
1525 2964 1744 3004 intellectu
1777 2969 1824 3004 ut
1854 2965 1933 3004 alia
1962 2977 2092 3005 causa
2117 2969 2296 3015 partiali,

1294 3040 1422 3078 talem
1439 3043 1584 3078 causat
1602 3041 1794 3080 notitiam
1816 3043 2133 3092 principiorum,
2154 3045 2295 3084 dando

1293 3115 1331 3153 ei
1351 3115 1651 3164 aptitudinem,
1675 3116 1728 3155 de
1769 3127 1852 3168 qua
1881 3129 2008 3167 supra
2040 3118 2139 3158 dixi.

1342 3191 1462 3230 Nunc
1491 3202 1658 3240 expono
1696 3193 1883 3232 litteram
1921 3205 2014 3234 cum
2050 3194 2150 3234 dicit
2172 3198 2296 3236 \'ldeo

1293 3264 1408 3303 enim
1444 3264 1538 3304 finis
1577 3267 1718 3314 praxis
1748 3265 1820 3306 dat
1850 3268 1972 3307 talem
2016 3270 2300 3318 aptitudinem

1291 3341 1381 3379 sive
1395 3344 1593 3380 naturam
1608 3342 1840 3382 habentem
1855 3344 1984 3383 talem
1998 3343 2297 3394 aptitudinem,

1293 3419 1393 3466 puta
1425 3416 1604 3456 felicitas
1634 3418 1732 3458 ideo
1756 3422 1902 3458 causat
1927 3421 2051 3460 talem
2080 3425 2293 3470 naturam,

1293 3491 1337 3530 id
1359 3495 1422 3531 est
1440 3494 1567 3532 talem
1587 3495 1777 3534 notitiam
1798 3496 2031 3535 habentem
2048 3497 2175 3535 talem
2198 3499 2301 3547 apti¬

1296 3568 1501 3617 tudinem,
1527 3573 1625 3619 puta
1651 3571 1880 3620 prioritatis
1910 3575 1952 3610 et
1975 3571 2295 3614 conformitalis.
