2624 3979
271 368 485 416 tingenter
518 366 561 403 el
590 362 913 402 delerminaliva
939 359 1095 410 praxis,
1119 361 1163 396 et
1192 358 1274 396 hoc

267 439 484 490 loquendo
527 438 579 478 de
626 437 848 477 intellectu
894 438 936 477 in
977 434 1192 475 communi
1233 436 1275 473 et

267 516 488 556 voluntate
509 518 552 556 in
574 514 807 562 communi,
843 515 941 563 quia
976 513 1056 551 hoc
1089 520 1174 549 non
1208 511 1275 548 est

265 602 411 632 verum
461 591 515 630 de
555 599 832 641 quocumque
866 587 1085 627 intellectu
1131 587 1173 624 et
1221 583 1273 622 de

266 677 536 718 quacumque
562 666 798 707 voluntate.
820 663 927 703 Nam
949 663 1041 702 talis
1062 660 1210 699 notitia
1233 661 1275 697 ut

267 748 333 785 est
363 745 404 783 in
437 743 660 782 intellectu
693 741 893 786 humano,
924 738 1075 778 dicitur
1094 739 1211 775 recta
1234 739 1275 773 et

269 819 571 861 conformativa
593 818 736 868 praxis
770 815 992 856 elicienda;
1013 825 1036 852 a
1056 813 1274 852 voluntate

267 899 311 937 in
333 894 489 934 eodem
509 892 756 944 supposito;
788 894 836 930 ut
865 901 966 930 vero
1003 889 1095 928 talis
1128 887 1274 926 notitia

271 975 335 1012 est
365 973 408 1010 in
441 970 662 1010 intellectu
695 966 853 1010 divino,
876 975 962 1005 non
985 964 1137 1004 dicitur
1160 963 1277 1003 dire-

270 1054 377 1093 ctiva
396 1053 629 1092 voluntatis
651 1048 800 1089 divinae
828 1049 872 1087 in
899 1048 1064 1097 praxirn
1098 1045 1272 1086 elicien¬

270 1129 369 1168 dam
407 1127 458 1166 ab
497 1127 605 1176 ipsa,
647 1126 778 1173 patet,
816 1123 915 1172 quia
945 1125 1030 1160 lota
1063 1120 1274 1160 rectitudo

270 1206 579 1254 praeceptorum
600 1198 801 1240 secundae
824 1198 974 1238 tabula;
996 1201 1059 1237 est
1087 1207 1111 1235 a
1138 1195 1277 1235 deter¬

269 1281 504 1319 minatione
544 1278 693 1317 divinae
723 1275 968 1321 voluntatis,
1003 1272 1278 1323 praecedente

273 1355 566 1406 cognitionem
607 1351 750 1391 talium
788 1353 1115 1400 praeceptorum,
1151 1350 1195 1386 et
1220 1348 1280 1387 sic

273 1432 390 1479 palet
412 1428 553 1468 littera
576 1426 783 1466 vectoris.

635 1548 691 1584 SC
699 1548 896 1584 MOLIUM.

315 1701 450 1746 Quoad
476 1700 652 1746 primam
686 1699 951 1744 quaestionem
972 1698 1084 1742 ponit
1105 1697 1280 1741 primam

267 1767 511 1803 sententiam
551 1763 731 1806 Henrioi,
766 1771 856 1808 quae
881 1764 991 1798 tenet
1022 1760 1282 1805 Theologiam

268 1830 450 1866 absolute
467 1838 555 1865 esse
569 1826 880 1874 speculativam,
897 1826 993 1871 quia
1008 1828 1120 1860 actus
1136 1825 1281 1860 volun¬

267 1894 361 1930 tatis
382 1903 459 1939 quo
481 1901 523 1927 se
546 1891 635 1927 unit
658 1890 727 1925 fini
749 1888 990 1933 Theologiae,
1013 1891 1052 1924 et
1073 1897 1151 1923 non
1172 1887 1282 1923 indi¬

271 1960 337 2002 get
371 1956 453 1992 ulla
488 1954 725 1996 directione,
761 1951 832 1988 sed
861 1955 1016 1988 tantum
1055 1952 1282 1987 ostensione

270 2022 428 2066 objecti,
451 2020 546 2066 quia
568 2028 644 2054 non
667 2019 795 2062 potest
821 2025 960 2051 errare
1003 2016 1112 2051 circa
1143 2015 1282 2059 finem,

273 2086 369 2121 licet
389 2087 502 2120 actus
528 2084 636 2118 circa
660 2080 792 2116 media
807 2080 1033 2117 directione
1056 2079 1282 2125 indigeant,

273 2150 369 2195 quia
388 2148 434 2183 in
456 2148 516 2183 eis
530 2146 661 2182 errari
679 2147 818 2191 potest.
843 2146 953 2180 Hanc
975 2145 1126 2181 refutat
1145 2146 1284 2180 Doctor

273 2212 457 2249 ducendo
487 2213 687 2248 rationem
724 2210 814 2255 ejus
838 2209 889 2245 ad
920 2210 1150 2256 oppositum
1183 2219 1285 2254 qua-

275 2276 530 2321 drupliciter,
564 2278 602 2312 et
632 2275 742 2310 clare
775 2273 897 2310 solvit
917 2275 1005 2319 ejus
1026 2276 1282 2318 argumenta.

336 2409 429 2455 His
456 2408 586 2454 visis
627 2408 708 2466 (a),
755 2407 1169 2466 respondendum
1203 2409 1284 2454 est

275 2487 335 2532 ad
370 2486 598 2545 primam
633 2484 997 2543 quaestionem,
1036 2483 1123 2530 ubi
1163 2487 1284 2530 sunt

276 2562 502 2620 quinque
539 2561 639 2607 viae
676 2561 917 2606 tenentes
954 2563 1162 2618 partem
1202 2573 1285 2605 ne¬

274 2639 509 2697 gativam
534 2635 858 2698 quaestionis.
888 2636 1003 2681 Una
1035 2635 1175 2687 dicit,
1209 2635 1283 2681 sic

274 2714 587 2761 declarando
618 2728 628 2755 :
662 2711 869 2771 Duplex
901 2713 981 2757 est
1017 2711 1166 2757 actus
1199 2725 1285 2757 vo¬

275 2790 515 2843 luntatis,
552 2802 686 2835 unus
733 2787 1011 2847 perficiens
1045 2786 1286 2833 volunta¬

277 2869 399 2919 tem,
438 2865 571 2911 alius
608 2863 694 2924 qui
728 2861 1006 2922 perficitur
1040 2875 1070 2907 a
1106 2861 1287 2907 volun¬

276 2945 402 2990 tate.
453 2942 664 2988 Primus
718 2942 869 2986 actus
915 2941 995 2985 est
1042 2940 1286 2998 respectu

273 3019 410 3071 finis,
434 3020 485 3064 et
508 3021 589 3064 est
613 3016 855 3075 operatio
877 3013 1111 3074 perfecta
1133 3027 1287 3073 quam

274 3095 418 3141 intra
443 3108 496 3140 se
523 3094 773 3139 voluntas
795 3091 956 3144 elicit,
983 3093 1033 3137 et
1063 3104 1164 3150 qua
1196 3090 1287 3136 fini

276 3171 465 3218 ultimo
497 3184 551 3215 se
581 3168 710 3214 unit.
737 3168 1002 3215 Secundus
1031 3169 1182 3213 actus
1209 3168 1289 3213 est

276 3249 521 3306 respectu
547 3257 733 3291 eorum
757 3247 1008 3302 quaesunt
1031 3242 1092 3289 ad
1115 3241 1285 3294 finem,

272 3324 404 3370 unde
437 3325 517 3369 est
557 3320 693 3367 actio
725 3320 875 3372 bona,
909 3333 1010 3378 qua
1040 3318 1288 3365 voluntas

275 3403 430 3447 extra
466 3412 519 3444 se
556 3398 607 3443 in
643 3396 782 3442 aliud
816 3396 997 3448 tendit,
1035 3396 1172 3441 sicut
1209 3397 1290 3441 est

279 3475 525 3534 quaelibet
566 3472 705 3520 actio
738 3471 996 3518 directiva
1029 3472 1082 3517 in
1114 3470 1287 3517 finem.

284 3554 344 3599 In
373 3551 546 3611 primo
583 3551 700 3595 actu
742 3561 846 3593 non
887 3548 1083 3606 indiget
1111 3547 1292 3592 volun¬

286 3632 369 3675 tas
432 3625 711 3676 directivo,
779 3624 864 3670 sed
922 3624 1036 3670 sola
1101 3622 1292 3682 objecti

1352 354 1584 402 ostensio
1609 354 1819 402 sufficit.
1847 356 1988 402 Talis
2013 357 2189 402 autem
2207 360 2357 405 actus

1350 432 1410 478 ad
1451 432 1731 479 scientiam
1767 432 2084 492 simpliciter
2124 433 2356 491 specula¬

1349 508 1514 555 tivam
1559 509 1805 568 pertinet,
1854 509 1906 555 in
1937 510 2050 569 ipso
2092 508 2230 554 enim
2275 513 2357 557 est

1350 585 1642 643 speculatio
1691 585 2037 637 solummodo,
2080 588 2136 632 ut
2179 585 2358 631 volun¬

1348 660 1446 707 tati
1479 660 1740 720 objectum
1766 674 1872 706 suae
1895 660 2222 720 operationis
2247 674 2359 720 per¬

1346 735 1482 782 fecte
1512 737 1768 789 ostendat,
1802 739 1858 784 ut
1887 736 1937 782 in
1968 737 2140 796 ipsum
2175 736 2359 782 statim

1350 813 1585 871 perlecta
1615 813 1924 872 operatione
1952 813 2144 864 tendat.
2172 814 2230 858 In
2254 813 2359 858 alio

1348 891 1527 936 autem
1561 891 1681 935 actu
1709 888 1957 935 voluntas
2003 887 2196 947 indiget
2233 887 2362 934 dire¬

1350 963 1507 1016 ctivo,
1539 965 1589 1010 et
1636 962 1719 1010 hic
1764 965 1826 1010 ad
1854 964 2132 1012 scientiam
2168 964 2362 1023 practi-

1349 1052 1465 1084 cam
1495 1039 1743 1097 pertinet,
1776 1039 1897 1098 quia
1925 1039 1976 1084 in
2000 1039 2112 1098 ipso
2143 1042 2223 1086 est
2253 1053 2361 1099 spe¬

1350 1114 1546 1161 culatio
1576 1117 1633 1161 ut
1680 1115 1944 1162 actionem
1976 1115 2187 1174 dirigat,
2233 1117 2363 1176 quod

1350 1193 1432 1237 est
1464 1190 1738 1250 proprium
1774 1192 2036 1250 practicse.
2082 1192 2244 1238 Actus
2278 1205 2364 1238 au¬

1351 1268 1459 1312 tem
1488 1265 1575 1326 qui
1604 1266 1879 1325 perficitur
1906 1280 1936 1313 a
1960 1267 2237 1314 voluntate
2261 1281 2362 1313 non

1353 1345 1432 1389 est
1461 1342 1578 1389 finis
1613 1342 1769 1401 hujus
1817 1343 2052 1390 scientiae
2096 1343 2202 1389 nisi
2245 1343 2363 1389 finis

1355 1419 1448 1465 sub
1474 1419 1591 1471 fine,
1632 1419 1718 1465 sed
1751 1419 1887 1464 alius
1918 1420 2004 1479 qui
2034 1419 2238 1478 perficit
2276 1433 2365 1465 vo¬

1353 1496 1630 1543 luntatem.
1680 1497 1744 1542 Et
1795 1509 1858 1542 ex
1909 1495 2007 1542 hoc
2059 1495 2214 1542 habet
2260 1496 2365 1542 ista

1355 1572 1575 1620 scientia
1599 1572 1732 1631 quod
1755 1570 2140 1631 perfectissime
2164 1571 2234 1618 sit
2257 1584 2366 1631 spe¬

1355 1649 1602 1700 culativa,
1635 1647 1758 1706 quia
1797 1649 1948 1694 actus
1995 1647 2366 1708 principaliter

1355 1722 1591 1770 intentus
1627 1722 1678 1767 in
1707 1722 1810 1769 ista
1840 1722 2065 1770 scientia
2107 1726 2189 1769 est
2217 1726 2367 1770 actus

1355 1799 1650 1846 voluntatis
1679 1797 1824 1845 circa
1850 1799 2007 1845 finem
2043 1799 2094 1844 in
2123 1812 2223 1857 quo
2264 1812 2368 1844 non

1356 1876 1554 1934 indiget
1598 1874 1872 1928 directivo,
1917 1876 2002 1921 sed
2040 1876 2250 1922 tantum
2292 1888 2370 1920 os¬

1356 1951 1596 1998 tensione
1620 1950 1832 2009 objecti;
1858 1963 1987 2009 ergo
2016 1963 2121 1995 non
2148 1953 2228 1996 est
2251 1963 2366 2009 pra-

1357 2027 1515 2079 ctiva,
1546 2026 1632 2072 sed
1659 2026 2003 2086 speculativa,
2028 2039 2148 2072 cum
2172 2026 2222 2071 in
2245 2028 2365 2072 actu

1358 2116 1450 2149 suo
1488 2102 1771 2162 principali
1803 2115 1908 2147 non
1959 2101 2187 2160 indigeat
2233 2102 2367 2148 dire¬

1359 2179 1551 2224 ctione.

1417 2256 1519 2300 Pro
1559 2253 1658 2300 hac
1694 2254 1782 2299 via
1814 2256 1895 2300 est
1931 2253 2228 2300 auctoritas
2270 2254 2368 2300 Au¬

1357 2329 1556 2389 gustini
1585 2329 1638 2375 in
1665 2343 1822 2375 serm.
1847 2330 1907 2376 de
1935 2329 2098 2376 Jacob
2119 2332 2170 2376 et
2192 2331 2332 2375 Esau
2359 2344 2368 2372 :

1361 2410 1518 2451 Omnia
1569 2405 1775 2465 (inquit)
1819 2422 1952 2463 opera
1987 2414 2137 2450 nostra
2179 2414 2280 2449 sunt
2322 2414 2369 2449 ut

1355 2485 1589 2527 mundetur
1652 2484 1813 2535 oculus,
1867 2497 1948 2538 quo
1993 2483 2193 2526 videatur
2236 2484 2363 2526 Deus.

1360 2562 1492 2607 Item
1523 2561 1698 2619 potest
1727 2558 1882 2617 argui
1912 2558 1986 2604 sic
2017 2571 2028 2600 :
2056 2570 2160 2603 non
2200 2557 2369 2616 requi¬

1359 2636 1500 2683 ritur
1549 2634 1865 2681 directivum
1909 2634 1996 2680 ubi
2039 2646 2144 2678 non
2195 2636 2371 2692 potest

1359 2727 1474 2760 esse
1517 2725 1701 2764 error;
1761 2711 1984 2758 scientia
2017 2711 2259 2770 practica
2291 2713 2372 2758 est

1359 2788 1632 2842 directiva,
1657 2788 1826 2846 igitur
1849 2787 2070 2834 scientia
2090 2787 2371 2833 beatorum

1359 2879 1464 2911 non
1485 2867 1566 2911 est
1594 2863 1848 2922 practica,
1875 2863 1997 2922 quia
2023 2862 2164 2909 beati
2184 2875 2373 2909 errare

1360 2954 1465 2986 non
1490 2941 1734 3000 possunt;
1777 2951 1907 2997 ergo
1936 2953 2029 2985 nec
2068 2941 2256 2985 nostra
2294 2940 2374 2984 est

1363 3016 1619 3076 practica,
1664 3014 1785 3073 quia
1806 3017 1885 3060 est
1926 3015 2105 3061 eadem
2139 3027 2256 3060 cum
2285 3014 2377 3059 illa

1364 3096 1658 3139 beatorum.
1692 3093 1824 3137 Item
1866 3092 2042 3149 potest
2080 3088 2238 3147 argui
2267 3089 2341 3135 sic
2365 3105 2374 3141 ;

1364 3167 1647 3215 secundum
1676 3166 2005 3213 intellectum
2044 3165 2199 3211 istius
2233 3165 2374 3218 alibi,

1365 3244 1487 3303 quia
1530 3244 1671 3290 Deus
1729 3255 1835 3287 non
1884 3241 2041 3287 habet
2099 3240 2374 3288 scientiam

1364 3320 1676 3379 practicam,
1733 3317 1963 3363 maxime
2003 3319 2181 3363 autem
2219 3316 2375 3363 habet

1365 3396 1540 3449 istam,
1577 3395 1660 3441 vel
1700 3393 1872 3446 solus;
1916 3406 2061 3452 ergo,
2098 3396 2197 3440 etc.

1424 3474 1624 3520 Contra
1645 3471 1744 3517 hoc
1765 3470 1846 3516 .sic
1881 3469 2131 3528 arguitur
2159 3469 2239 3527 (b),
2265 3469 2374 3528 pri¬

1366 3560 1451 3593 mo
1481 3547 1744 3595 rationem
1769 3543 2048 3605 positionis
2070 3557 2253 3590 eorum
2287 3545 2375 3590 du¬

1366 3637 1427 3670 co
1474 3625 1535 3671 ad
1587 3622 1888 3682 oppositum
1940 3620 2373 3680 quadrupliciter.
