2653 3979
212 328 391 373 Primo
426 328 500 375 sic
535 344 544 372 :
581 328 681 375 etsi
720 327 968 374 voluntas
1003 338 1107 372 non
1132 340 1220 384 po¬

211 406 314 451 test
341 417 528 450 errare
557 404 701 451 circa
733 407 888 449 finem
924 403 974 449 in
1018 403 1204 448 univer

212 480 311 526 sali
362 483 650 532 ostensum,
699 482 875 539 potest
923 481 1102 526 tamen
1147 493 1225 525 se¬

211 556 432 600 cundum
454 569 544 601 eos
577 568 764 601 errare
805 555 949 601 circa
988 553 1143 600 finem
1173 553 1224 599 in

212 630 529 689 particulari
552 632 843 682 ostensum;
869 642 996 688 ergo
1020 629 1080 675 ad
1106 628 1202 674 hoc
1209 664 1223 680 Y

211 708 267 752 ut
291 708 432 752 recte
462 708 587 765 agat
621 705 766 752 circa
805 705 964 750 linem
994 703 1221 764 particu¬

212 781 401 828 lariter
443 785 714 828 ostensum
755 781 1053 840 requiritur
1093 780 1223 826 dire¬

211 859 282 906 cti
290 873 351 905 va
379 858 630 905 ostensio.
675 857 918 906 Ostensio
959 860 1136 904 autem
1170 856 1224 902 li¬

213 934 294 980 nis
324 935 375 980 in
414 933 703 992 Theologia
740 936 820 980 est
864 932 982 978 linis
1029 945 1132 978 non
1173 932 1225 978 in

214 1010 521 1063 universali,
556 1010 642 1057 sed
672 1009 722 1055 in
758 1009 1227 1069 particulari,quia

214 1087 275 1132 ad
344 1084 768 1145 Metaphysicum
834 1085 1064 1143 pertinet
1133 1085 1226 1131 illa

213 1161 446 1210 ostensio
522 1162 574 1207 in
632 1160 941 1207 universali.
997 1161 1139 1207 Unde
1182 1160 1225 1207 si

211 1239 351 1287 beati
384 1254 571 1287 errare
593 1253 697 1285 non
729 1242 948 1299 possunt
973 1239 1116 1285 circa
1145 1238 1227 1284 ob¬

206 1315 408 1374 jectum
453 1316 829 1374 Theologicum
869 1314 1126 1366 absolute,
1173 1314 1227 1360 in

212 1393 389 1452 aliquo
419 1396 539 1440 actu
580 1394 760 1438 tamen
804 1393 1054 1450 possunt;
1097 1403 1224 1448 ergo

211 1469 514 1516 necessario
543 1468 734 1514 habent
765 1467 1124 1525 cognitionem
1159 1466 1227 1512 di-

217 1546 474 1592 rectivam
519 1546 766 1603 respectu
808 1543 1035 1603 alicujus
1076 1546 1227 1589 actus

216 1622 361 1667 circa
385 1620 648 1679 objectum
675 1618 1068 1677 Theologicum.

277 1699 545 1744 Praeterea
584 1697 662 1754 (c),
701 1695 911 1742 habitus
939 1693 1226 1741 directivus

219 1787 322 1820 non
359 1773 575 1833 ponitur
613 1775 835 1831 propter
874 1770 1227 1816 substantiam

219 1850 384 1900 actus,
446 1848 532 1894 sed
592 1850 812 1906 propter
879 1845 1228 1892 circumstan¬

221 1925 362 1977 tiam,
395 1924 529 1970 sicut
564 1921 920 1982 temperantia
952 1934 1056 1967 non
1085 1921 1227 1979 poni¬

222 2006 306 2050 tur
341 2005 562 2062 propter
584 1999 936 2047 substantiam
966 2001 1116 2045 actus
1147 2011 1228 2044 co¬

220 2078 450 2125 medendi
504 2077 587 2125 vel
633 2077 855 2124 alterius
906 2073 1224 2133 hujusmodi,

218 2155 304 2200 sed
340 2157 559 2214 propter
591 2152 1053 2203 circumstantias;
1099 2162 1225 2209 ergo

216 2230 339 2278 licet
383 2230 629 2276 voluntas
681 2231 821 2274 esset
875 2226 1229 2274 determinata

217 2308 278 2353 ad
314 2307 666 2353 substantiam
702 2307 851 2351 actus
877 2302 1138 2349 tendentis
1178 2302 1229 2348 in

214 2388 374 2430 linem
406 2383 460 2429 in
492 2380 827 2442 particulari,
863 2378 1229 2438 requireretur

217 2463 396 2507 tamen
411 2458 632 2505 directio
657 2457 914 2515 quantum
931 2456 992 2501 ad
1010 2454 1232 2500 circum¬

217 2535 472 2584 stantiam
494 2535 638 2581 illius
667 2536 835 2584 actus,
865 2532 926 2578 ad
949 2544 1105 2591 quam
1126 2543 1229 2576 non

214 2613 517 2660 extenditur
557 2610 781 2658 directio
811 2622 924 2667 quae
968 2609 1049 2655 est
1084 2607 1230 2653 circa

220 2689 573 2737 substantiam
612 2689 778 2733 actus.
821 2687 899 2731 Ex
949 2683 1067 2732 istis
1107 2684 1228 2729 dua¬

218 2765 312 2811 bus
342 2764 639 2811 rationibus
668 2760 935 2820 arguitur,
969 2759 1090 2818 quia
1124 2758 1229 2804 ubi¬

218 2855 440 2900 cumque
468 2838 730 2897 contingit
757 2838 810 2883 in
852 2835 1006 2896 praxi
1044 2848 1231 2881 errare

217 2920 266 2963 et
297 2920 440 2964 recte
464 2929 640 2975 agere,
679 2914 748 2960 ibi
779 2915 858 2960 est
892 2911 1087 2959 notitia
1114 2924 1231 2970 pra-

218 2993 355 3040 ctica
406 2992 710 3039 necessaria
767 2990 828 3036 ad
881 2987 1226 3046 dirigendum.

218 3072 277 3116 In
298 3071 403 3118 ista
443 3073 618 3116 autem
647 3066 803 3127 praxi
832 3078 945 3124 quae
985 3066 1065 3110 est
1106 3063 1229 3109 dile¬

214 3146 319 3194 ctio
366 3146 502 3198 finis,
545 3147 600 3192 ut
641 3144 873 3204 pertinet
913 3141 975 3187 ad
1013 3139 1226 3185 Theolo¬

213 3223 371 3280 giam,
408 3220 670 3279 contingit
701 3232 890 3265 errare
924 3215 1225 3276 dupliciter,

216 3302 271 3345 ut
319 3299 598 3345 ostendunt
634 3295 873 3342 rationes
920 3293 1066 3343 istae;
1114 3294 1227 3338 tum

217 3379 425 3426 ratione
460 3376 654 3437 objecti
683 3374 882 3422 ostensi
912 3374 964 3419 in
995 3371 1228 3432 particu¬

218 3455 350 3506 lari;
393 3456 507 3502 tum
547 3453 755 3499 ratione
797 3447 1229 3497 circumstantia¬

221 3544 341 3577 rum
391 3533 558 3582 actus,
602 3539 749 3586 ergo,
779 3529 877 3572 etc.

281 3608 548 3654 Praeterea
579 3603 659 3664 (d),
699 3602 864 3650 tertio
904 3602 979 3648 sic
1022 3614 1031 3642 :
1068 3599 1228 3658 Cujus

1297 325 1508 373 dilectio
1536 325 1907 384 principaliter
1923 323 2213 371 intenditur
2234 336 2317 369 ex¬

1297 405 1384 449 tra
1405 413 1568 461 genus
1586 400 1926 459 cognitionis,
1950 399 2064 460 ejus
2079 398 2314 457 cognitio

1297 475 1668 538 principaliter
1687 475 1977 523 intenditur
1991 476 2133 522 intra
2149 487 2311 534 genus

1298 553 1638 612 cognitionis;
1669 553 1878 600 dilectio
1903 565 2028 597 vero
2058 550 2175 597 finis
2219 564 2312 610 per

1296 645 1387 677 eos
1435 631 1805 691 principaliter
1834 629 2125 677 intenditur
2154 631 2308 676 extra

1298 719 1462 765 genus
1506 706 1855 766 cognitionis,
1899 717 2029 763 ergo
2076 703 2310 763 cognitio

1296 783 1415 830 finis
1474 783 1844 843 principaliter
1903 780 2194 828 intenditur
2258 780 2310 826 in

1297 872 1487 918 genere
1511 860 1849 919 cognitionis.
1877 858 1971 905 Sed
1995 858 2047 904 in
2078 857 2309 916 qualibet

1299 936 1522 983 scientia
1585 935 1875 983 intenditur
1940 932 2312 993 principaliter

1298 1011 1532 1071 cognitio
1580 1012 1661 1058 sui
1696 1010 1918 1071 subjecti
1958 1009 2145 1069 primi;
2181 1021 2310 1067 ergo

1297 1089 1416 1135 finis
1455 1091 1536 1135 est
1574 1088 1868 1147 principale
1916 1086 2211 1145 subjectum
2249 1084 2313 1130 is¬

1298 1165 1407 1211 tius
1448 1165 1699 1212 scientim.
1758 1165 1800 1210 A
1844 1162 1945 1209 fine
1990 1163 2168 1210 autem
2225 1173 2310 1206 su¬

1301 1243 1519 1288 muntur
1564 1239 1828 1300 principia
1872 1237 2128 1298 practica,
2171 1236 2312 1295 prin¬

1299 1316 1438 1376 cipia
1470 1317 1710 1376 practica
1746 1315 2063 1363 concludunt
2102 1312 2314 1359 conclu¬

1302 1393 1475 1440 siones
1506 1393 1799 1453 practicas;
1826 1391 1993 1451 igitur
2020 1390 2125 1437 ista
2155 1388 2316 1435 scien¬

1300 1468 1377 1515 tia
1399 1483 1513 1528 quae
1536 1469 1710 1528 primo
1735 1467 1955 1514 intendit
1978 1464 2314 1512 dilectionem

1300 1542 1420 1589 finis
1451 1547 1608 1590 extra
1640 1557 1805 1603 genus
1844 1541 2185 1601 cognitionis,
2235 1542 2315 1586 est

1303 1619 1560 1681 practica.

1361 1698 1629 1742 Praeterea
1663 1696 1740 1753 (e),
1783 1695 1845 1740 ad
1877 1693 2012 1740 idem
2041 1706 2204 1752 genus
2240 1705 2314 1738 se¬

1302 1773 1525 1819 cundum
1549 1770 1760 1831 praxim
1786 1770 1867 1816 vel
1897 1769 2312 1828 speculationem

1302 1848 1569 1907 pertinent
1634 1845 1896 1907 principia
1952 1848 2003 1892 et
2055 1843 2315 1891 conclusi¬

1304 1938 1446 1976 ones,
1487 1921 1855 1970 conclusiones
1895 1921 2035 1967 enim
2064 1920 2315 1980 practicae

1306 2000 1649 2047 resolvuntur
1677 1998 1729 2043 in
1768 1997 2034 2058 principia
2056 1998 2312 2056 practica,

1302 2091 1407 2124 non
1445 2075 1769 2136 speculativa
1786 2091 1795 2128 ;
1831 2086 1960 2132 ergo
1997 2086 2115 2120 cum
2139 2072 2314 2131 cogni¬

1302 2155 1377 2202 tio
1421 2153 1541 2200 finis
1587 2152 1656 2199 sit
1706 2150 1963 2197 directiva
2011 2149 2063 2194 in
2109 2148 2312 2194 actibus

1304 2230 1448 2276 circa
1491 2243 1552 2275 ea
1592 2240 1704 2287 quae
1751 2229 1871 2273 sunt
1924 2226 1986 2272 ad
2036 2225 2209 2278 finem,
2261 2226 2311 2270 et

1304 2305 1537 2365 cognitio
1560 2317 1746 2350 eorum
1770 2316 1882 2362 quae
1905 2304 2025 2348 sunt
2054 2301 2115 2348 ad
2136 2300 2311 2352 finem,

1305 2383 1375 2428 sit
1409 2381 1561 2441 quasi
1605 2380 1808 2426 inclusa
1834 2379 1887 2425 in
1926 2376 2229 2436 cognitione
2258 2377 2313 2422 fi¬

1303 2458 1384 2503 nis
1420 2457 1571 2517 quasi
1593 2455 1857 2516 principii,
1896 2453 1940 2499 si
1967 2452 2203 2511 cognitio
2233 2465 2315 2498 eo¬

1305 2547 1424 2580 rum
1453 2546 1566 2592 quae
1606 2534 1728 2578 sunt
1757 2531 1818 2576 ad
1845 2529 2001 2576 finem
2035 2528 2104 2574 sit
2143 2527 2317 2586 cogni¬

1302 2611 1378 2656 tio
1399 2608 1803 2656 conclusionum
1825 2605 2213 2665 practicarum;
2237 2616 2316 2649 er¬

1304 2699 1368 2745 go
1392 2685 1628 2744 cognitio
1656 2683 1774 2729 finis
1802 2681 1905 2728 erit
1934 2680 2168 2739 cognitio
2201 2691 2316 2738 pra¬

1303 2762 1457 2811 ctica,
1507 2760 1628 2820 quia
1659 2759 1718 2804 de
1756 2756 2019 2817 principio
2055 2755 2312 2815 practico.

1304 2838 1388 2884 Sic
1429 2838 1574 2896 patet
1615 2832 1892 2893 responsio
1939 2831 2002 2877 ad
2051 2830 2316 2876 rationem

1303 2914 1416 2973 ejus
1456 2912 1702 2971 primam,
1754 2908 1874 2967 quia
1908 2906 2102 2953 falsum
2125 2904 2317 2965 accipit

1304 2987 1455 3048 quasi
1494 2986 1742 3032 voluntas
1782 2984 1922 3029 esset
1960 2980 2315 3028 determinata

1303 3078 1365 3110 ex
1411 3076 1480 3114 se,
1523 3061 1658 3120 quod
1702 3058 2007 3118 improbant
2035 3058 2146 3103 duae
2186 3055 2315 3103 rati¬

1305 3153 1428 3186 ones
1454 3138 1656 3198 primae.
1700 3133 1959 3183 Similiter
1996 3133 2038 3179 si
2067 3133 2314 3179 voluntas

1300 3218 1442 3262 esset
1490 3212 1858 3262 determinata,
1914 3209 2078 3256 adhuc
2135 3211 2314 3256 tamen

1303 3290 1536 3350 cognitio
1569 3291 1709 3336 esset
1743 3287 1997 3347 practica,
2031 3286 2167 3332 sicut
2196 3299 2315 3344 pro¬

1304 3370 1426 3415 bant
1458 3367 1658 3413 ultimae
1691 3365 1802 3411 duae
1844 3362 2098 3409 rationes.

1359 3445 1435 3490 Ad
1490 3441 1871 3488 auctoritatem
1928 3449 2131 3487 eorum,
2195 3437 2311 3483 dico

1305 3521 1437 3579 quod
1463 3518 1670 3564 videtur
1691 3514 2001 3562 concludere
2024 3512 2155 3571 quod
2178 3512 2313 3558 visio

1305 3596 1400 3643 Dei
1432 3598 1512 3641 est
1550 3593 1669 3639 finis
1703 3592 1857 3651 hujus
1887 3589 2136 3639 scientiae,
2180 3589 2309 3646 quod
