2624 3979
340 376 440 436 ipsi
507 389 609 422 non
672 376 976 424 concedunt.
1039 375 1347 434 Respondeo

341 451 524 511 igitur,
585 452 720 511 quod
771 452 1067 499 auctoritas
1112 451 1350 510 loquitur

337 528 396 574 de
418 528 524 574 illis
547 528 946 588 operationibus
973 528 1348 580 exterioribus,

341 619 453 665 quse
499 608 619 652 sunt
657 606 877 666 jejunia,
918 605 1116 664 vigiliae
1151 607 1202 653 et
1236 619 1350 652 ora-

338 682 528 742 tiones,
555 683 677 742 quia
699 686 848 731 actus
872 683 1186 742 quicumque
1213 683 1351 728 exte¬

341 758 454 805 rior
497 762 654 806 natus
691 762 770 808 est
818 758 1147 807 conformari
1192 758 1352 805 alicui

338 835 480 882 actui
527 835 776 882 interiori
804 849 834 881 a
862 849 962 894 quo
1002 834 1157 881 habet
1200 847 1349 880 suam

337 911 646 964 bonitatem,
700 914 751 958 et
808 912 969 958 etiam
1016 911 1077 957 ad
1119 910 1349 968 aliquem

338 985 670 1033 interiorem
710 984 949 1032 ordinari
977 984 1266 1032 etfinaliter
1288 983 1350 1030 ad

336 1061 490 1107 velle.

394 1137 468 1183 Ad
490 1136 711 1184 tertium
753 1137 1060 1194 respondeo,
1094 1135 1227 1194 quod
1256 1135 1350 1181 sic-

337 1215 393 1260 ut
433 1225 593 1271 agens
635 1225 730 1271 P6?
758 1226 812 1258 86
846 1214 1068 1259 intendit
1103 1214 1349 1257 inducere

334 1287 580 1341 formam,
607 1302 699 1335 nec
733 1288 953 1335 intendit
995 1287 1348 1334 remotionem

332 1364 596 1411 contrarii
617 1364 720 1410 nisi
743 1377 837 1423 per
860 1363 1117 1415 accidens,
1147 1362 1224 1411 ita
1257 1363 1347 1408 ha¬

330 1441 471 1487 bitus
510 1453 604 1500 per
645 1454 699 1486 se
743 1440 941 1499 dirigit,
975 1453 1068 1499 per
1107 1439 1346 1486 accidens

330 1520 507 1564 autem
539 1517 768 1564 excludit
796 1530 1056 1563 errorem.
1096 1518 1160 1563 Et
1190 1517 1235 1563 si
1260 1516 1347 1563 ha¬

331 1594 472 1640 bitus
503 1596 584 1642 est
625 1593 906 1654 perfectus,
954 1607 1059 1639 non
1088 1593 1345 1652 compati¬

332 1673 423 1718 tur
445 1684 623 1718 secum
651 1683 911 1723 errorem,
942 1669 1047 1716 imo
1071 1670 1116 1715 si
1138 1683 1346 1730 compa¬

331 1748 466 1796 titur
487 1752 566 1796 est
594 1748 954 1808 imperfectus.
985 1747 1136 1793 Beati
1160 1747 1341 1806 igitur,

328 1825 452 1872 licet
487 1839 591 1871 non
632 1824 837 1885 possint
878 1837 1082 1876 errare,
1125 1836 1231 1869 non
1271 1837 1345 1870 se¬

329 1901 510 1960 quitur
539 1901 672 1960 quod
699 1913 803 1946 non
843 1899 1069 1946 habeant
1105 1897 1344 1944 habitum

326 1977 490 2024 etiam
523 1975 854 2028 directivum,
891 1974 1012 2034 quia
1046 1989 1107 2021 eo
1133 1988 1226 2034 per
1256 1975 1345 2020 im¬

325 2053 574 2113 possibile
595 2051 1004 2110 circumscripto
1031 2063 1218 2097 errare
1234 2064 1349 2110 pos¬

327 2132 459 2183 sent,
493 2129 580 2175 sed
618 2142 677 2174 eo
707 2128 882 2188 posito
924 2130 1147 2187 propter
1175 2127 1342 2186 perfe¬

325 2206 556 2252 ctionem
571 2204 700 2264 ejus,
730 2204 1030 2251 excluditur
1058 2203 1230 2250 omnis
1263 2217 1346 2250 er¬

326 2297 436 2329 ror.
466 2283 540 2329 Ad
558 2285 806 2341 quartum
827 2281 1033 2328 dicetur
1060 2281 1200 2327 infra
1227 2283 1346 2341 post

325 2358 646 2405 solutionem
691 2357 849 2416 hujus
891 2356 1199 2416 qusestionis
1241 2357 1346 2416 pri¬

325 2447 439 2488 mas,
490 2433 739 2481 solvendo
799 2435 1048 2492 quartam
1096 2433 1346 2493 objectio¬

324 2524 445 2556 nem
473 2512 665 2557 contra
711 2523 845 2555 eam.

631 2627 1040 2668 COMMENTARIUS.

389 2733 446 2786 (a)
480 2735 550 2773 His
582 2734 678 2773 visis
708 2733 1042 2782 respondendum
1077 2736 1135 2771 est
1167 2733 1225 2771 ad
1252 2732 1346 2782 pri¬

337 2821 451 2850 mam
499 2809 762 2859 quaestionem
808 2809 880 2848 ubi
913 2811 1006 2847 sunt
1051 2808 1234 2857 quinque
1269 2808 1346 2846 viae

332 2890 509 2926 tenentes
531 2888 704 2934 partem
724 2885 962 2933 negativam
969 2914 978 2931 ,
1000 2887 1046 2922 ut
1069 2882 1185 2932 quod
1204 2883 1341 2922 Theo¬

330 2961 445 3011 logia
494 2961 581 3000 sive
629 2961 804 3000 scientia
840 2958 1111 3010 Theologica,
1160 2969 1246 2998 non
1293 2960 1346 2998 sit

331 3038 511 3079 scientia
558 3037 761 3086 practica.
810 3037 945 3075 Prima
994 3041 1058 3075 est
1104 3035 1267 3075 Henrici
1301 3037 1344 3075 in

330 3124 511 3152 summa.
536 3114 618 3152 Ista
648 3114 790 3162 opinio
813 3115 896 3151 stat
919 3112 964 3150 in
996 3111 1164 3150 duobus
1186 3111 1309 3150 dictis
1332 3124 1340 3150 :

329 3191 356 3228 P
361 3201 379 3228 r
383 3190 393 3228 ^
398 3199 517 3227 mum
560 3188 676 3238 fiuod
714 3191 918 3237 respectu
959 3188 1095 3228 ultimi
1132 3185 1227 3226 finis
1257 3196 1342 3226 non

329 3266 498 3315 oportet
520 3274 682 3314 ponere
703 3265 745 3302 in
774 3263 995 3302 intellectu
1016 3264 1210 3302 notitiam
1243 3272 1340 3311 pra-

327 3344 477 3380 cticam
515 3341 774 3380 directivam
814 3341 958 3389 praxis
998 3339 1107 3378 circa
1145 3339 1342 3378 ultimum

323 3416 456 3456 finem
475 3428 483 3462 ;
509 3419 639 3466 patet,
662 3415 760 3464 quia
782 3416 955 3464 ponitur
975 3415 1126 3453 notitia
1155 3414 1343 3464 practica

323 3495 435 3534 circa
458 3492 575 3543 quod
606 3491 815 3541 contingit
834 3491 1100 3530 voluntatem
1121 3501 1249 3540 posse
1274 3501 1343 3530 er¬

321 3578 434 3612 rare,
478 3570 521 3606 et
558 3566 656 3606 ideo
700 3566 790 3605 talis
828 3565 1023 3605 voluntas
1054 3575 1109 3604 ne
1155 3569 1269 3605 erret
1298 3566 1341 3605 in

323 3642 534 3682 eliciendo
575 3644 733 3690 actum,
786 3642 829 3680 in
860 3640 976 3692 diget
1011 3641 1214 3683 directivo
1254 3643 1342 3683 sive

1421 377 1598 417 scientia
1626 376 1854 426 directiva;
1886 379 1964 418 sed
1996 388 2082 418 non
2117 380 2326 430 contingit
2353 391 2429 419 vo¬

1421 452 1632 492 luntatem
1674 454 1860 504 aliquam
1903 464 2046 493 errare
2084 456 2193 494 circa
2234 454 2430 494 ultimum

1423 527 1567 573 finem,
1599 539 1718 580 ergo.
1752 529 1944 582 Cognitio
1967 541 2069 581 ergo
2091 530 2227 568 ultimi
2248 529 2343 568 finis
2366 533 2431 569 est

1424 605 1702 655 speculativa,
1726 609 1768 645 et
1787 610 1950 645 tantum
1971 606 2202 656 requiritur
2221 609 2267 645 ut
2289 609 2432 645 osten¬

1423 682 1511 721 siva
1539 680 1648 728 finis,
1680 692 1766 720 non
1801 685 1943 722 autem
1966 681 2168 721 directiva
2202 682 2430 722 voluntatis

1425 758 1533 797 circa
1566 757 1710 804 finem,
1748 762 1789 797 et
1816 758 1913 797 ideo
1945 759 2122 798 scientia
2153 759 2429 808 Theologica,

1425 835 1522 884 quia
1553 835 1842 882 principaliter
1862 833 2033 883 respicit
2061 834 2257 872 ultimum
2283 834 2427 880 finem,

1425 909 1578 948 dicitur
1597 909 1872 958 speculativa.
1901 909 2145 949 Secundum
2167 909 2327 948 dictum
2349 913 2427 956 est,

1425 986 1540 1036 quod
1568 986 1717 1026 notitia
1739 996 1831 1036 quee
1852 985 1994 1036 dirigit
2026 985 2290 1025 voluntatem
2322 984 2431 1024 circa

1425 1071 1475 1099 ea
1510 1072 1600 1110 quae
1631 1064 1732 1100 sunt
1764 1062 1819 1101 ad
1846 1061 1977 1100 finem
2011 1061 2164 1101 dicitur
2201 1072 2301 1102 vere
2336 1071 2433 1111 pra¬

1424 1137 1544 1184 ctica,
1569 1139 1666 1186 quia
1689 1137 1895 1187 contingit
1924 1138 2188 1176 voluntatem
2225 1148 2366 1176 errare
2389 1139 2432 1176 in

1423 1213 1632 1253 eliciendo
1663 1219 1808 1254 actum
1843 1215 1954 1254 circa
1991 1215 2183 1255 ordinata
2205 1216 2259 1255 ad
2284 1214 2430 1262 finem,

1421 1289 1519 1329 ideo
1549 1301 1604 1329 ne
1641 1294 1754 1330 erret
1791 1291 1954 1342 indiget
1983 1291 2162 1330 scientia
2211 1291 2428 1333 directiva.

1421 1365 1467 1403 Et
1497 1367 1690 1414 quamvis
1721 1366 1900 1405 scientia
1933 1366 2206 1416 Theologica,
2239 1376 2331 1416 quae
2365 1369 2430 1405 est

1422 1440 1625 1480 directiva
1644 1441 1687 1480 in
1708 1441 1872 1491 praxim
1903 1442 2013 1481 circa
2033 1442 2227 1481 ordinata
2258 1444 2300 1481 in
2329 1442 2425 1481 ulti¬

1419 1529 1537 1558 mum
1562 1517 1702 1564 finem,
1739 1521 1948 1568 quantum
1987 1517 2039 1557 ad
2068 1518 2148 1557 hoc
2170 1518 2304 1568 possit
2346 1517 2429 1557 dici

1419 1595 1619 1644 practica,
1643 1594 1840 1633 absolute
1865 1596 2005 1633 tamen
2026 1594 2261 1644 loquendo,
2294 1594 2431 1633 scien¬

1421 1673 1472 1710 tia
1510 1671 1770 1722 Theologica
1817 1670 1970 1710 dicitur
2018 1681 2119 1710 vere
2164 1671 2429 1721 speculativa

1414 1752 1590 1798 propter
1612 1756 1787 1787 causam
1807 1748 2006 1796 superius
2035 1745 2208 1786 dictam.
2232 1748 2281 1786 Et
2310 1746 2428 1797 quod

1419 1824 1583 1863 dicatur
1611 1823 1875 1873 speculativa
1905 1823 2059 1873 probat
2098 1825 2354 1864 auctoritate
2384 1826 2426 1862 et

1416 1899 1667 1945 rationibus,
1690 1908 1787 1949 quae
1808 1901 1957 1948 patent
1984 1901 2026 1939 in
2046 1900 2199 1939 littera.

1468 1977 1626 2015 Doctor
1654 1978 1800 2014 autem
1838 1978 1984 2014 contra
2021 1975 2128 2014 hanc
2163 1976 2420 2025 positionem

1417 2052 1559 2091 multis
1590 2052 1744 2092 mediis
1778 2053 1931 2102 arguit,
1964 2056 2006 2091 et
2030 2051 2214 2092 intendit
2247 2054 2428 2103 probare

1419 2126 1536 2178 quod
1571 2128 1749 2166 scientia
1793 2136 1890 2176 quae
1934 2129 1999 2166 est
2034 2128 2250 2168 ostensiva
2289 2128 2426 2168 ultimi

1416 2202 1511 2242 finis
1539 2201 1702 2241 dicatur
1721 2213 1821 2242 vere
1843 2203 2046 2253 practica.

1470 2278 1529 2331 (b)
1558 2279 1694 2319 Prima,
1725 2279 1830 2320 ratio
1863 2284 1928 2320 est
1952 2280 2009 2320 ibi
2041 2283 2050 2319 :
2087 2283 2243 2320 Contra
2268 2282 2346 2321 hoc
2369 2284 2430 2322 sic

1419 2357 1618 2405 arguitur
1623 2387 1632 2403 ,
1677 2358 1762 2395 etc.
1801 2356 1850 2394 Et
1889 2356 2021 2405 prima
2064 2357 2169 2396 ratio
2215 2360 2280 2396 est
2326 2358 2428 2397 satis

1421 2432 1532 2470 clara
1560 2432 1603 2470 in
1640 2432 1793 2471 littera.
1832 2433 1880 2471 Et
1915 2432 2032 2482 quod
2064 2432 2164 2471 dicit
2206 2433 2323 2482 quod
2362 2444 2432 2473 se¬

1421 2509 1610 2548 cundum
1631 2520 1719 2557 eos,
1753 2510 1957 2560 contingit
1991 2521 2131 2550 errare
2155 2510 2266 2550 circa
2297 2511 2427 2552 finem

1417 2586 1460 2624 in
1490 2586 1748 2635 particulari,
1772 2588 1904 2635 patet.
1926 2586 2031 2625 Nam
2062 2590 2104 2626 et
2135 2588 2257 2626 multi
2291 2589 2427 2629 Philo¬

1418 2661 1543 2712 sophi
1589 2662 1700 2700 circa
1746 2662 1864 2700 illum
1912 2668 2178 2710 erraverunt,
2226 2669 2272 2704 ut
2309 2669 2427 2715 patet

1414 2738 1555 2785 primo
1582 2737 1709 2776 Ethic.
1745 2737 1818 2775 ubi
1849 2739 2082 2778 recitantur
2123 2738 2304 2779 diversae
2335 2742 2424 2790 opi¬

1417 2813 1568 2851 niones
1604 2811 1657 2851 de
1689 2811 1895 2852 felicitate
1926 2813 2089 2859 ultima,
2128 2825 2258 2864 quam
2295 2814 2425 2866 aliqui

1417 2892 1654 2938 posuerunt
1673 2889 1712 2925 in
1744 2888 1993 2936 honoribus,
2013 2890 2141 2940 aliqui
2161 2891 2203 2930 in
2233 2892 2422 2942 volupta¬

1419 2965 1543 3010 tibus,
1581 2967 1663 3002 etc.
1704 2965 1824 3003 Patet
1863 2965 2005 3012 etiam,
2049 2967 2147 3015 quia
2180 2966 2423 3006 secundum

1414 3041 1688 3088 Avicennam,
1712 3041 1947 3091 Metiphys.
1979 3041 2125 3081 ultima
2145 3041 2425 3094 Intelligentia

1415 3116 1606 3155 ultimate
1631 3116 1844 3165 quietatur
1862 3116 1904 3156 in
1932 3117 2011 3155 alia
2046 3129 2174 3168 quam
2203 3120 2245 3158 in
2275 3122 2426 3170 prima.

1415 3193 1475 3232 Ne
1519 3201 1621 3241 ergo
1664 3194 1777 3230 erret
1812 3193 2009 3232 voluntas
2061 3194 2170 3233 circa
2205 3194 2336 3235 finem
2380 3199 2422 3237 in

1416 3264 1672 3316 particulari,
1714 3269 1882 3315 oportet
1921 3277 2084 3316 ponere
2122 3269 2163 3308 in
2201 3271 2423 3311 intellectu

1416 3343 1608 3382 notitiam
1627 3343 1715 3382 veri
1745 3342 1854 3389 finis,
1880 3344 2139 3395 dirigentem
2160 3347 2424 3387 voluntatem

1416 3417 1470 3456 ad
1489 3417 1623 3464 illum,
1648 3423 1689 3456 et
1711 3419 1801 3458 talis
1823 3421 1972 3459 notitia
1992 3424 2057 3464 est
2085 3433 2186 3461 vere
2220 3425 2412 3473 practica

1413 3493 1463 3531 Et
1481 3492 1677 3531 similiter
1694 3493 1739 3532 in
1758 3494 1886 3533 modo
1912 3493 2116 3547 diligendi
2142 3495 2255 3537 forte
2277 3510 2410 3548 posse

1416 3567 1666 3618 contingere
1700 3579 1831 3616 error,
1873 3572 1971 3620 quia
1991 3572 2024 3610 si
2045 3573 2240 3613 voluntas
2269 3573 2429 3625 dilige¬

1415 3647 1480 3683 ret
1499 3644 1694 3683 ultimum
1715 3645 1844 3684 finem
1867 3649 1911 3685 ut
1934 3650 2093 3687 lanium
2125 3649 2288 3689 bonum
2311 3662 2429 3690 com-
