2624 3979
329 316 393 354 est
414 311 617 352 direetiva
638 311 678 350 in
701 309 864 348 actibus
895 306 1005 347 circa
1026 316 1076 346 ea
1113 314 1209 355 quae
1239 307 1338 344 sunt

330 388 384 428 ad
412 387 541 427 finem
559 399 568 434 ;
586 387 653 426 vel
682 386 870 431 brevius,
893 382 1078 435 cognitio
1100 379 1341 420 mediorum

331 464 386 504 ad
424 463 549 503 finem
579 460 826 502 immediate
850 463 890 500 et
925 458 1162 500 formaliter
1189 460 1254 496 est
1275 455 1337 494 di-

329 542 488 582 rectiva
526 543 647 580 actus
680 539 911 578 voluntatis
933 537 1040 576 circa
1064 533 1160 574 talia
1180 531 1338 572 media.

331 617 417 658 Sed
439 617 623 668 cognitio
670 615 802 665 ipsius
830 612 923 652 finis
960 615 1025 652 est
1057 613 1221 650 tantum
1275 608 1341 646 di-

330 695 489 734 rectiva
508 695 670 731 remote
701 694 743 729 et
770 688 1018 732 virtualiter,
1044 686 1141 735 quia
1190 683 1336 734 cogni¬

332 770 387 809 tio
410 766 653 809 mediorum
670 764 905 805 virtualiter
925 761 1158 802 includitur
1173 762 1215 800 in
1235 758 1336 804 fine,

330 851 398 892 vel
416 851 461 891 in
491 848 736 900 cognitione
775 846 895 892 finis;
920 847 961 884 et
999 844 1080 883 hoc
1127 844 1193 881 est
1223 838 1337 891 quod

328 927 537 977 sequitur,
571 927 606 962 et
648 922 826 971 cognitio
873 928 1017 959 eorum
1048 928 1138 967 quae
1164 920 1253 956 sunt
1286 915 1342 953 ad

324 1002 451 1051 finem
457 1013 466 1049 ,
487 1003 538 1040 sit
565 1000 690 1048 quasi
715 998 893 1044 inclusa,
920 994 1083 1034 scilicet
1108 991 1343 1033 virtualiter

326 1081 371 1120 in
416 1078 650 1127 cognitione
681 1077 777 1125 finis
823 1074 947 1123 quasi
996 1071 1204 1121 principii
1206 1099 1216 1115 ,
1253 1079 1340 1108 non

330 1151 445 1204 quod
464 1151 558 1192 finis
578 1152 620 1191 in
636 1161 683 1190 se
701 1150 812 1189 dicat
826 1147 1081 1198 principium
1098 1144 1340 1196 practicum,

334 1241 431 1271 cum
469 1231 523 1270 sit
566 1227 769 1267 terminus
804 1223 1119 1274 incomplexus,
1161 1221 1240 1261 sed
1280 1223 1345 1264 est

339 1307 430 1346 talis
452 1305 607 1345 entitas
628 1314 650 1342 a
673 1313 756 1353 qua
778 1301 912 1350 primo
952 1299 1157 1348 accipitur
1187 1296 1344 1348 princi¬

339 1382 456 1432 pium
478 1379 725 1430 practicum.
751 1376 816 1416 Sic
850 1377 977 1414 etiam
1004 1374 1200 1421 dicimus,
1231 1370 1348 1423 quod

342 1456 597 1508 principium
626 1451 940 1502 speculativum
318 1468 321 1508 su-
956 1450 1138 1490 sumitur
1158 1460 1181 1488 a
1211 1448 1346 1496 primo

118 1541 318 1585 principium
342 1532 538 1583 subjecto
572 1528 775 1576 scientiae,
813 1529 923 1566 sicut
959 1525 1040 1565 hoc
1071 1525 1344 1575 principium:

341 1610 467 1646 Omne
488 1601 650 1642 animal
668 1599 879 1638 rationale
899 1601 956 1637 est
973 1596 1149 1642 risibile,
1171 1595 1353 1634 sumitur

339 1691 361 1720 a
393 1679 632 1730 quidditate
654 1675 856 1716 hominis.

387 1758 437 1796 Et
457 1754 598 1795 addit:
615 1754 667 1793 Si
683 1751 862 1802 cognitio
891 1758 1038 1789 eorum
1061 1759 1151 1798 quae
1169 1752 1262 1787 sunt
1299 1749 1357 1787 ad

336 1833 463 1883 finem
492 1833 542 1871 sit
568 1830 748 1879 cognitio
780 1826 1098 1866 conclusionum
1133 1823 1353 1871 practica-

337 1917 450 1952 rum,
492 1905 591 1956 quia
631 1907 731 1942 tunc
764 1899 856 1940 talis
895 1897 1081 1949 cognitio
1120 1895 1356 1937 virtualiter

339 1980 582 2021 continetur
602 1980 645 2017 in
668 1976 915 2029 cognitione
938 1975 1031 2014 linis
1049 1985 1058 2021 ;
1085 1975 1127 2012 et
1147 1973 1182 2010 si
1203 1971 1352 2022 cogni¬

340 2055 394 2095 tio
421 2055 565 2094 talium
604 2057 719 2093 esset
758 2053 925 2090 tantum
958 2047 1144 2099 cognitio
1182 2046 1355 2086 conclu¬

339 2133 507 2171 sionum
528 2129 900 2181 speculativarum,
923 2125 1016 2164 talis
1044 2123 1232 2173 cognitio
1267 2131 1354 2160 non

338 2207 637 2247 includeretur
654 2207 696 2244 in
719 2204 964 2254 cognitione
995 2199 1106 2239 finis.
1136 2198 1352 2248 Sequitur,

339 2295 385 2323 er
386 2294 438 2332 go
479 2283 658 2332 cognitio
695 2282 791 2331 finis
821 2283 899 2320 erit
935 2277 1115 2326 cognitio
1141 2274 1350 2324 practica,

318 2365 319 2411 principium
340 2363 442 2411 quia
456 2362 505 2399 de
520 2360 732 2409 principio
750 2356 953 2405 praclico,
976 2355 1036 2392 sic
1052 2349 1352 2402 intelligendo,

341 2436 458 2487 quod
493 2434 588 2474 finis
628 2432 784 2472 dicitur
818 2437 1077 2481 principium
1098 2428 1349 2476 practicum,

341 2513 439 2563 quia
476 2511 527 2550 ab
551 2520 601 2549 eo
641 2509 824 2548 sumitur
853 2507 987 2556 prima
1025 2505 1130 2542 ratio
1156 2500 1352 2551 principii

346 2586 543 2639 practici;
567 2585 601 2625 si
623 2595 725 2637 ergo
749 2581 935 2633 cognitio
957 2578 1154 2630 principii
1175 2575 1353 2627 practici

339 2665 497 2714 sumpti
519 2675 542 2702 a
570 2661 655 2701 fine
676 2661 729 2699 sit
760 2659 962 2709 practica,
1001 2655 1197 2705 sequitur
1236 2652 1353 2703 quod

340 2741 524 2792 cognitio
564 2738 700 2788 ipsius
734 2735 828 2775 finis
861 2734 939 2773 erit
986 2734 1188 2781 practica,
1231 2730 1354 2768 aliter

339 2818 525 2869 cognitio
564 2814 753 2865 practica
786 2810 1022 2852 virtualiter
1057 2805 1354 2846 includeretur

336 2896 380 2933 in
410 2891 655 2943 cognitione
705 2884 975 2937 speculativi;
1017 2883 1126 2922 sicut
1159 2881 1285 2920 etiam
1319 2881 1353 2918 si

339 2967 522 3019 cognitio
545 2964 740 3015 principii
777 2958 1031 3012 speculativi
1059 2958 1113 2996 sit
1150 2955 1352 3006 specula¬

339 3051 435 3095 tiva,
465 3048 662 3098 sequitur
709 3042 827 3095 quod
864 3040 1051 3091 cognitio
1092 3037 1281 3089 subjecti
1329 3046 1352 3074 a

339 3136 422 3176 quo
445 3124 624 3163 sumitur
640 3120 825 3172 cognitio
842 3116 1035 3168 principii
1070 3115 1124 3154 sit
1152 3113 1349 3164 specula¬

340 3201 435 3246 tiva,
458 3209 543 3238 non
567 3197 681 3236 enim
703 3195 828 3234 datur
847 3191 1057 3236 medium,
1075 3188 1174 3240 quia
1197 3190 1268 3227 aut
1289 3190 1354 3226 est

337 3275 523 3326 practica
562 3276 636 3312 aut
690 3268 982 3321 speculativa;
1023 3276 1110 3305 non
1149 3263 1351 3313 practica,

338 3351 436 3402 quia
459 3354 559 3390 tunc
581 3347 763 3399 cognitio
785 3343 979 3395 principii
1001 3340 1254 3391 speculativi
1274 3340 1354 3379 vir¬

339 3428 509 3468 tualiter
529 3424 822 3464 contineretur
856 3422 899 3459 in
940 3417 1186 3468 cognitione
1234 3426 1352 3466 prac¬

337 3506 432 3551 tica,
458 3501 575 3553 quod
597 3503 662 3541 est
698 3497 869 3537 falsum.

390 3581 462 3619 Sic
493 3580 610 3628 patet
655 3574 870 3625 responsio
919 3573 976 3611 ad
1011 3569 1222 3608 rationem
1263 3568 1356 3616 ejus

2439 301 2443 334 Omni»
1406 306 1613 355 primam.
1643 302 1761 343 Nunc
1783 301 1940 341 Doctor
1977 292 2100 338 solvit
2144 296 2331 336 rationes
2355 283 2414 331 fa-

2437 344 2443 428 autestpfa-
1414 384 1503 421 ctas
1524 391 1599 430 pro
1635 380 1837 429 opinione
1874 375 2053 421 Henrici,
2083 371 2237 424 quibus
2267 369 2418 420 probat

2439 465 2444 497 vel
1413 456 1530 508 quod
1567 457 1743 497 scientia
1800 452 2046 503 Theologiae
2085 452 2138 490 sit
2175 447 2422 498 simpliciter

1405 534 1687 585 'speculativa.
1728 533 1774 571 Et
1795 531 1929 581 prima
1965 528 2070 568 ratio
2101 536 2176 566 sua
2211 526 2274 564 est
2308 525 2387 562 ista
2411 506 2419 558 :

1412 612 1532 652 Nulla
1553 610 1739 661 cognitio
1763 610 1828 649 est
1848 605 2036 657 practica
2077 613 2171 654 quae
2203 599 2423 642 ordinatur

1412 688 1467 728 ad
1505 688 1801 739 operationem
1820 686 1863 724 in
1885 693 1967 733 qua
1995 691 2082 721 non
2115 676 2323 727 contingit
2355 685 2424 714 er¬

1412 779 1482 808 ror
1515 772 1558 808 et
1594 768 1710 806 recte
1752 771 1882 813 agere
1915 771 1924 803 ;
1967 760 2099 808 palet,
2137 754 2236 804 quia
2275 751 2422 791 notitia

1413 847 1599 898 practica
1648 842 1746 882 ideo
1798 835 1991 890 ponitur,
2038 845 2093 874 ne
2146 832 2345 872 voluntas
2383 827 2425 865 in

1413 927 1634 980 operando
1657 927 1786 971 erret,
1809 926 1851 962 et
1881 919 1979 960 ideo
2011 918 2047 957 si
2083 915 2281 955 voluntas
2319 909 2429 949 circa

1415 1003 1577 1055 aliquid
1595 1013 1684 1042 non
1711 1002 1861 1052 posset
1889 1004 2049 1037 errare,
2095 992 2194 1031 licet
2226 989 2427 1038 respectu

1414 1083 1526 1123 illius
1555 1078 1799 1130 requiratur
1819 1073 2005 1125 cognitio
2033 1073 2081 1110 ut
2099 1067 2311 1109 ostensiva
2337 1062 2427 1103 talis

1417 1159 1591 1210 objecti,
1614 1154 1713 1206 quia
1743 1152 1942 1192 voluntas
1973 1157 2061 1187 non
2097 1144 2234 1184 fertur
2270 1141 2350 1182 nisi
2386 1141 2429 1180 in

1417 1232 1739 1287 praecognitum,
1761 1239 1848 1266 non
1869 1228 2014 1265 tamen
2033 1219 2266 1272 requiritur
2289 1222 2335 1257 ut
2371 1215 2430 1255 di-

1417 1309 1575 1350 rectiva
1594 1320 1603 1352 ;
1638 1305 1717 1346 sed
1738 1314 1819 1344 nec
1839 1301 2036 1341 voluntas
2056 1299 2200 1336 nostra
2220 1304 2302 1333 nec
2322 1291 2429 1332 bea¬

1421 1390 1561 1427 torum
1582 1383 1726 1433 potest
1747 1387 1888 1418 errare
1911 1378 2019 1416 circa
2049 1372 2243 1421 pllimum
2283 1367 2431 1411 finem,

1424 1475 1527 1515 ergo
1546 1460 1732 1514 cognitio
1752 1456 1889 1498 ultimi
1908 1454 2004 1494 finis
2027 1452 2103 1492 etsi
2124 1449 2366 1500 requiratur
2385 1447 2432 1485 ut

1423 1540 1654 1585 ostensiva,
1677 1546 1763 1577 non
1795 1537 1938 1574 tamen
1965 1534 2013 1570 ut
2049 1527 2267 1568 direetiva.

1476 1615 1728 1668 Respondet
1757 1614 1916 1652 Doctor
1935 1611 1978 1648 et
1997 1606 2071 1647 dat
2109 1605 2215 1645 duas
2252 1614 2429 1652 respon-

1426 1696 1584 1734 siones.
1626 1690 1777 1733 Prima,
1801 1684 1916 1733 quod
1953 1683 2151 1724 voluntas
2191 1681 2332 1718 creata
2361 1682 2434 1725 po-

1426 1771 1510 1808 test
1531 1775 1672 1806 errare
1708 1762 1819 1801 circa
1837 1759 2030 1798 ultimum
2052 1754 2181 1794 finem
2212 1752 2363 1792 saltem
2392 1750 2434 1789 in

1426 1840 1685 1893 particulari,
1719 1840 1766 1876 ut
1793 1844 1920 1884 supra
1959 1831 2109 1881 patuit,
2130 1829 2273 1878 potest
2307 1826 2432 1865 etiam

1429 1927 1571 1958 errare
1587 1917 1695 1955 circa
1717 1907 2057 1952 circumstantias
2080 1907 2215 1949 actus,
2235 1905 2281 1941 ut
2308 1911 2437 1950 supra

1427 1993 1581 2044 patuit;
1598 2001 1684 2030 non
1702 1989 1813 2028 enim
1829 1984 2025 2025 voluntas
2043 1983 2183 2020 creata
2218 1980 2282 2018 est
2303 1978 2444 2017 deter¬

1427 2069 1587 2109 minata
1608 2064 1663 2104 ad
1679 2065 1820 2102 actum
1854 2061 2022 2099 rectum
2052 2055 2255 2103 respectu
2293 2050 2442 2102 cujus-

1428 2149 1615 2190 cumque
1635 2136 1822 2188 objecti;
1845 2143 1930 2173 non
1954 2131 2066 2170 enim
2088 2131 2135 2168 ut
2156 2126 2270 2167 elicit
2299 2127 2442 2164 actum

1425 2214 1670 2257 necessario
1689 2212 1810 2251 illum
1828 2208 1943 2248 elicit
1957 2209 2005 2246 ut
2024 2205 2206 2247 rectum,
2231 2202 2311 2240 hoc
2329 2200 2440 2238 enim

1428 2292 1507 2333 soli
1535 2288 1744 2330 voluntati
1775 2285 1929 2324 divinae
1953 2280 2175 2329 competit,
2209 2279 2257 2316 ut
2278 2277 2401 2325 patet
2421 2286 2444 2313 a

1427 2364 1610 2405 Doctore
1637 2364 1680 2401 in
1709 2362 1785 2400 isto
1798 2359 1938 2408 primo
1960 2356 2050 2394 dist.
2079 2354 2113 2402 1.
2155 2353 2295 2401 quaest.
2332 2349 2366 2388 1.
2408 2350 2444 2384 et

1426 2444 1521 2483 dist.
1562 2441 1628 2481 39.
1651 2443 1688 2478 et
1715 2437 1782 2476 44.
1814 2438 1851 2473 et
1879 2435 1922 2473 in
1951 2431 2124 2471 secundo
2173 2428 2265 2466 dist.
2306 2425 2371 2464 23.
2406 2427 2444 2461 et

1425 2518 1544 2558 alibi.

1479 2592 1678 2633 Secundo
1717 2585 1969 2638 respondet,
1993 2582 2109 2633 quod
2146 2581 2285 2631 posito
2320 2573 2434 2627 quod

1426 2658 1479 2698 sit
1510 2654 1794 2696 determinata
1839 2651 2042 2699 respectu
2069 2643 2206 2685 ultimi
2246 2640 2356 2687 finis,
2395 2638 2439 2678 id

1429 2731 1493 2767 est
1515 2724 1632 2776 quod
1659 2724 1702 2763 in
1723 2720 1908 2763 volendo
1939 2719 2055 2757 illuni
2087 2712 2335 2754 necessario
2370 2719 2438 2747 re¬

1429 2799 1494 2836 cte
1515 2794 1635 2840 velit,
1659 2794 1701 2831 et
1715 2789 1830 2829 nullo
1854 2786 1982 2826 modo
2005 2783 2138 2834 possit
2176 2789 2334 2824 errare,
2362 2775 2440 2816 ad¬

1426 2865 1510 2904 huc
1527 2861 1714 2914 cognitio
1735 2857 1874 2898 ultimi
1890 2855 1986 2895 finis
2008 2854 2087 2894 erit
2108 2861 2208 2892 vere
2236 2847 2439 2900 practica,

1428 2941 1470 2977 et
1489 2936 1571 2975 hoc
1601 2932 1786 2983 probant
1806 2929 1903 2969 duae
1934 2926 2093 2967 ultimae
2115 2924 2318 2967 rationes,
2340 2927 2438 2971 quae

1427 3009 1594 3057 patent.

1480 3074 1681 3115 Secundo
1738 3070 1878 3121 arguit
1928 3065 2133 3106 Henricus
2189 3061 2444 3103 auctoritate

1425 3145 1652 3197 Augustini
1686 3144 1730 3182 in
1751 3149 1954 3181 sermone
1977 3137 2031 3176 de
2067 3134 2199 3175 Jacob
2231 3135 2274 3172 et
2301 3132 2413 3171 Esau
2432 3143 2441 3170 :

1430 3217 1594 3263 Omnia,
1615 3214 1770 3264 inquit,
1792 3220 1923 3261 opera
1942 3211 2086 3247 nostra
2110 3207 2204 3245 sunt
2233 3206 2277 3242 ut
2321 3212 2443 3241 mun¬

1428 3289 1551 3327 detur
1582 3284 1729 3325 oculus
1756 3283 1947 3328 interior,
1981 3289 2063 3328 quo
2088 3277 2278 3316 videatur
2306 3276 2441 3317 Deus;

1429 3366 1532 3407 ergo
1566 3353 1735 3394 videtur
1757 3362 1809 3390 ex
1829 3351 1906 3389 ista
1935 3348 2206 3390 auctoritate,
2234 3341 2350 3393 quod
2386 3340 2444 3379 vi¬

1427 3428 1489 3465 sio
1523 3425 1597 3464 Dei
1620 3425 1672 3463 sit
1693 3423 1890 3461 ultimum
1912 3418 1966 3457 ad
1988 3415 2106 3467 quod
2139 3424 2271 3464 opera
2301 3414 2445 3450 nostra

1434 3495 1701 3539 ordinantur,
1729 3495 1771 3532 et
1792 3493 1850 3532 sic
1883 3489 1974 3529 talis
1994 3488 2099 3528 visio
2137 3495 2225 3524 non
2247 3483 2325 3522 erit
2346 3491 2447 3531 pra¬

1431 3566 1552 3613 ctica,
1575 3563 1654 3604 sed
1675 3572 1794 3602 mere
1823 3558 2101 3610 speculativa.
