2653 3979
213 368 463 419 Respondet
485 371 640 411 Doclor
669 368 810 408 dando
852 367 958 408 duas
991 377 1174 418 respon¬

165 446 321 485 siones.
347 446 480 486 Prima
512 445 564 484 ad
602 446 832 489 hominem,
874 445 971 495 quia
1002 454 1055 483 ex
1093 445 1172 483 ista

166 521 432 570 auctoritate,
467 521 635 561 videtur
673 519 871 561 concludi
902 523 1048 560 contra
1099 529 1172 558 eos

167 596 283 647 quod
313 596 414 636 visio
437 598 514 636 Dei
529 598 582 636 sit
601 598 774 636 ultimus
793 595 886 635 finis
905 594 1168 645 Theologiae,

164 671 282 722 quod
317 675 459 712 tamen
492 673 572 722 ipsi
610 682 694 711 non
732 671 1036 717 concederent,
1073 671 1170 720 quia

162 749 310 788 volunt
343 748 459 798 quod
505 746 677 787 ultimus
714 747 809 786 finis
837 747 1083 796 Theologiae
1117 745 1171 784 sit

161 823 332 863 dilectio
371 825 449 864 Dei
471 824 580 863 clare
601 824 692 864 visi.
712 822 910 863 Secundo
931 820 1169 871 respondet

159 897 417 948 exponendo
439 900 751 942 auctoritatem,
770 897 884 948 quod
905 898 1167 948 Augustinus

156 974 346 1023 loquitur
366 972 420 1012 de
441 973 775 1022 operationibus,
810 983 906 1022 quae
928 975 1027 1011 sunt
1055 971 1166 1022 jeju¬

155 1051 240 1096 nia,
279 1050 450 1101 vigiliae,
493 1053 575 1089 etc.
612 1050 710 1100 quia
753 1052 872 1089 actus
903 1050 1164 1100 quicumque

156 1125 341 1164 exterior
361 1128 484 1165 natus
507 1129 570 1164 est
608 1123 865 1164 conformari
905 1125 1031 1164 alicui
1060 1124 1163 1164 infe¬

155 1201 252 1240 riori
273 1212 296 1240 a
318 1212 402 1251 quo
442 1202 575 1240 habet
620 1211 742 1240 suam
780 1201 1030 1240 bonitatem.
1085 1202 1164 1240 Iste

153 1279 265 1316 enim
295 1280 415 1317 actus
452 1278 654 1325 exterior,
686 1277 850 1317 scilicet
868 1277 1059 1328 vigilare,
1076 1287 1163 1317 non

153 1356 218 1393 est
236 1353 374 1392 bonus
396 1353 611 1393 moraliter
649 1352 730 1392 nisi
752 1352 805 1390 sit
835 1352 1068 1401 imperatus
1107 1352 1159 1391 ab

150 1432 246 1468 actu
266 1428 403 1468 elicito
419 1426 647 1467 voluntatis
668 1427 802 1477 primo
843 1427 957 1468 bono
986 1427 1156 1466 morali¬

148 1506 224 1542 ter.
248 1503 366 1541 Prius
389 1504 503 1543 enim
525 1503 723 1543 voluntas
744 1503 857 1542 elicit
892 1503 981 1541 sive
1013 1501 1156 1542 deter¬

146 1580 279 1618 minat
304 1579 521 1630 jejunare,
549 1582 590 1618 et
608 1579 675 1619 hic
696 1582 816 1618 actus
838 1582 902 1618 est
923 1580 1054 1628 primo
1077 1579 1158 1619 bo¬

147 1665 228 1694 nus
265 1656 500 1702 moraliter,
539 1657 589 1693 ut
626 1666 754 1704 supra
792 1655 941 1704 patuit,
983 1658 1024 1693 et
1059 1658 1157 1703 post

146 1730 329 1780 imperat
356 1736 497 1771 actum
517 1732 774 1770 exteriorem
806 1733 878 1780 qui
907 1733 1070 1769 tantum
1091 1733 1157 1769 est

145 1806 284 1846 bonus
305 1808 596 1853 materialiter,
637 1812 678 1846 et
709 1807 849 1845 bonus
889 1818 963 1857 pro
992 1810 1152 1856 quanto

147 1887 211 1922 est
241 1882 470 1923 conformis
517 1885 629 1923 actui
686 1882 842 1930 elicito,
890 1885 937 1921 ut
974 1885 1091 1931 patet
1130 1894 1152 1922 a

142 1958 325 2008 Doctore
342 1961 543 2008 praesenti
558 1970 598 2008 q.
621 1962 658 1998 et
677 1959 797 2008 infra
825 1960 921 1998 dist.
947 1960 1007 1998 17.
1036 1961 1074 1997 et
1108 1961 1154 1998 in

139 2041 317 2080 secundo
359 2039 451 2078 dist.
490 2039 528 2077 7.
569 2038 633 2078 40.
669 2038 732 2076 42.
785 2041 821 2076 et
859 2040 902 2078 in
956 2039 1148 2083 Quodlib.

288 2116 516 2154 17.Ltultra
532 2117 651 2152 actus
667 2113 828 2152 elicitus
842 2113 997 2163 vigiliae
1008 2113 1074 2152 vel
1084 2113 1154 2164 je¬

132 2190 240 2240 junii
259 2190 480 2229 ordinatur
499 2190 552 2229 ad
583 2190 712 2228 alium
731 2191 874 2228 actum
887 2190 1151 2236 interiorem,

138 2270 242 2318 puta
271 2265 325 2305 ad
346 2265 651 2315 perfectiorem
672 2264 748 2303 Dei
774 2265 1149 2316 cognitionem,si¬

141 2347 211 2382 cut
232 2342 372 2381 Sancti
410 2341 586 2388 faciunt,
624 2343 666 2380 et
688 2338 860 2378 tandem
893 2340 964 2379 illa
1001 2341 1147 2390 cogni¬

141 2419 195 2458 tio
236 2416 455 2457 ordinatur
496 2415 549 2454 ad
572 2425 760 2453 amorem
776 2415 865 2453 Dei.
877 2415 1014 2454 Sancti
1037 2417 1151 2455 enim

138 2492 236 2532 ideo
271 2495 470 2542 quaerunt
499 2490 635 2540 magis
665 2502 714 2530 ac
727 2489 863 2541 magis
884 2501 1148 2542 cognoscere

138 2569 274 2608 Deum
306 2573 352 2608 ut
381 2570 520 2618 ipsum
556 2567 694 2618 magis
715 2569 873 2608 ament,
907 2569 949 2605 et
980 2569 1040 2606 sic
1060 2570 1148 2605 tan¬

139 2645 240 2685 dem
269 2648 389 2685 actus
421 2645 648 2683 interiores
676 2642 830 2694 quibus
852 2642 1049 2682 voluntas
1068 2642 1149 2681 im¬

137 2724 261 2771 perat
298 2723 419 2761 actus
441 2721 675 2760 exteriores
705 2718 958 2758 ordinantur
973 2721 1021 2758 ut
1051 2730 1144 2769 per¬

136 2797 332 2839 veniatur
378 2798 432 2836 ad
486 2797 696 2836 visionem
744 2795 837 2842 Dei,
873 2798 915 2834 et
945 2795 1015 2834 illa
1049 2795 1148 2835 visio

140 2874 290 2913 ultimo
324 2871 548 2912 ordinatur
568 2870 622 2911 ad
663 2880 853 2910 amorem
890 2870 1025 2919 ipsius
1060 2869 1152 2915 Dei,

139 2953 182 2988 et
200 2949 261 2988 sic
281 2950 510 2988 auctoritas
546 2951 613 2986 est
632 2945 770 2998 magis
799 2945 853 2985 ad
883 2947 1151 2995 propositum

140 3034 266 3074 quam
289 3023 343 3062 ad
372 3023 630 3074 oppositum.

190 3099 329 3137 Tertio
368 3096 509 3148 arguit
554 3096 774 3142 Ilenricus,
813 3095 912 3144 quia
950 3095 1024 3133 ubi
1062 3105 1148 3135 non

139 3177 281 3224 potest
302 3182 397 3212 esse
420 3183 551 3218 error,
573 3171 631 3211 ibi
651 3181 737 3210 non
758 3172 992 3220 requiritur
1012 3170 1148 3210 scien¬

139 3252 195 3290 tia
223 3254 269 3289 ut
290 3249 491 3289 directiva
510 3261 519 3296 ;
555 3246 632 3287 sed
671 3246 813 3286 Sancti
843 3251 882 3286 et
917 3248 1031 3287 beati
1062 3258 1148 3286 non

139 3329 317 3376 possunt
339 3336 479 3365 errare
501 3325 608 3362 circa
630 3324 828 3363 ultimum
846 3322 992 3370 finem,
1043 3333 1148 3374 ergo

134 3401 366 3453 Theologia
380 3403 606 3441 beatorum
621 3411 706 3439 non
722 3400 799 3438 erit
816 3400 1021 3449 praclica;
1043 3409 1147 3450 ergo

135 3488 216 3518 nec
256 3483 416 3523 nostra,
459 3478 553 3526 quia
588 3486 669 3514 nec
690 3486 769 3514 nos
790 3485 1017 3524 possumus
1036 3485 1149 3513 erra¬

135 3565 181 3594 re
204 3554 314 3593 circa
346 3553 538 3591 ultimum
559 3549 702 3590 finem.

187 3628 434 3679 Respondet
487 3629 654 3675 Doctor,
704 3625 823 3676 quod
867 3628 975 3666 sicut
1011 3636 1148 3678 agens

1247 380 1325 418 per
1343 381 1386 410 se
1413 369 1596 411 intendit
1632 371 1810 414 formam
1841 374 2061 425 inducere,
2094 381 2137 417 et
2176 389 2254 428 per

1247 447 1448 488 accidens
1485 449 1671 490 intendit
1711 452 1998 493 remotionem
2038 456 2252 502 contrarii,

1246 525 1364 571 palet
1386 524 1439 563 de
1477 524 1577 576 igne
1609 527 1781 576 quando
1806 530 2040 579 corrumpit
2072 531 2254 582 lignum,

1245 606 1330 635 non
1376 599 1489 638 enim
1530 601 1712 642 intendit
1730 613 1808 652 per
1827 614 1874 644 se
1897 615 2174 656 corrumpere
2203 608 2253 646 li¬

1242 683 1391 723 gnum,
1415 675 1493 714 sed
1513 687 1590 725 per
1603 678 1840 719 seintendit
1854 680 2060 721 inducere
2075 681 2254 721 formam

1241 749 1352 799 ignis
1373 751 1414 789 in
1444 755 1622 794 materia
1638 755 1767 806 ligni;
1802 759 1845 795 et
1866 759 1963 806 quia
1985 756 2118 797 forma
2140 758 2251 809 ignis

1239 824 1486 866 inducenda
1566 834 1630 869 est
1685 830 2042 881 incompossibilis
2107 833 2250 873 formae

1241 899 1357 950 ligni,
1397 902 1496 942 ideo
1532 914 1608 953 per
1643 905 1845 946 accidens
1881 909 2067 948 intendit
2104 920 2248 948 corru¬

1239 976 1431 1025 ptionem
1450 977 1594 1020 formae
1613 981 1732 1032 ligni.
1756 982 1797 1021 Si
1828 984 1940 1024 enim
1988 984 2068 1025 illae
2098 984 2248 1026 formae

1240 1057 1389 1092 essent
1426 1056 1751 1104 compossibiles
1784 1059 1827 1098 in
1870 1059 2023 1098 eadem
2052 1062 2248 1110 materia,

1237 1137 1461 1178 nunquam
1481 1141 1562 1169 nec
1584 1143 1664 1182 per
1682 1143 1729 1172 se
1751 1144 1833 1174 nec
1854 1146 1932 1184 per
1952 1135 2155 1176 accidens
2183 1139 2252 1177 in¬

1239 1203 1435 1245 tenderet
1468 1209 1783 1257 corruptionem
1811 1209 1955 1250 formae
1976 1211 2095 1263 ligni.
2127 1213 2193 1251 Sic
2209 1213 2250 1252 in

1235 1282 1467 1330 proposito,
1490 1282 1661 1323 habitus
1699 1285 1943 1337 Theologiae
1982 1297 2065 1336 per
2085 1298 2131 1327 se
2154 1288 2253 1328 diri¬

1233 1356 1308 1405 git,
1332 1356 1377 1395 id
1408 1360 1473 1396 est
1491 1368 1570 1407 per
1599 1370 1645 1398 se
1667 1359 1851 1400 intendit
1882 1361 2068 1414 dirigere
2098 1365 2252 1403 volun¬

1235 1432 1366 1470 tatem
1393 1434 1436 1472 in
1483 1435 1805 1483 operationibus
1835 1437 1922 1476 suis
1962 1449 2016 1477 ne
2050 1442 2092 1480 in
2143 1451 2248 1489 ope¬

1230 1506 1364 1546 rando
1400 1512 1526 1555 erret,
1572 1511 1651 1550 sed
1691 1523 1766 1560 per
1802 1513 2006 1553 accidens
2059 1515 2251 1554 excludit

1228 1593 1418 1622 errorem
1451 1587 1654 1635 tanquam
1693 1588 1856 1638 aliquid
1888 1589 2249 1642 incompossibile

1229 1657 1321 1697 sibi.
1346 1659 1387 1698 Si
1410 1670 1511 1710 ergo
1534 1660 1703 1701 habitus
1724 1664 1778 1702 sit
1805 1664 2038 1714 perfectus,
2074 1677 2246 1707 omnem

1230 1745 1420 1775 errorem
1449 1737 1651 1785 excludit,
1681 1738 1768 1777 imo
1807 1741 1840 1779 si
1868 1752 1955 1780 non
1994 1743 2245 1783 excluderet

1228 1814 1344 1849 esset
1376 1810 1667 1861 imperfectus.
1699 1815 1816 1854 Beati
1853 1816 1982 1867 igitur
2013 1818 2115 1858 licet
2151 1831 2236 1872 non

1226 1887 1392 1936 possint
1426 1899 1584 1936 errare,
1625 1901 1713 1928 non
1752 1894 1948 1942 sequitur
1987 1895 2103 1943 quod
2152 1905 2236 1935 non

1224 1962 1415 2002 habeant
1438 1964 1629 2004 habitum
1657 1977 1736 2015 per
1760 1977 1808 2006 se
1839 1967 2105 2017 direclivum,
2142 1974 2241 2021 quia

1227 2049 1294 2085 eo,
1317 2049 1396 2088 per
1423 2041 1703 2089 impossibile,
1729 2043 2063 2095 circumscripto,
2097 2057 2240 2086 errare

1226 2118 1429 2164 possent;
1449 2115 1482 2154 si
1523 2116 1637 2154 enim
1668 2128 1752 2156 non
1789 2119 1951 2159 habent
1997 2120 2243 2161 distinctam

1225 2189 1417 2229 notitiam
1437 2189 1575 2230 ultimi
1594 2190 1704 2237 finis,
1733 2198 1912 2241 possent
1958 2196 2087 2235 etiam
2133 2198 2244 2237 circa

1222 2265 1339 2303 illum
1371 2266 1413 2304 in
1432 2267 1678 2315 particulari
1699 2279 1854 2317 errare,
1878 2270 1956 2310 sed
1984 2274 2122 2321 posito
2172 2276 2243 2314 tali

1224 2340 1369 2380 habitu
1390 2340 1580 2390 perfecto
1611 2345 1678 2382 vel
1726 2344 1916 2393 perfecta
1946 2348 2108 2388 visione
2129 2350 2240 2389 illius

1222 2416 1334 2466 finis,
1356 2428 1442 2457 non
1471 2424 1654 2468 possunt
1673 2431 1831 2461 errare.

1275 2495 1432 2542 Quarto
1476 2498 1517 2534 et
1553 2497 1702 2537 ultimo
1737 2500 1929 2550 arguitur
1960 2501 2012 2539 ab
2051 2503 2229 2544 Ilenrico

1225 2570 1416 2614 Quodlib.
1434 2569 1470 2619 5.
1495 2575 1634 2619 qusest.
1658 2571 1696 2610 4.
1715 2575 1751 2611 et
1769 2574 1958 2619 Quodlib.
1977 2575 2014 2625 8.
2039 2582 2176 2625 quaesi.
2195 2582 2228 2618 1.

1223 2643 1321 2693 quia
1341 2644 1456 2682 Deus
1481 2655 1568 2683 non
1589 2646 1719 2687 habet
1737 2648 1961 2688 scientiam
1980 2653 2231 2700 praclicam,

1216 2720 1401 2759 maxime
1423 2724 1566 2760 autem
1581 2723 1712 2762 habet
1727 2723 1867 2773 istam,
1891 2727 2055 2768 scilicet
2100 2730 2234 2769 Theo¬

1221 2795 1423 2845 logicam,
1443 2796 1512 2834 vel
1533 2797 1663 2844 solus,
1684 2801 1839 2848 supple
1876 2801 2021 2849 habet,
2044 2805 2140 2854 quia
2169 2817 2238 2844 so¬

1224 2872 1289 2910 lus
1318 2871 1448 2912 habet
1475 2883 1569 2912 eam
1601 2874 1913 2924 perfectissime
1950 2890 2046 2919 cum
2075 2881 2234 2922 habeat

1225 2957 1320 2986 eam
1362 2959 1412 2987 ex
1449 2951 1606 2999 seipso.
1644 2950 1684 2989 Si
1725 2962 1827 3003 ergo
1867 2954 1909 2992 in
1936 2955 2025 2994 Deo
2059 2967 2146 2996 non
2170 2961 2237 2997 est

1222 3025 1419 3073 praclica,
1441 3034 1544 3075 ergo
1573 3036 1655 3064 nec
1676 3026 1717 3066 in
1740 3027 1881 3078 aliquo
1903 3029 2000 3070 alio.

1273 3099 1525 3149 Respondet
1565 3102 1724 3140 Doclor
1777 3106 2035 3146 remittendo
2084 3119 2132 3147 se
2181 3110 2236 3149 ad

1224 3173 1407 3214 dicenda
1451 3175 1493 3214 in
1532 3177 1738 3227 praesenti
1770 3180 2009 3228 quaestione
2050 3185 2122 3223 ubi
2160 3185 2243 3229 fiet

1224 3251 1421 3301 specialis
1440 3253 1616 3299 mentio,
1649 3263 1704 3291 an
1750 3253 1980 3305 'Iheologia
2031 3259 2073 3298 in
2110 3260 2240 3301 intel¬

1222 3325 1339 3364 lectu
1365 3325 1506 3367 divino
1537 3327 1589 3365 sit
1620 3329 1822 3377 praclica.
1853 3332 1902 3369 Et
1932 3333 2070 3380 posito
2120 3336 2236 3385 quod

1222 3401 1280 3441 ibi
1312 3411 1398 3442 non
1418 3404 1471 3442 sit
1517 3405 1718 3452 praclica,
1761 3406 1856 3454 quia
1899 3405 2009 3447 forte
2038 3411 2234 3452 voluntas

1224 3476 1362 3516 divina
1394 3478 1509 3516 nullo
1559 3478 1684 3518 modo
1731 3483 1796 3519 est
1834 3482 2096 3532 regulabitis,
2130 3497 2228 3536 pro¬

1222 3556 1318 3601 pter
1350 3553 1415 3592 sui
1443 3554 1671 3593 maximam
1699 3553 2022 3605 perfectionem,
2046 3571 2132 3600 non
2172 3566 2229 3602 ta¬

1220 3637 1324 3667 men
1359 3629 1554 3679 sequitur
1583 3630 1699 3681 quod
1727 3631 1771 3669 in
1802 3633 2026 3674 intellectu
2063 3642 2224 3686 creato,
