2653 3979
244 384 476 434 generatur
495 389 548 418 ex
577 377 779 428 praxibus
797 387 806 421 ;
851 372 929 412 sed
957 370 1127 410 habitus
1152 376 1247 416 pra-

243 461 376 497 cticus
407 458 641 507 generatur
677 462 731 492 ex
767 449 932 489 actibus
968 445 1252 495 sequentibus

244 533 516 578 electionem,
537 531 666 580 igitur
684 527 741 567 illi
763 528 881 564 actus
901 525 999 562 sunt
1029 527 1195 570 praxes.

241 308 428 344 Ilerveus
449 303 587 354 arguit
600 303 660 342 sic
681 313 689 339 :
714 300 810 351 quia
830 297 1000 338 habitus
1038 292 1249 343 praclicus

296 608 353 660 (e)
381 605 630 656 Respondet
650 604 807 649 Doctor
833 599 946 649 quod
962 596 1131 635 habitus
1144 603 1248 642 pra-

244 687 370 726 cticus
408 685 639 733 generatur
666 689 722 718 ex
755 674 1017 717 electionibus
1033 702 1042 717 ,
1083 674 1162 709 etc.
1214 672 1253 707 et

246 762 366 812 patet
383 760 537 800 littera.
570 758 617 796 Et
646 752 763 805 quod
794 750 895 790 dicit
916 748 969 788 de
990 745 1138 786 habitu
1154 755 1251 794 pra-

246 838 371 884 ctico,
394 835 527 875 debet
544 831 724 880 intelligi
755 827 807 867 de
829 825 974 866 habitu
993 822 1143 862 morali
1165 820 1250 859 exi-

247 917 387 954 stente
416 913 459 952 in
496 908 733 953 voluntate,
783 902 851 954 qui
890 911 943 940 ex
982 899 1063 938 hoc
1102 896 1254 936 dicitur

246 989 473 1041 practicus,
523 984 622 1035 quia
670 981 905 1032 generatur
934 987 987 1016 ex
1022 973 1252 1026 praxibus;

247 1064 478 1116 improprie
502 1065 646 1101 tamen
661 1057 812 1097 dicitur
832 1053 1001 1095 habitus
1029 1050 1253 1101 practicus,

248 1142 347 1193 quia
375 1138 546 1189 proprie
576 1135 742 1175 habitus
764 1132 977 1182 practicus
998 1131 1062 1167 est
1081 1126 1151 1166 ille
1187 1125 1258 1173 qui

246 1220 479 1271 generatur
516 1223 569 1253 ex
605 1210 771 1250 actibus
811 1206 1034 1258 practicis,
1072 1205 1114 1242 et
1153 1201 1259 1241 tales

246 1297 345 1333 sunt
365 1290 536 1341 proprie
555 1290 675 1327 actus
698 1283 944 1324 intellectus
961 1292 970 1327 ;
995 1279 1063 1320 vel
1092 1275 1259 1316 habitus

246 1367 417 1410 moralis
439 1366 581 1415 potest
605 1361 687 1401 dici
712 1359 883 1399 habitus
921 1355 1151 1407 practicus,
1183 1362 1259 1401 pro

252 1446 411 1496 quanto
443 1445 508 1480 est
537 1437 766 1479 conformis
804 1432 966 1474 habitui
1004 1427 1261 1479 prudentiae,

254 1521 326 1571 qui
346 1517 516 1569 proprie
547 1514 701 1554 dicitur
720 1510 888 1551 habitus
920 1505 1146 1557 practicus.
1179 1502 1264 1542 Sed

256 1592 466 1646 quidquid
487 1592 555 1637 sit,
578 1598 729 1639 parum
753 1583 990 1625 curandum
1014 1582 1079 1620 est
1110 1578 1164 1618 de
1185 1588 1262 1616 no

260 1670 390 1715 mine,
413 1665 585 1718 quando
606 1676 676 1703 res
698 1664 874 1702 constat.

316 1745 376 1784 Ai
408 1743 581 1781 tertium
585 1740 595 1787 ,
631 1740 682 1778 de
707 1736 1053 1776 Commentatore.
1089 1729 1162 1768 Hic
1186 1728 1267 1766 Do

259 1823 351 1860 ctor
377 1816 613 1867 respondet
650 1813 705 1853 ad
732 1813 1035 1863 argumentum
1073 1804 1268 1846 Gulielmi

256 1895 470 1942 Varronis,
494 1894 566 1944 qui
595 1893 655 1932 sic
678 1891 890 1941 arguebat
917 1887 973 1926 ibi
998 1889 1006 1925 :
1048 1886 1158 1925 Dicit
1192 1894 1266 1922 au

255 1977 337 2012 tem
358 1973 670 2013 Commentator
712 1967 848 2017 primo
870 1965 1004 2005 Ethic.
1029 1961 1147 2014 quod
1167 1972 1262 2011 pra-

256 2048 320 2088 xis
340 2050 405 2086 est
423 2045 616 2096 operatio
628 2041 871 2083 secundum
888 2041 1160 2086 electionem,
1182 2036 1266 2075 ele

257 2124 339 2164 ctio
362 2124 489 2162 etiam
512 2123 576 2161 est
598 2122 759 2159 tantum
780 2118 891 2156 circa
920 2115 1191 2165 contingens,
1213 2122 1267 2151 ex

259 2200 382 2239 tertio
404 2198 531 2238 Ethic.
555 2197 652 2247 quia
688 2198 753 2234 est
791 2193 1006 2243 appetitus
1036 2189 1262 2230 consiliati-

254 2285 346 2322 vus,
367 2274 411 2313 id
442 2278 506 2313 est
522 2272 637 2323 quod
657 2270 809 2311 electio
841 2273 905 2309 est
936 2267 1150 2320 appetitus
1169 2274 1268 2304 con

257 2351 346 2391 silia
353 2350 460 2390 tivus
482 2362 491 2396 ;
525 2359 578 2389 ex
598 2348 679 2387 hoc
701 2347 869 2397 supple,
891 2344 1008 2397 quod
1034 2343 1089 2384 ad
1119 2343 1201 2382 hoc
1221 2342 1268 2382 ut

255 2427 308 2468 sit
327 2430 444 2467 recta
465 2426 574 2466 circa
593 2423 735 2465 media
768 2424 821 2463 ad
856 2423 1002 2472 finem,
1044 2431 1131 2472 prae
1138 2419 1269 2471 exigit

258 2506 299 2543 in
318 2504 540 2543 intellectu
561 2502 784 2542 consilium
801 2500 854 2540 de
876 2500 1087 2539 electione
1108 2497 1262 2542 medii;

260 2580 406 2628 modo,
439 2579 658 2620 consilium
688 2588 775 2617 non
809 2580 873 2616 est
903 2575 980 2615 nisi
1011 2575 1065 2613 de
1100 2575 1268 2614 contin

260 2660 406 2707 gente.

329 2730 579 2782 Respondet
625 2732 783 2770 Doctor
817 2730 873 2770 ibi
922 2733 930 2768 :
989 2730 1050 2768 Ad
1099 2729 1270 2769 tertium

259 2810 309 2848 de
337 2811 680 2848 Commentatore.
739 2805 918 2855 Oportet
955 2804 1072 2855 quod
1126 2805 1169 2855 ly
1206 2815 1271 2843 se-

259 2886 441 2924 cundum
460 2893 546 2922 non
567 2884 619 2921 sit
648 2883 705 2922 ibi
742 2885 842 2922 nota
873 2892 1009 2920 causae
1031 2879 1267 2929 efficientis,

260 2963 295 3002 si
318 2961 540 3010 descriptio
574 2960 705 2999 debet
727 2969 824 2998 esse
857 2958 1144 2997 convertibilis
1174 2969 1271 2997 cum

263 3037 495 3086 descripto,
535 3035 698 3075 scilicet
763 3033 990 3083 descriptio
1047 3034 1270 3074 electionis

262 3123 360 3164 quae
383 3113 476 3152 talis
498 3114 562 3150 est
590 3113 597 3150 :
620 3111 777 3149 Electio
797 3113 911 3149 recta
939 3111 1212 3158 conformiler
1230 3122 1271 3150 se

260 3190 383 3229 habet
410 3188 572 3227 rationi
590 3191 736 3233 rectae;
755 3185 871 3237 quod
893 3196 996 3236 ergo
1028 3187 1164 3235 primo
1201 3186 1270 3225 eli

264 3267 370 3306 citur
391 3276 415 3304 a
435 3265 654 3305 voluntate
673 3261 950 3303 conformiler
963 3262 1116 3302 rationi
1129 3266 1268 3310 rectae,

263 3346 330 3381 est
371 3342 526 3381 electio
554 3346 698 3387 recta,
739 3344 780 3379 et
811 3350 834 3378 e
863 3341 1009 3379 contra
1028 3369 1037 3386 ,
1075 3339 1237 3378 scilicet
1261 3352 1268 3377 :

263 3418 422 3458 Electio
452 3419 570 3456 recta
607 3414 880 3455 conformiter
918 3415 1083 3454 elicitur
1118 3414 1273 3454 rationi

269 3497 416 3533 rectae.
461 3493 676 3542 Sequilur,
715 3491 795 3531 sed
824 3491 956 3531 debet
1003 3490 1182 3543 intelligi
1228 3492 1273 3543 ly

250 3571 496 3610 'secundum
522 3567 717 3609 effective
732 3568 800 3608 vel
824 3566 1073 3608 formaliter.
1101 3567 1270 3608 Effecti

1322 296 1391 332 ve,
1424 278 1595 332 quando
1627 275 1838 316 electione
1868 267 2100 319 imperatur
2140 261 2260 301 actus
2292 255 2334 295 in

1322 361 1445 411 parte
1488 354 1706 398 sensitiva,
1745 349 1816 387 ille
1848 348 1968 386 actus
2008 341 2162 381 dicitur
2200 332 2336 384 praxis

1322 431 1562 475 secundum
1586 428 1859 468 electionem,
1886 422 1983 471 quia
2013 417 2094 456 hoc
2127 412 2257 452 habet
2285 409 2337 447 ab

1325 510 1536 551 electione
1559 506 1696 549 recta,
1729 499 1982 551 inquantum
2015 493 2067 532 ab
2091 492 2180 541 ipsa
2201 489 2338 537 impe

1324 589 1456 625 ratur.
1479 579 1727 623 Formaliter
1759 584 1859 616 vero
1900 569 2041 622 praxis
2076 566 2230 607 dicitur
2266 571 2338 601 se

1330 659 1514 701 cundum
1541 655 1812 697 electionem,
1844 647 1887 688 id
1909 648 1973 686 est
1994 641 2110 694 quod
2150 641 2215 679 est
2244 639 2337 686 ipsa

1328 737 1480 776 electio
1504 734 1656 783 primo,
1685 725 1926 768 secundum
1956 717 2073 772 quod
2103 713 2335 756 conforma

1328 815 1394 851 tur
1414 808 1588 850 consilio
1609 804 1861 845 intellectus.
1898 796 2098 848 Sequitur
2120 805 2128 831 :

1388 886 1452 929 Vel
1483 883 1689 932 accipitur
1708 878 1850 920 electio
1866 885 1948 926 pro
1981 872 2186 911 elicitione
2217 870 2334 906 actus

2351 953 2373 996 productio,
1325 963 1496 1003 volendi
1497 993 1508 1010 ,
1531 960 1603 1012 qui
1624 968 1710 998 non
1732 954 1882 995 electio
1904 951 1973 992 vel
1991 950 2134 990 volitio
2175 948 2330 996 aliqua,

1327 1037 1406 1078 sed
1428 1036 1534 1076 actio
1559 1033 1612 1073 de
1633 1041 1796 1085 genere
1830 1025 2022 1067 actionis.
2057 1023 2161 1062 Nam
2184 1018 2335 1060 elicitio

1329 1112 1445 1152 idem
1467 1114 1529 1150 est
1552 1107 1668 1160 quod
1697 1102 1920 1157 productio
1943 1102 2078 1144 actus,
2102 1096 2211 1136 sicut
2237 1093 2338 1133 dici

1331 1198 1443 1230 mus,
1474 1186 1671 1226 voluntas
1711 1180 1825 1222 elicit
1862 1181 2004 1218 actum
2036 1171 2262 1216 volitionis,
2301 1169 2344 1208 id

1335 1269 1399 1304 est
1431 1261 1642 1313 producit.
1679 1256 1883 1308 Sequitur
1906 1256 1913 1293 :
1946 1252 2190 1292 Secundum
2222 1249 2348 1286 istam

1335 1340 1586 1380 elicitionem
1601 1335 1727 1386 quasi
1737 1332 1965 1373 secundum
1975 1326 2232 1377 principium
2248 1322 2348 1362 acti

1334 1427 1432 1456 vum
1464 1419 1521 1454 est
1549 1415 1684 1452 omnis
1699 1411 1859 1461 praxis
1864 1440 1872 1457 ,
1902 1408 1946 1447 id
1977 1410 2042 1445 est
2064 1402 2181 1454 quod
2207 1400 2348 1451 praxis

1339 1497 1404 1533 est
1422 1490 1560 1541 primo
1584 1500 1608 1528 a
1635 1488 1858 1529 voluntate
1880 1487 2080 1533 tanquam
2103 1490 2124 1518 a
2139 1475 2348 1527 principio

1337 1567 1506 1608 formali
1540 1562 1852 1606 fundamentali
1881 1557 2133 1610 productivo
2151 1567 2161 1602 ;
2203 1556 2245 1592 et
2285 1554 2350 1591 est

1341 1645 1392 1684 ab
1408 1645 1498 1693 ipsa
1514 1642 1726 1681 elicitione
1742 1641 1830 1679 sive
1845 1636 2130 1688 productione
2147 1634 2351 1679 tanquam

1340 1725 1364 1753 a
1393 1712 1602 1764 principio
1624 1709 1806 1755 formali,
1828 1718 1912 1757 quo
1932 1704 2175 1756 producens
2198 1700 2351 1740 dicitur

1339 1788 1624 1840 productione
1653 1784 1915 1835 producens,
1949 1781 2037 1821 sive
2069 1787 2151 1828 quo
2176 1777 2350 1816 eliciens

1340 1866 1491 1906 dicitur
1524 1863 1735 1903 elicitione
1757 1859 1945 1899 eliciens.
1979 1856 2176 1907 Sequitur
2199 1856 2208 1899 :
2243 1855 2349 1899 Quia

1340 1944 1448 1983 actio
1462 1943 1512 1982 de
1529 1950 1679 1990 genere
1708 1937 1882 1976 actionis
1910 1933 2126 1974 reducitur
2147 1933 2205 1970 ad
2224 1931 2345 1979 prin

1339 2021 1499 2068 cipium
1526 2016 1827 2067 productivum
1834 2042 1843 2059 ,
1877 2020 1962 2050 non
2002 2008 2118 2060 quod
2155 2017 2256 2046 vere
2296 2006 2349 2043 sit

1339 2093 1591 2145 principium
1622 2088 1938 2142 productivum,
1962 2085 2040 2125 sed
2075 2084 2171 2134 quia
2203 2081 2346 2122 termi

1338 2174 1463 2210 natur
1483 2169 1537 2209 ad
1576 2167 1841 2217 productum,
1862 2163 1932 2203 vel
1971 2165 2033 2201 est
2067 2160 2131 2199 via
2171 2158 2224 2198 ad
2255 2168 2349 2207 pro

1342 2246 1532 2292 ductum,
1556 2243 1709 2284 dicitur
1737 2239 1884 2280 reduci
1905 2237 1959 2277 ad
1980 2235 2232 2286 principium
2256 2244 2350 2283 pro

1342 2324 1568 2364 ductivum.

1714 2433 1977 2470 SCHOLIUM.

1386 2541 1645 2587 Recapitulat
1662 2543 1747 2575 tres
1770 2537 1990 2574 sententias
2010 2535 2154 2570 allatas
2185 2535 2224 2569 et
2253 2541 2350 2568 con

1340 2607 1565 2643 clusionem
1592 2605 1634 2639 in
1655 2612 1734 2649 qua
1754 2602 2015 2642 conveniunt,
2036 2598 2195 2634 scilicet
2225 2598 2350 2632 Theo

1342 2671 1491 2716 logiam
1513 2677 1599 2705 esse
1621 2665 1932 2714 speculativam.
1966 2662 2110 2699 Probat
2143 2661 2261 2696 unica
2283 2669 2349 2695 ra

1339 2735 1449 2772 tione
1470 2736 1508 2769 et
1529 2741 1608 2768 una
1641 2730 1891 2767 auctoritate.
1926 2726 2090 2764 Refutat
2120 2724 2224 2760 hanc
2255 2733 2351 2760 con

1342 2799 1567 2836 clusionem
1589 2802 1858 2832 communem.
1875 2792 2022 2835 Primo,
2050 2790 2145 2836 quia
2184 2789 2350 2824 daretur

1343 2867 1456 2900 actus
1481 2861 1587 2898 liber
1625 2860 1695 2906 qui
1735 2868 1811 2893 non
1850 2858 1956 2892 esset
1992 2853 2229 2900 speculatio,
2275 2861 2350 2887 nec

1342 2927 1492 2974 praxis.
1530 2924 1726 2966 Secundo,
1781 2920 2052 2965 cognitionem
2108 2917 2348 2953 directivam

1342 2994 1638 3038 cujuscumque
1661 2987 1869 3024 volitionis
1890 2995 1967 3021 non
1990 2993 2080 3020 esse
2112 2983 2346 3028 practicam,

1344 3060 1404 3093 est
1423 3058 1562 3092 contra
1594 3051 1871 3089 definitionem
1900 3049 2054 3086 notitiae
2085 3047 2275 3093 practicae
2311 3048 2347 3082 6.

1343 3120 1458 3157 Ethic
1495 3120 1530 3154 3.
1572 3117 1633 3154 Ad
1671 3117 1869 3153 rationem
1910 3124 1982 3159 pro
2019 3113 2211 3159 opposito,
2235 3111 2351 3148 docet

1343 3184 1615 3229 cognitionem
1641 3190 1719 3216 non
1739 3178 1830 3216 fieri
1851 3178 2071 3224 practicam
2103 3185 2177 3222 per
2208 3178 2350 3211 exten

1343 3249 1499 3284 sionem
1521 3246 1571 3282 ad
1608 3245 1932 3285 delectationem,
1972 3242 2090 3287 cujus
2120 3240 2348 3286 oppositum

1341 3313 1443 3349 falso
1464 3310 1620 3356 Vasq.l.
1643 3312 1745 3355 part.
1767 3307 1804 3343 d.
1826 3308 1861 3342 8.
1884 3317 1970 3352 cap.
1993 3306 2027 3341 5.
2051 3304 2195 3342 tribuit
2214 3305 2265 3340 ei.
2288 3302 2349 3339 Ad

1344 3377 1623 3414 auctoritatem
1644 3375 1838 3420 objectam
1860 3373 2037 3417 explicat
2057 3369 2253 3416 quomodo
2287 3378 2351 3404 se

1343 3441 1522 3478 cundum
1536 3440 1795 3477 Aristotelem
1816 3438 1927 3472 actus
1941 3434 2139 3479 diligendi
2163 3435 2350 3470 ultimum

1343 3507 1476 3553 finem,
1488 3516 1530 3542 m
1551 3504 1853 3549 Intelligentiis,
1872 3505 1930 3540 est
1943 3499 2233 3546 speculativus,
2256 3499 2350 3544 quia

1353 3571 1511 3609 scilicet
1529 3570 1667 3616 posuit
1691 3577 1785 3604 eum
1806 3577 1894 3604 esse
1913 3563 2140 3604 naturalem
2172 3567 2212 3601 et
2243 3563 2366 3600 Intel-
