2653 3979
290 292 504 344 tionem,
536 291 621 338 sed
647 306 796 336 amare
810 308 820 345 ;
854 291 1020 350 igitur
1052 304 1146 338 nec
1175 305 1291 351 pro¬

289 371 407 426 pter
434 366 797 414 extensionem
822 368 882 413 ad
908 367 1049 419 illud,
1080 368 1184 414 erit
1206 381 1292 414 no¬

286 443 406 490 titia
459 443 695 502 practica
763 443 1044 490 secundum
1101 442 1290 502 ipsum,

286 518 370 564 sed
400 517 743 576 speculativa.

343 610 438 657 Sed
479 622 642 669 quare
685 624 790 656 non
823 613 1034 658 tenetur
1073 610 1123 656 in
1175 610 1290 661 hoc,

283 699 402 732 cum
450 686 589 733 ratio
641 686 877 733 scientiae
942 685 1192 745 practicae
1241 687 1293 731 et

281 760 620 820 speculativae
645 761 942 821 accipiatur
971 761 1032 806 ab
1067 760 1199 820 ipso,
1242 762 1292 806 et

280 836 354 882 ita
375 836 485 883 duae
526 836 711 895 primae
756 836 854 882 viae
907 836 1065 882 istam
1104 848 1294 894 negan¬

280 914 376 964 tes,
402 915 656 970 ponentes
679 912 1021 971 Theologiam
1045 925 1160 958 esse
1183 925 1293 971 spe¬

280 988 584 1041 culativam,
616 988 742 1034 bene
791 991 988 1048 ponunt
1026 991 1078 1035 et
1112 987 1292 1048 praeci¬

283 1076 379 1122 pue
408 1064 690 1110 secundum
719 1063 1135 1123 Philosophum?
1165 1065 1291 1110 Res¬

280 1140 477 1198 pondeo
512 1140 569 1199 (f)
609 1139 734 1186 illud
775 1156 923 1184 amare
957 1140 1090 1198 quod
1136 1153 1289 1199 pone¬

279 1216 359 1260 ret
393 1213 446 1260 in
482 1214 872 1275 Intelligentia,
935 1218 1154 1275 poneret
1205 1229 1288 1262 ne¬

278 1288 526 1336 cessitate
586 1291 822 1337 naturali
889 1290 1155 1338 voluntati
1217 1291 1288 1337 in-

276 1377 406 1418 68se,
438 1366 513 1412 ita
536 1367 669 1425 quod
708 1381 811 1413 non
857 1367 1191 1425 contingeret
1219 1368 1288 1414 ibi

276 1453 392 1486 eam
414 1455 601 1488 errare
622 1445 674 1489 et
698 1446 840 1490 recte
863 1455 1037 1502 agere,
1063 1443 1138 1490 ita
1155 1445 1288 1503 quod

278 1518 521 1575 respectu
573 1517 717 1564 illius
756 1518 950 1565 notitia
993 1521 1134 1566 esset
1171 1522 1287 1566 tan¬

274 1595 544 1640 tummodo
575 1595 859 1648 ostensiva,
893 1609 996 1640 non
1029 1596 1286 1644 directiva

277 1682 370 1715 nec
401 1673 654 1728 quantum
685 1672 745 1717 ad
778 1671 1040 1731 objectum
1089 1672 1140 1718 in
1170 1686 1284 1732 par¬

272 1744 504 1798 ticulari,
535 1760 629 1792 nec
659 1750 911 1805 quantum
947 1747 1007 1793 ad
1053 1748 1282 1808 aliquam

272 1820 385 1880 ejus
409 1821 765 1868 conditionem
801 1823 880 1869 vel
914 1823 1147 1882 aliquam
1182 1825 1282 1870 cir¬

272 1898 652 1945 cumstantiam
704 1901 855 1946 actus
882 1899 1105 1945 volendi.

330 1989 440 2035 Hoc
464 1989 615 2035 modo
638 2003 742 2035 non
769 1990 1004 2038 dicerent
1026 1991 1279 2051 Theologi

271 2064 329 2111 ^e
356 2080 504 2108 amare
530 2068 904 2113 creaturarum
951 2068 1278 2116 intellectua-

269 2139 399 2185 lium
426 2143 669 2199 respectu
704 2142 798 2189 Dei
839 2142 890 2188 in
940 2143 1272 2202 particulari,
173 2139 252 2210 ^

44 2218 252 2261 Theologo.
267 2217 318 2262 et
390 2219 643 2274 quantum
710 2218 771 2264 ad
839 2219 1276 2268 circumstantias

268 2293 434 2343 actus,
487 2291 623 2339 sicut
668 2296 919 2348 argutum
957 2296 1036 2340 est
1088 2301 1276 2344 contra

267 2379 495 2424 primam
517 2381 657 2413 viam
686 2382 739 2415 m
762 2383 951 2428 primis
973 2372 1171 2418 duabus
1195 2387 1276 2420 ra¬

263 2442 513 2489 tionibus.
538 2444 590 2491 Si
619 2442 786 2502 igitur
823 2445 1156 2495 convenisset
1188 2463 1274 2495 no-

264 2517 489 2570 biscum,
543 2522 779 2578 ponendo
831 2537 980 2565 amare
1029 2526 1274 2582 respectu

261 2593 380 2640 finis
401 2594 581 2648 libere,
605 2599 746 2644 recte
767 2600 818 2643 et
840 2610 943 2642 non
962 2601 1105 2645 recte
1123 2613 1275 2659 posse

261 2669 397 2722 elici,
427 2684 520 2717 nec
557 2674 701 2719 recte
729 2672 848 2723 elici
886 2673 990 2719 nisi
1028 2674 1276 2723 eliciatur

260 2745 614 2793 conformiter
668 2748 866 2795 rationi
931 2753 1111 2802 rectae,
1170 2765 1276 2799 non

258 2823 472 2869 tantum
519 2823 813 2871 ostendenti
861 2824 1139 2884 objectum,
1189 2829 1275 2874 sed

258 2898 423 2945 etiam
451 2899 671 2946 dictanti
703 2900 776 2946 sic
805 2915 921 2947 esse
943 2901 1271 2958 eliciendum,

258 2973 399 3021 forte
435 2974 699 3033 posuisset
725 2980 966 3036 respectu
998 2977 1120 3024 talis
1142 2980 1274 3026 noti¬

260 3056 391 3101 tiam
425 3055 734 3114 practicam,
786 3057 908 3116 quia
952 3059 1192 3107 confesse
1220 3075 1274 3106 se

261 3136 538 3182 habentem
584 3139 845 3196 appetitui
892 3141 1068 3191 recto;
1107 3140 1274 3200 igitur

267 3216 453 3262 melius
488 3220 568 3265 est
596 3218 861 3279 Theologo
884 3222 967 3279 (g),
1010 3221 1097 3280 qui
1119 3223 1275 3270 habet

264 3297 406 3343 abeo
435 3298 738 3346 discordare
766 3301 818 3346 in
843 3301 1052 3354 minori,
1096 3317 1272 3350 conse¬

265 3381 486 3436 quenter
551 3379 764 3427 dicendo
789 3419 798 3435 ,
865 3383 1166 3430 discordare
1221 3385 1273 3430 in

264 3460 600 3507 conclusione
643 3476 798 3521 quam
832 3464 1114 3512 convenire
1154 3478 1273 3512 cum

264 3562 325 3594 eo
360 3548 412 3594 in
443 3551 794 3607 conclusione,
837 3567 992 3612 quam
1033 3554 1143 3614 ipse
1171 3569 1274 3601 non

1368 294 1587 349 poneret
1621 292 1664 338 si
1700 292 1960 338 minorem
2000 304 2119 338 cum
2158 288 2374 336 Theolo¬

1368 378 1433 424 go
1473 369 1694 414 teneret.

1426 445 1553 490 Cum
1606 443 1771 501 igitur
1803 442 1948 495 dicis,
1988 443 2120 503 quod
2157 441 2219 488 ab
2260 441 2375 501 ipso

1369 518 1659 577 accipimus
1683 518 1946 565 rationem
1976 517 2286 578 speculativi
2327 518 2378 562 et

1369 593 1607 653 practici,
1646 607 1835 640 verum
1879 594 1958 639 est
1998 596 2049 640 et
2096 593 2147 639 in
2184 590 2376 651 majori

1366 670 1707 716 convenimus
1731 670 1864 729 quod
1886 669 1977 716 illa
1998 671 2077 716 est
2100 667 2380 728 speculati¬

1366 760 1447 799 va,
1474 759 1586 805 quae
1614 746 1737 793 licet
1766 746 1826 792 ad
1847 746 2182 794 dilectionem
2205 746 2378 792 exten¬

1366 820 1582 867 deretur
1608 822 1664 867 ut
1701 821 1976 868 ostendens
2020 820 2301 880 objectum,
2334 818 2377 865 si

1366 897 1510 942 nullo
1534 900 1711 944 tamen
1740 897 1889 943 modo
1930 899 2069 944 esset
2121 895 2377 942 directiva

1368 973 1420 1020 in
1470 974 1590 1019 actu
1654 976 1710 1020 ut
1773 971 2373 1020 circumstantionabilis

1364 1051 1459 1102 est,
1491 1050 1541 1095 et
1564 1052 1621 1096 ut
1648 1049 1802 1108 hujus
1833 1048 2024 1109 objecti
2064 1049 2117 1095 in
2146 1049 2374 1108 particu¬

1363 1124 1483 1170 lari.
1510 1125 1604 1172 Sed
1627 1125 1887 1170 minorem
1916 1139 2071 1183 quam
2095 1125 2206 1185 ipse
2228 1137 2372 1171 assu¬

1366 1203 1534 1247 meret
1580 1201 1705 1256 sub,
1757 1200 2007 1248 habemus
2061 1215 2257 1261 negare
2322 1202 2371 1247 in

1363 1278 1660 1335 proposito.
1687 1277 1780 1325 Sed
1820 1278 1940 1324 dato
1976 1277 2110 1337 quod
2135 1277 2260 1324 talis
2289 1291 2372 1324 ne¬

1363 1351 1586 1400 cessitas
1637 1355 1868 1412 ponatur
1912 1352 1965 1399 in
2011 1353 2371 1410 Intelligentia

1362 1441 1426 1473 ex
1441 1430 1635 1475 natura
1650 1429 1939 1476 voluntatis
1962 1429 2171 1476 amandi
2183 1431 2366 1483 Deum,

1361 1507 1611 1564 numquid
1644 1507 1719 1554 ita
1756 1508 1975 1566 poneret
2019 1508 2069 1553 in
2095 1508 2370 1555 voluntate

1359 1581 1588 1629 hominis
1619 1583 1889 1642 sapientis,
1935 1597 2088 1642 quem
2127 1585 2236 1643 ipse
2265 1597 2368 1629 non

1361 1657 1507 1715 ponit
1534 1659 1856 1707 naturaliter
1877 1658 2122 1706 felicem?
2155 1658 2208 1706 Si
2235 1671 2364 1709 non;

1358 1731 1526 1790 igitur
1549 1734 1648 1781 iste
1672 1737 1845 1794 potest
1859 1734 2016 1793 dirigi
2039 1736 2089 1782 in
2113 1734 2203 1782 tali
2226 1736 2363 1780 actu.

1358 1810 1683 1869 Respondeo,
1728 1811 2021 1871 practicam
2068 1824 2097 1856 a
2136 1809 2230 1858 tali
2264 1822 2368 1856 non

1355 1890 1577 1944 negaret
1604 1887 1708 1933 nisi
1748 1887 1867 1947 quia
1901 1886 2212 1934 felicitatem
2252 1886 2365 1945 ejus

1354 1962 1486 2010 dixit
1513 1977 1628 2010 esse
1657 1964 2055 2024 speculativam.

1650 2118 2062 2160 COMMENTARIUS.

1401 2273 1456 2326 (a)
1498 2278 1587 2315 Istse
1628 2280 1711 2315 tres
1745 2278 1835 2323 viae,
1870 2279 1949 2316 etc.
1992 2276 2154 2316 scilicet
2191 2275 2357 2315 Henrioi

1352 2353 1518 2398 Hervei,
1550 2357 1593 2392 el
1623 2352 1818 2392 Gulielmi
1865 2352 1943 2391 sed
1974 2352 2274 2400 diversimode,
2316 2357 2362 2403 ut

1349 2439 1477 2477 supra
1499 2429 1634 2477 patuit
1663 2428 1705 2466 in
1725 2428 1803 2467 illis
1827 2429 1915 2468 viis.
1948 2428 2051 2477 Quae
2087 2428 2258 2478 quidem
2283 2429 2359 2468 viae

1347 2504 1546 2544 videntur
1575 2505 1618 2543 in
1649 2504 1731 2544 hoc
1765 2503 2043 2552 concordare,
2067 2504 2183 2555 quod
2204 2505 2257 2543 sit
2286 2504 2363 2544 ali¬

1350 2591 1431 2631 qua
1455 2580 1645 2629 operatio
1668 2580 1710 2618 in
1733 2582 1944 2630 potestate
1965 2581 2146 2620 hominis
2162 2590 2259 2630 quae
2277 2591 2362 2619 non

1351 2656 1514 2695 dicatur
1545 2656 1708 2706 praxis;
1738 2658 1872 2706 palet,
1905 2656 2004 2705 quia
2026 2658 2159 2707 prima
2189 2656 2254 2696 via
2284 2668 2360 2706 po¬

1349 2733 1410 2770 nit
1439 2731 1549 2780 quod
1574 2730 1742 2770 dilectio
1766 2731 1901 2770 ultimi
1919 2730 2015 2771 finis
2043 2732 2086 2770 in
2120 2732 2362 2782 particulari

1348 2816 1435 2845 non
1477 2809 1542 2845 est
1578 2807 1734 2856 praxis,
1767 2817 1864 2845 cum
1905 2809 2048 2847 tamen
2076 2808 2146 2846 illa
2188 2808 2359 2848 dilectio

1348 2884 1401 2921 sil
1421 2882 1463 2919 in
1480 2885 1691 2930 potestate
1713 2881 1957 2929 voluntatis,
1981 2882 2098 2933 quod
2121 2885 2248 2923 etiam
2267 2884 2358 2934 ipse

1349 2958 1554 2997 Henricus
1585 2958 1797 2998 concedit.
1816 2958 2014 2999 Secunda
2033 2960 2098 2999 via
2120 2960 2221 3000 dicit
2250 2961 2360 3012 quod

1350 3031 1520 3072 dilectio
1539 3032 1632 3072 finis
1652 3034 1789 3072 ultimi
1805 3044 1890 3073 non
1914 3034 2066 3075 dicitur
2081 3038 2238 3086 praxis,
2263 3039 2361 3087 quia

1347 3107 1448 3146 licet
1478 3108 1531 3146 sit
1558 3109 1600 3146 in
1622 3112 1837 3158 potestate
1867 3110 2065 3157 hominis,
2098 3113 2241 3150 tamen
2276 3120 2362 3150 non

1349 3186 1415 3222 est
1455 3185 1563 3223 circa
1596 3184 1817 3235 objectum
1849 3186 2103 3237 contingens
2144 3185 2260 3237 quod
2291 3198 2359 3226 re¬

1347 3260 1525 3310 quiritur
1553 3262 1595 3300 in
1613 3262 1745 3311 praxi.
1768 3263 1906 3301 Tertia
1934 3264 2000 3302 via
2022 3263 2124 3302 dicit
2149 3262 2268 3313 quod
2286 3263 2358 3302 ali¬

1349 3337 1443 3385 quis
1464 3339 1584 3376 actus
1610 3338 1856 3386 voluntatis,
1876 3340 1948 3389 qui
1979 3342 2043 3378 est
2074 3350 2176 3379 vere
2205 3340 2248 3378 in
2281 3351 2357 3388 po¬

1347 3415 1500 3451 testate
1547 3413 1731 3452 hominis
1770 3423 1856 3453 non
1906 3414 2058 3455 dicitur
2103 3415 2269 3466 praxis,
2314 3420 2360 3455 ut

1348 3491 1466 3527 actus
1499 3487 1662 3528 elicitus
1700 3490 1950 3530 immediate
1978 3503 2002 3530 a
2038 3493 2255 3534 voluntate
2285 3496 2358 3545 qui

1347 3574 1435 3604 non
1455 3563 1630 3605 includit
1653 3565 1849 3606 ordinem
1870 3566 1924 3607 ad
1940 3570 2082 3608 actum
2103 3570 2359 3620 imperatum
