2653 3979
199 289 457 348 contingit
518 289 808 349 potentiam
873 290 1205 349 operativam

197 378 385 411 errare
419 365 521 411 nisi
550 366 830 426 dirigatur,
862 368 942 413 est
969 379 1204 413 necessa¬

196 441 277 486 ria
341 441 400 486 ad
462 441 753 500 practicam
811 441 1199 499 cognitionem;

193 516 337 562 nulla
360 519 535 563 autem
559 519 638 563 est
666 515 900 575 cognitio
929 516 1012 563 hic
1041 516 1204 563 tradi¬

192 593 246 637 ta
280 592 338 637 de
370 592 485 644 tine,
518 604 611 639 nec
637 592 695 639 de
728 591 808 638 his
844 604 956 650 quae
991 594 1112 638 sunt
1141 591 1202 636 ad

192 667 348 713 finem
373 669 493 727 quin
524 670 591 715 sit
619 669 760 722 talis,
790 681 937 726 ergo,
974 671 1072 715 etc.
1107 667 1201 714 Vel

193 744 383 790 saltem
418 744 560 791 circa
596 745 698 791 ista
728 744 986 803 contingit
1020 745 1202 790 volun¬

194 822 357 867 tatem
416 819 754 878 ignorantem
815 832 1019 872 errare,
1067 819 1201 866 sicut

191 894 396 941 dicetur
441 894 493 940 in
532 894 795 941 solutione
844 895 1020 942 tertiae
1066 894 1181 953 obje

192 969 384 1017 ctionis
443 975 633 1018 contra
692 970 1012 1017 solutionem
1067 985 1198 1031 quae¬

193 1045 381 1092 stionis
405 1046 732 1106 principalis.

252 1121 398 1169 Licet
421 1121 558 1168 enim
586 1123 821 1169 Trinitas
846 1135 1198 1182 personarum

193 1210 296 1243 non
321 1198 558 1245 ostendat
588 1199 742 1244 finem
773 1198 1200 1257 appetibiliorem

194 1285 350 1330 quam
381 1272 424 1318 si
448 1276 586 1320 esset
609 1286 711 1318 non
739 1273 946 1327 Trinus,
973 1274 1094 1332 quia
1121 1275 1201 1320 est

193 1348 313 1394 finis
364 1348 676 1407 inquantum
718 1362 851 1395 unus
896 1350 1052 1404 Deus,
1096 1363 1201 1395 non

196 1424 506 1483 inquantum
547 1425 755 1477 Trinus,
802 1426 982 1472 tamen
1020 1426 1200 1471 volun¬

193 1502 358 1547 tatem
382 1500 718 1559 ignorantem
735 1501 1052 1549 Trinitatem
1088 1515 1201 1548 con¬

192 1578 352 1637 tingit
378 1592 565 1625 errare
605 1579 658 1625 in
697 1579 919 1626 amando
954 1579 1037 1625 vel
1073 1577 1202 1625 desi¬

192 1651 419 1698 derando
477 1651 649 1704 finem,
704 1652 1042 1699 desiderando
1093 1649 1201 1698 frui

194 1741 296 1774 una
326 1741 554 1787 persona
583 1728 713 1775 sola.
746 1728 1020 1780 Similiter,
1065 1730 1202 1787 igno¬

194 1807 399 1852 rantem
416 1807 583 1853 Deum
605 1806 791 1852 fecisse
814 1807 1060 1852 mundum
1083 1820 1202 1852 con¬

192 1880 350 1940 tingit
373 1894 576 1935 errare,
594 1893 695 1928 non
723 1881 1045 1941 rependendo
1063 1895 1201 1928 amo¬

194 1971 306 2003 rem
347 1957 554 2016 qualem
588 1958 857 2017 gratitudo
901 1959 1201 2018 requireret

195 2034 416 2093 propter
435 2035 642 2080 tantam
665 2033 1203 2080 communicationem

194 2107 449 2155 bonitatis
496 2122 619 2161 suae,
675 2109 736 2154 ad
782 2107 1071 2156 utilitatem
1116 2122 1203 2154 no¬

195 2186 363 2230 stram
391 2183 606 2230 factam.
635 2186 731 2235 Ita,
758 2184 1049 2242 ignorando
1075 2184 1202 2230 arti¬

193 2259 339 2306 culos
386 2261 714 2319 pertinentes
749 2260 809 2305 ad
845 2263 1088 2308 nostram
1129 2274 1203 2306 re¬

196 2336 530 2395 parationem
571 2336 834 2394 contingit
864 2336 1203 2394 ignorantem

193 2424 396 2465 errare,
421 2411 582 2458 etiam
604 2426 708 2458 non
726 2413 1049 2471 rependendo
1067 2426 1205 2459 amo¬

193 2500 305 2532 rem
372 2486 600 2533 debitum
657 2501 754 2546 pro
813 2489 962 2535 tanto
1022 2488 1204 2534 benefi¬

192 2562 291 2616 cio,
339 2565 392 2610 et
439 2562 514 2609 ita
567 2564 626 2609 de
674 2563 792 2609 aliis
851 2563 1200 2623 Theologicis.

194 2641 539 2698 Assumptum
579 2642 740 2699 patet,
786 2640 906 2699 quia
945 2654 1204 2699 qusecum-

193 2729 291 2775 que
319 2714 646 2761 conditiones
688 2716 973 2763 traduntur
999 2718 1058 2763 de
1084 2717 1201 2770 fine,

197 2790 366 2849 magis
401 2794 538 2838 natae
576 2793 695 2838 sunt
733 2792 1008 2840 ostendere
1053 2806 1206 2852 appe-

195 2866 502 2914 tibilitatem
557 2868 692 2920 finis,
759 2870 810 2914 et
876 2868 1205 2915 conditiones

193 2958 378 2991 eorum
420 2959 533 3004 quae
574 2948 696 2992 sunt
731 2945 793 2991 ad
822 2944 994 2998 finem,
1032 2946 1202 3005 magis

193 3023 331 3068 natae
368 3023 487 3067 sunt
523 3022 798 3069 ostendere
831 3034 892 3067 ea
928 3035 1042 3081 quae
1083 3025 1203 3070 sunt

200 3097 442 3143 ordinata
465 3098 526 3144 ad
547 3098 720 3144 finem.

257 3173 330 3219 Ad
376 3176 749 3232 argumentum
802 3187 1006 3227 eorum,
1060 3176 1205 3234 patet

199 3250 333 3308 quod
373 3249 548 3295 minor
586 3252 667 3297 est
706 3247 857 3295 falsa.
905 3250 979 3296 Ad
1017 3250 1207 3310 proba¬

197 3325 396 3372 tionem
441 3325 571 3378 dico,
611 3325 743 3384 quod
780 3339 884 3371 non
923 3329 1097 3385 potest
1132 3327 1207 3374 ita

197 3400 443 3446 distincte
470 3400 698 3447 tractari
737 3401 795 3446 de
834 3401 934 3447 fine
974 3402 1205 3460 cognito,

198 3478 249 3523 et
288 3477 347 3521 de
392 3474 473 3520 his
504 3490 614 3535 quae
644 3477 763 3521 sunt
799 3476 862 3522 ad
891 3476 1048 3523 finem
1085 3478 1209 3536 quin

206 3554 322 3599 tota
371 3551 462 3597 illa
506 3551 746 3610 cognitio
792 3555 932 3600 esset
984 3553 1223 3613 practica

1279 291 1570 340 intellectui
1609 298 1808 348 creato,
1856 297 1977 356 quia
2033 299 2149 345 tota
2194 298 2285 345 illa

1278 369 1512 428 cognitio
1540 372 1667 416 nata
1702 376 1782 420 est
1817 375 2090 421 ostendere
2130 375 2285 421 finem

1279 445 1373 490 sub
1403 446 1610 493 ratione
1637 449 1954 507 appetibilis,
1992 452 2043 497 et
2075 464 2136 497 ea
2172 465 2284 510 quae

1279 523 1401 568 sunt
1429 521 1490 566 ad
1516 520 1672 567 finem
1709 524 1802 569 sub
1843 525 2051 571 ratione
2086 527 2285 573 ordinis

1276 608 1461 642 eorum
1484 597 1545 643 ad
1566 597 1739 651 finem,
1761 600 1842 646 vel
1865 600 2009 647 circa
2032 614 2285 661 quaecum¬

1278 685 1374 730 que
1420 677 1598 732 posset
1641 675 1889 724 voluntas
1930 691 2033 724 non
2081 679 2284 727 directa

1275 760 1478 795 errare.

1566 893 1981 937 COMMENTARIUS.

1325 1030 1380 1085 (a)
1425 1033 1521 1074 Alia
1567 1038 1622 1073 est
1670 1035 1810 1083 opinio
1816 1047 1826 1084 ,
1867 1036 2060 1077 videlicet
2097 1039 2286 1087 Goffredi

1274 1109 1517 1150 discordans
1538 1122 1564 1150 a
1584 1112 1913 1160 praecedentibus
1934 1114 1976 1152 in
2004 1115 2280 1164 conclusione,

1275 1195 1365 1233 quae
1411 1187 1511 1226 dicit
1557 1188 1669 1236 quod
1718 1188 1957 1236 Theologia,
1992 1200 2066 1229 nec
2103 1194 2158 1229 est
2196 1194 2283 1230 tota

1274 1262 1550 1311 speculativa,
1572 1274 1644 1302 nec
1675 1267 1762 1303 tota
1788 1267 1995 1314 practica,
2029 1267 2101 1305 sed
2124 1269 2282 1316 partim

1266 1340 1462 1384 practica
1509 1343 1546 1377 et
1591 1341 1752 1388 partim
1791 1342 2060 1390 speculativa,
2103 1343 2203 1392 quia
2242 1343 2285 1382 in

1272 1414 1506 1464 Theologia
1547 1416 1688 1466 aliqua
1730 1418 2059 1457 considerantur
2094 1422 2141 1457 ut
2185 1422 2285 1458 sunt

1274 1491 1524 1540 operabilia,
1558 1493 1639 1531 alia
1669 1503 1770 1532 vero
1799 1498 1843 1533 ut
1863 1497 1964 1533 sunt
1983 1495 2282 1544 speculabilia,

1275 1570 1316 1607 et
1344 1570 1496 1617 probat
1518 1569 1604 1608 ibi:
1632 1572 1822 1610 Secundo
1850 1572 1910 1610 sic
1927 1572 2150 1620 probatur.

1324 1644 1499 1693 Expono
1528 1643 1653 1684 istam
1681 1645 1867 1685 litteram
1901 1648 1909 1686 :
1943 1646 2073 1686 Nulla
2091 1649 2283 1697 specula¬

1273 1720 1359 1759 tiva
1380 1721 1558 1769 cognitio
1581 1722 1814 1762 distinctius
1842 1726 1994 1762 tractat
2017 1725 2065 1763 de
2086 1724 2281 1772 operabi-

1274 1795 1382 1834 libus
1414 1807 1541 1845 quam
1576 1808 1722 1836 eorum
1756 1799 1933 1847 cognitio
1966 1801 2016 1839 sit
2048 1800 2285 1839 necessaria

1275 1873 1332 1911 ad
1365 1873 1704 1922 speculationem,
1744 1875 1787 1914 id
1829 1879 1893 1914 est
1931 1875 2049 1925 quod
2078 1876 2111 1914 si
2142 1876 2285 1926 aliqua

1275 1948 1454 1988 scientia
1490 1951 1755 1999 speculativa
1794 1954 1948 1991 tractet
1986 1951 2040 1991 de
2073 1951 2286 2003 aliquibus

1276 2026 1581 2075 operabilibus,
1606 2029 1770 2065 tantum
1797 2026 1850 2066 de
1886 2030 1945 2068 eis
1978 2031 2127 2067 tractat
2148 2039 2286 2080 quan¬

1279 2105 1367 2141 tum
1388 2103 1743 2154 cognitioeorum
1767 2106 1832 2144 est
1861 2105 2102 2144 necessaria
2126 2115 2285 2156 specu¬

1273 2179 1435 2227 lationi,
1459 2180 1557 2230 quia
1577 2191 1664 2219 non
1685 2180 1928 2221 considerat
1957 2181 2028 2220 illa
2057 2182 2290 2231 operabilia

1274 2256 1355 2294 nisi
1394 2258 1558 2295 tantum
1598 2257 1877 2305 speculative.
1918 2258 2121 2307 Sequitur
2158 2259 2167 2297 :
2206 2259 2288 2297 Nec

1269 2332 1464 2379 practica
1493 2333 1726 2372 distinctius
1756 2336 1910 2372 tractat
1942 2335 1992 2372 de
2023 2334 2286 2382 speculabili¬

1276 2407 1354 2446 bus
1374 2419 1501 2457 quam
1523 2418 1671 2447 eorum
1695 2410 1945 2458 requiratur
1973 2410 2154 2458 cognitio
2182 2421 2285 2458 pro¬

1272 2488 1368 2533 pter
1395 2489 1575 2535 praxim
1601 2489 1659 2526 ad
1694 2499 1825 2536 quam
1853 2490 2110 2537 extenditur,
2145 2489 2188 2529 id
2225 2495 2290 2529 est

1279 2562 1395 2611 quod
1416 2563 1494 2602 etsi
1513 2563 1691 2603 scientia
1721 2566 1910 2613 practica
1941 2567 2093 2604 tractet
2124 2563 2179 2604 de
2208 2564 2286 2605 ali¬

1278 2642 1432 2690 quibus
1470 2640 1823 2690 speculabilibus,
1865 2651 1917 2680 ex
1957 2652 2007 2681 eo
2049 2644 2200 2682 tractat
2233 2642 2287 2681 de

1276 2715 1355 2756 illis
1384 2717 1638 2766 inquantum
1660 2727 1809 2756 eorum
1826 2718 2013 2769 cognitio
2045 2721 2110 2757 est
2131 2728 2286 2758 neces¬

1277 2794 1386 2831 saria
1406 2795 1584 2843 propter
1603 2793 1767 2842 praxim
1790 2796 1834 2832 et
1854 2804 1941 2833 non
1968 2794 2089 2833 aliter
2118 2797 2285 2834 tractat.

1278 2868 1477 2918 Sequitur
1514 2871 1520 2907 :
1556 2871 1638 2907 Ista
1671 2874 1824 2917 autem,
1861 2870 2016 2920 supple
2037 2870 2287 2922 Theologia,

1280 2945 1429 2983 tractat
1469 2943 1521 2983 de
1560 2945 1851 2993 operabilibus
1889 2946 2122 2984 distinctius
2159 2956 2289 2994 quam

1278 3022 1456 3070 cognitio
1505 3032 1652 3060 eorum
1698 3024 1945 3072 requiratur
1992 3024 2049 3062 ad
2093 3023 2284 3072 specula¬

1277 3095 1445 3143 tionem,
1466 3095 1510 3134 id
1532 3100 1596 3135 est
1617 3097 1734 3146 quod
1752 3098 1983 3148 Theologia
2005 3098 2062 3136 ita
2085 3097 2284 3140 distincte

1278 3174 1428 3210 tractat
1446 3172 1498 3211 de
1517 3173 1806 3221 operabilibus
1822 3184 1871 3213 ac
1887 3174 1921 3212 si
1937 3174 2124 3224 cognitio
2141 3186 2290 3216 eorum

1281 3248 1397 3287 nullo
1429 3248 1555 3287 modo
1590 3249 1833 3298 requiratur
1854 3251 1908 3290 ad
1935 3253 2288 3301 speculationem,

1285 3325 1328 3361 et
1356 3333 1432 3371 per
1467 3332 1738 3373 consequens
1760 3328 1806 3363 ut
1824 3326 1886 3365 sic
1921 3329 2070 3367 tractat
2104 3328 2157 3370 de
2187 3342 2291 3381 ope¬

1282 3400 1488 3438 rabilibus
1508 3399 1551 3438 in
1577 3410 1623 3437 se
1652 3399 1805 3439 dicitur
1837 3405 2036 3451 practica.
2071 3404 2120 3443 Et
2145 3407 2292 3445 simili¬

1289 3478 1368 3523 ter,
1400 3476 1457 3514 ita
1490 3475 1687 3514 distincte
1710 3478 1861 3516 tractat
1884 3478 1936 3516 de
1956 3480 2292 3528 speculabilibus

1293 3562 1342 3590 ac
1377 3553 1413 3590 si
1445 3562 1596 3590 eorum
1625 3553 1809 3602 cognitio
1845 3553 1960 3592 nullo
1989 3554 2118 3594 modo
2150 3558 2295 3608 requi-
