2653 3979
186 286 192 328 sponsio.
278 287 379 328 Dico
417 289 479 341 (ut
506 289 608 328 alias
642 289 743 340 dixi)
771 289 886 340 quod
926 287 1081 328 sufficit
1118 287 1234 338 quod

224 363 276 402 sit
289 364 340 402 ab
363 364 504 414 aliquo
527 364 718 414 perfecte
741 365 966 415 supplente
981 365 1119 403 vicem
1140 363 1231 403 talis

224 440 396 491 objecti,
421 441 660 491 cujusmodi
678 444 744 480 est
764 441 958 480 voluntas
980 440 1134 479 divina.

273 516 313 555 Si
335 516 511 564 dicatur,
535 517 651 568 quod
674 517 799 557 etiam
819 517 900 556 hoc
934 519 1075 565 potest
1107 516 1231 566 sequi

283 591 505 630 j^oiisctu
539 596 712 639 nostro,-
734 593 832 641 quia
852 592 1049 632 voluntas
1088 590 1230 630 divina

218 665 366 705 saltem
405 666 658 716 imperfecte
695 667 868 717 supplet
895 669 1033 707 vicem
1074 665 1228 717 objecti

216 742 478 793 Theologici,
515 747 557 781 et
578 744 638 782 sic
677 742 821 782 habita
852 742 921 781 tali
954 742 1099 781 notitia
1132 753 1227 792 pos¬

217 827 308 856 sum
330 817 512 856 formare
544 818 752 867 principia
775 820 818 857 et
847 817 1161 865 conclusiones,
1187 821 1230 857 et

217 894 348 933 multa
371 894 466 933 alia.

267 968 367 1007 Dico
391 968 506 1018 quod
538 979 625 1007 non
659 971 724 1008 est
749 968 901 1016 simile,
945 968 1043 1019 quia
1075 979 1226 1008 omnes

215 1043 379 1083 articuli
392 1042 492 1083 fidei
507 1043 560 1083 de
581 1045 835 1084 necessariis
857 1047 957 1084 sunt
977 1045 1226 1094 simpliciter

213 1120 403 1166 revelati,
436 1131 517 1160 nec
556 1120 684 1160 credo
706 1131 839 1160 unum
862 1120 1086 1160 articulum
1123 1131 1224 1170 pro¬

216 1198 309 1245 pter
337 1195 480 1242 alium,
520 1198 568 1234 ut
601 1196 812 1235 subtiliter
849 1198 968 1245 patet
987 1205 1011 1233 a
1040 1196 1222 1235 Doctore

213 1271 416 1312 in2.dist.
446 1271 509 1310 24.
536 1270 619 1310 Sed
643 1270 853 1321 quidquid
892 1270 958 1317 sit,
991 1271 1085 1310 dico
1115 1282 1220 1320 pau-

212 1349 286 1393 oiS'
328 1346 445 1397 quod
186 1344 191 1366 1Ca
485 1348 621 1385 omnis
668 1347 814 1386 notitia
853 1346 1111 1397 Theologica
1157 1350 1222 1386 est

208 1423 458 1472 simpliciter
494 1423 678 1471 practica
713 1434 736 1461 a
757 1433 1033 1473 quocumque
1067 1433 1217 1463 cause-

212 1505 290 1549 lur,
322 1500 410 1540 sive
432 1501 485 1539 ab
515 1500 684 1550 objecto
715 1501 803 1539 sive
843 1511 864 1538 a
895 1500 1123 1549 supplente
1161 1502 1218 1541 vi¬

210 1587 303 1616 cem
325 1576 500 1627 objecti,
544 1576 642 1626 quia
672 1576 819 1615 notitia
856 1577 1113 1626 Theologica
1154 1581 1220 1617 est

210 1654 460 1703 simpliciter
482 1653 574 1693 talis
595 1651 752 1702 objecti
792 1652 927 1702 primi,
960 1653 1075 1703 quod
1097 1654 1130 1692 si
1154 1665 1217 1694 es¬

208 1734 274 1769 set
309 1729 553 1769 immediate
593 1730 644 1768 ab
674 1729 744 1768 illo
773 1730 953 1769 haberet
973 1729 1216 1771 evidentem

208 1805 512 1846 rectitudinem
531 1809 734 1855 respectu
760 1807 901 1855 praxis
924 1807 1162 1846 eliciendae,

262 1876 331 1915 Hic
375 1875 545 1926 quidam
600 1877 756 1916 Doctor
792 1877 931 1927 arguit
965 1880 1111 1917 contra
1137 1879 1218 1918 hoc

209 1951 369 1992 dictum
402 1951 613 1999 Doctoris,
662 1951 863 1991 videlicet
906 1952 1018 2003 quod
1050 1954 1217 1994 habitus

207 2029 420 2078 practicus
443 2027 606 2066 dicatur
626 2029 838 2077 practicus
866 2029 917 2068 ab
949 2028 1117 2080 objecto
1138 2032 1217 2072 vir-

207 2105 376 2145 tualiter
397 2105 644 2143 continente
665 2104 800 2150 illum,
824 2108 866 2144 et
900 2105 1017 2156 quod
1032 2107 1216 2148 Theolo¬

206 2183 275 2232 gia
325 2181 671 2221 necessariorum
709 2181 874 2223 dicatur
914 2183 975 2222 sic
1011 2184 1212 2233 practica.

207 2258 360 2297 Contra
390 2258 472 2296 hoc
494 2258 634 2307 arguit
657 2270 664 2296 :
708 2258 813 2306 Quia
833 2260 934 2297 tunc
959 2263 1217 2310 sequeretur

207 2333 323 2384 quod
355 2333 640 2384 Metaphysica
673 2332 726 2372 de
756 2334 845 2372 Deo
882 2337 997 2373 esset
1033 2335 1216 2384 practica

207 2414 250 2450 et
288 2421 371 2449 non
413 2410 694 2460 speculativa,
733 2410 850 2460 quod
888 2411 1012 2450 etiam
1047 2412 1217 2452 videtur

204 2487 359 2526 falsum
379 2485 622 2525 secundum
641 2486 827 2533 Scotum,
853 2487 924 2536 qui
944 2488 986 2526 in
1007 2489 1213 2528 solvendo

206 2560 426 2612 quoddam
455 2564 754 2611 argumentum
789 2562 832 2600 in
865 2562 1072 2612 principio
1095 2574 1214 2613 quae¬

205 2637 355 2679 stionis
398 2636 576 2684 factum,
625 2637 680 2676 ad
721 2638 992 2687 probandum
1031 2640 1212 2680 Theolo¬

205 2712 322 2764 giam
360 2722 446 2752 non
479 2722 574 2751 esse
608 2712 838 2761 practicam
878 2722 930 2751 ex
965 2715 1214 2754 auctoritate

205 2788 340 2828 Boetii
372 2787 629 2837 assignantis
651 2789 736 2825 tres
749 2789 890 2836 partes
912 2788 1098 2827 scientiae
1112 2798 1215 2838 spe¬

205 2862 408 2908 culativae,
441 2871 623 2911 quarum
654 2871 738 2900 una
788 2865 852 2900 est
880 2862 1121 2913 Theologia,
1162 2865 1217 2903 ait

201 2938 262 2977 sic
285 2951 294 2977 :
319 2939 436 2983 Dico,
454 2936 572 2987 quod
588 2938 759 2976 Boetius
776 2937 975 2989 intelligit
995 2942 1073 2987 per
1092 2940 1216 2978 Theo¬

201 3013 360 3064 logiam
389 3013 734 3064 Metaphysicam,
776 3013 889 3060 hinc,
937 3017 984 3052 ut
1021 3017 1213 3064 apparet,

205 3099 292 3128 non
321 3090 407 3129 vult
435 3099 598 3139 negare
644 3089 829 3138 Boetius,
861 3088 940 3128 sed
978 3100 1212 3138 exponere.

259 3164 463 3203 Praeterea
497 3163 613 3213 quod
641 3164 722 3203 hoc
754 3174 1025 3214 consequens
1051 3166 1106 3204 sit
1133 3164 1209 3204 fal¬

206 3251 313 3286 suro,
344 3239 506 3279 scilicet
527 3239 643 3289 quod
674 3240 962 3291 Metaphysica
998 3240 1051 3278 sit
1078 3240 1213 3280 scien¬

207 3317 262 3356 tia
285 3319 484 3367 practica,
504 3319 644 3367 arguit
664 3318 725 3356 sic
745 3330 754 3356 :
775 3319 880 3356 Nam
902 3318 1212 3369 cujuscumque

204 3393 392 3433 scientiae
419 3393 621 3442 practicae
657 3396 778 3433 actus
807 3395 1006 3444 proprius
1046 3394 1212 3434 elicitus

206 3474 268 3509 est
290 3470 440 3509 notitia
456 3472 657 3520 practica.
680 3471 818 3518 Patet,
842 3471 941 3521 quia
972 3482 1024 3510 ex
1045 3473 1210 3512 actibus

209 3546 404 3596 practicis
437 3550 670 3599 generatur
698 3547 868 3588 habitus
908 3549 1138 3597 practicus,
1169 3553 1211 3589 et

1308 291 1430 327 actus
1445 289 1681 337 sequentes
1701 286 1893 326 habitum
1914 285 2072 324 similes
2087 286 2188 323 sunt
2208 294 2314 334 prae¬

1307 363 1577 410 cedentibus,
1621 373 1675 402 ex
1708 362 1865 412 quibus
1911 364 1976 400 est
2009 361 2196 412 genitus.
2231 358 2317 399 Sed

1307 439 1448 478 nullus
1478 442 1600 478 actus
1630 438 1826 488 proprius
1860 435 2160 487 Metaphysicae
2179 434 2238 486 (et
2256 435 2315 475 lo¬

1305 526 1414 566 quor
1447 515 1500 554 de
1536 512 1826 564 Metaphysica
1871 521 1967 561 quae
2002 511 2232 561 acquiritur
2263 520 2315 548 ex

1307 591 1449 631 studio
1480 590 1573 630 libri
1592 587 1910 640 Metaphysicae)
1933 591 1998 627 est
2035 588 2184 627 notitia
2219 597 2312 637 pra¬

1304 666 1424 713 ctica,
1450 665 1566 716 quod
1596 666 1727 714 patet,
1753 664 1850 713 quia
1872 662 1986 701 nulla
2021 661 2112 701 talis
2145 662 2313 701 conclu¬

1301 742 1361 781 sio
1395 743 1460 780 est
1486 738 1720 779 formaliter
1741 737 1944 777 directiva
1964 737 2119 786 praxis.

1355 817 1458 854 Item
1479 814 1618 864 arguit
1637 814 1698 852 sic
1720 824 1728 850 :
1755 811 1853 862 quia
1880 813 1914 852 si
1951 811 2120 850 habitus
2159 802 2311 861 practi-

1302 901 1376 930 cus
1413 890 1630 930 diceretur
1665 888 1894 937 practicus,
1936 887 2036 936 quia
2074 886 2312 926 virtualiter

1299 968 1540 1007 continetur
1554 965 1596 1004 in
1618 964 1803 1015 objecto,
1822 964 1900 1002 etc.
1917 963 2174 1012 sequeretur
2194 959 2311 1010 quod

1300 1043 1354 1083 de
1377 1041 1494 1081 nulla
1525 1052 1572 1080 re
1593 1039 1744 1079 mundi
1770 1041 1916 1089 posset
1953 1038 2101 1078 haberi
2129 1036 2309 1077 scientia

1297 1117 1576 1170 speculativa.
1608 1116 1890 1165 Consequens
1910 1117 2063 1163 reputo
2086 1114 2146 1152 sic
2178 1113 2304 1152 abso¬

1297 1206 1400 1235 num
1420 1198 1468 1234 ut
1486 1204 1568 1233 nec
1589 1203 1736 1232 curem
1768 1191 1966 1241 probare,
1988 1200 2079 1229 -nec
2113 1189 2303 1239 expedit,

1296 1283 1394 1312 cum
1413 1271 1506 1320 ipse
1535 1269 1699 1319 aliquas
1720 1267 1920 1307 scientias
1942 1268 2076 1316 ponat
2105 1266 2305 1316 specula¬

1294 1348 1412 1388 tivas.
1449 1345 1766 1396 Consequentia
1793 1347 1924 1394 patet,
1962 1343 2160 1393 quoniam
2189 1342 2304 1381 nulla

1292 1435 1362 1464 res
1388 1427 1452 1463 est
1470 1425 1512 1464 in
1534 1422 1692 1462 mundo
1717 1432 1809 1472 quae
1827 1430 1916 1460 non
1945 1421 1999 1460 sit
2012 1420 2138 1466 bona,
2171 1423 2212 1457 et
2227 1429 2304 1468 per

1293 1510 1568 1552 consequens
1591 1509 1683 1549 quae
1702 1509 1789 1538 non
1822 1497 2039 1536 contineat
2065 1495 2303 1535 virtualiter

1292 1579 1480 1628 aliquam
1513 1576 1706 1614 notitiam
1738 1573 1985 1613 directivam
2039 1571 2299 1622 operationis

1289 1653 1521 1696 voluntatis
1545 1653 1654 1692 circa
1678 1652 1830 1701 ipsam.

1343 1728 1624 1770 Confirmatur
1654 1726 1769 1766 istud
1801 1739 1809 1765 :
1852 1726 1958 1774 Quia
1998 1724 2122 1763 etiam
2153 1718 2299 1764 notitia

1291 1817 1384 1858 quae
1406 1808 1471 1846 est
1489 1805 1672 1854 simplex
1700 1800 1985 1853 apprehensio
2017 1801 2094 1850 rei,
2136 1802 2201 1839 est
2220 1811 2299 1840 no-

1294 1885 1378 1923 titia
1399 1881 1640 1922 secundum
1668 1882 1799 1920 istum
1828 1881 2057 1918 Doctorem
2078 1878 2218 1917 taliter
2239 1878 2298 1917 di¬

1289 1960 1464 2006 rectiva,
1497 1960 1656 2008 quanto
1678 1956 1815 2007 magis
1844 1958 1990 1994 autem
2009 1954 2160 1994 notitia
2187 1965 2299 1995 com¬

1290 2038 1412 2088 plexa
1437 2046 1520 2085 qua
1543 2035 1880 2085 cognosceretur
1898 2041 1992 2070 rem
2007 2041 2104 2070 esse
2124 2031 2300 2077 bonam,

1290 2113 1421 2153 talem
1458 2113 1598 2150 autem
1634 2108 1834 2159 quaelibet
1873 2117 1943 2146 res
1984 2106 2036 2146 de
2075 2117 2122 2146 se
2158 2110 2301 2157 potest

1291 2200 1480 2235 causare,
1525 2187 1877 2227 concurrentibus
1921 2185 2010 2225 aliis
2049 2186 2299 2234 partialibus

1291 2267 1443 2307 causis.
1476 2267 1568 2305 Haec
1586 2265 1672 2304 ille.

1342 2342 1506 2382 Deinde
1529 2342 1670 2386 arguit
1690 2341 1836 2380 contra
1867 2339 1980 2378 aliud
2003 2338 2158 2378 dictum
2183 2336 2299 2386 quod

1287 2419 1468 2468 imponit
1494 2417 1680 2459 Doctori,
1721 2413 1923 2454 videlicet
1961 2413 2078 2464 quod
2115 2415 2298 2463 simplex

2313 2499 2325 2546 Greg.supra
1289 2495 1574 2545 apprehensio
1612 2491 1768 2541 objecti
1798 2492 1939 2540 potest
1974 2490 2014 2528 di
2026 2491 2052 2528 4
2090 2492 2292 2539 practica,

1291 2575 1332 2611 et
1354 2571 1493 2621 arguit
1514 2569 1574 2607 sic
1597 2581 1604 2606 :
1636 2567 1780 2607 Omnis
1794 2565 1945 2606 notitia
1974 2566 2160 2615 practica
2182 2551 2294 2605 affir-

1292 2649 1376 2686 mat
1422 2648 1496 2683 aut
1535 2646 1666 2694 negat
1702 2641 1860 2692 aliquid
1899 2640 2009 2680 circa
2048 2642 2297 2691 qualitatem

1288 2719 1563 2771 operationis.
1605 2717 1690 2756 Sed
1722 2716 1872 2755 notitia
1907 2716 2176 2765 incomplexa
2211 2726 2298 2755 non

1290 2799 1354 2835 est
1373 2793 1643 2843 hujusmodi;
1669 2803 1787 2844 ergo,
1812 2795 1891 2831 etc.
1915 2791 2069 2830 Probat
2088 2791 2297 2843 majorem

1289 2880 1366 2920 per
1384 2869 1645 2908 Avicennam
1676 2869 1719 2906 et
1739 2876 1815 2915 per
1843 2865 2160 2915 Philosophum.

1341 2947 1445 2984 Item
1467 2946 1527 2983 sic
1549 2943 1688 2993 arguit
1717 2955 1725 2982 :
1768 2942 1809 2980 Si
1840 2942 1979 2991 aliqua
2019 2941 2111 2979 talis
2150 2940 2295 2980 notitia

1287 3021 1559 3069 incomplexa
1589 3023 1703 3058 esset
1737 3018 1910 3068 proprie
1937 3018 2138 3066 practica,
2160 3016 2292 3056 multo

1288 3098 1420 3146 magis
1440 3097 1588 3135 notitia
1609 3095 1830 3144 complexa
1849 3093 2072 3133 medicinae
2099 3093 2296 3132 theoricae

1288 3176 1402 3212 esset
1430 3173 1640 3221 practica;
1682 3179 1955 3220 consequens
1994 3171 2114 3218 patet
2144 3167 2294 3207 falsum

1285 3259 1363 3298 per
1382 3249 1640 3287 Avicennam
1675 3247 1810 3296 primo
1849 3245 1954 3284 libro
1981 3244 2218 3290 medicinae,
2253 3246 2294 3283 et

1284 3336 1362 3374 per
1382 3324 1594 3363 rationem
1627 3326 1746 3372 patet
1776 3321 1880 3362 illud
1903 3330 2175 3371 consequens
2197 3330 2292 3359 esse

1283 3400 1453 3447 falsum,
1485 3401 1584 3450 quia
1605 3404 1704 3439 tunc
1725 3410 1812 3438 non
1844 3401 1959 3438 esset
1993 3397 2204 3437 distinctio
2226 3396 2290 3434 in¬

1284 3478 1349 3513 ter
1369 3475 1600 3523 practicam
1620 3478 1662 3514 et
1677 3473 1996 3524 speculativam.

1335 3549 1619 3591 Confirmatur
1651 3564 1658 3590 :
1695 3551 1737 3591 Si
1770 3551 1883 3590 enim
1914 3549 2094 3599 simplex
2133 3558 2287 3597 appre-
