2653 3979
246 311 307 348 vit
326 310 500 355 tandem,
524 313 554 348 si
576 315 757 349 teneatur
772 322 850 349 non
865 313 1051 350 sufficere
1067 315 1251 351 notitiam

245 374 330 410 esse
351 374 400 410 de
415 385 461 410 .se
483 377 772 420 regulativam,
798 377 874 412 nisi
898 379 1076 422 potentia
1104 380 1257 424 pracfi-

243 448 338 475 cans
376 440 418 474 in
456 445 714 485 cognoscente
752 444 804 479 sit
842 442 1098 487 regulabilis,
1134 447 1177 480 ut
1204 444 1256 480 sit

241 504 432 548 practica,
455 504 711 550 Theologiam
735 506 800 542 Dei
835 506 883 542 de
917 507 1158 543 necessariis
1174 517 1252 543 non

240 576 322 602 esse
342 568 582 615 practicam;
605 570 639 605 si
667 579 764 606 vero
797 579 872 606 non
908 572 1143 618 requiratur
1177 581 1252 607 vo¬

241 629 436 666 luntatem
459 641 547 667 esse
574 634 846 678 regulabilem
880 636 1056 679 practica
1089 637 1180 679 erit,
1213 638 1252 672 et

244 696 381 730 utrum
414 694 587 739 dicatur,
628 697 826 742 relinquit
866 701 909 733 ut
939 698 1161 745 problema,
1201 698 1250 734 de

243 767 321 803 quo
344 759 376 794 1.
400 759 489 796 dist.
509 760 569 797 38.

300 834 444 880 Licet
500 835 610 882 haec
674 836 951 895 responsio
1006 837 1249 885 videatur

239 921 265 954 6
270 910 397 955 vade
405 923 460 956 re
500 916 890 970 argumentum,
928 916 979 960 et
1014 927 1245 972 peream

239 985 402 1031 etiam
450 988 723 1042 sequentia
763 992 1080 1043 argumenta
1130 1002 1245 1044 pos-

238 1064 352 1108 8Clit
375 1063 538 1115 evadi,
563 1065 741 1111 tamen
763 1064 922 1112 aliter
944 1068 1122 1120 posset
1144 1065 1245 1112 dici

238 1140 372 1197 quod
410 1140 696 1199 Theologia
735 1153 1041 1188 necessaria
1076 1156 1129 1188 m
1169 1156 1244 1187 m-

233 1215 450 1263 tellectu
477 1216 669 1269 divino,
717 1231 824 1263 non
861 1221 942 1265 est
988 1218 1241 1278 practica,

234 1292 357 1350 quia
407 1305 511 1338 non
560 1296 640 1340 est
677 1293 934 1352 prioritas
979 1295 1243 1341 naturalis

236 1367 614 1414 intellectionis
644 1370 705 1415 ad
731 1368 1059 1422 volitionem,
1095 1371 1245 1429 quasi

232 1443 613 1491 conformativi
636 1445 698 1491 ad
720 1445 891 1504 ipsum
914 1445 1244 1492 conforman¬

229 1520 376 1574 dum,
408 1520 518 1566 sive
543 1520 786 1566 directivi
823 1520 883 1565 ad
913 1520 1243 1579 dirigendum

230 1594 443 1654 aliquid.
487 1595 619 1647 Quia
666 1595 840 1654 posita
883 1595 1078 1643 notitia
1123 1610 1241 1656 qua¬

227 1682 450 1728 cumque
482 1669 813 1717 rectitudinis
843 1669 1008 1728 ipsius
1040 1670 1237 1729 praxis,

233 1745 473 1802 quamvis
503 1747 606 1791 ista
645 1759 709 1791 ex
744 1759 797 1791 se
833 1746 1003 1804 possit
1037 1745 1244 1792 confor¬

228 1833 374 1867 mare
444 1822 738 1880 potentiam
800 1820 1240 1869 conformabilem

226 1910 316 1942 seu
386 1896 786 1944 rectificabilem
844 1897 1082 1952 aliunde,
1135 1912 1240 1945 non

227 1974 406 2018 tamen
432 1972 768 2020 voluntatem
795 1972 1027 2019 divinam
1066 1987 1239 2033 respe¬

221 2049 310 2093 ctu
340 2048 421 2093 sui
460 2049 621 2106 primi
675 2048 884 2108 objecti,
935 2061 1048 2108 quae
1085 2064 1150 2095 ex
1184 2064 1238 2095 se

225 2123 337 2169 sola
395 2123 722 2171 rectificatur
782 2128 1028 2183 respectu
1080 2125 1236 2172 istius

220 2199 427 2258 objecti,
467 2199 543 2246 ita
579 2200 712 2260 quod
738 2201 820 2246 vel
856 2200 979 2247 talis
1021 2205 1236 2249 natura¬

220 2274 346 2324 liter
372 2276 536 2323 tendit
580 2277 632 2322 in
666 2277 807 2330 illud,
851 2277 933 2323 vel
980 2279 1024 2324 si
1070 2278 1234 2326 libere

219 2351 363 2397 nullo
400 2351 551 2398 modo
579 2354 660 2398 est
680 2352 738 2398 de
773 2366 827 2398 se
856 2353 1006 2410 quasi
1033 2354 1233 2400 indiffe¬

221 2440 343 2473 rens
401 2427 462 2473 ad
508 2427 915 2480 rectitudinem,
970 2432 1020 2475 et
1082 2430 1232 2490 quasi

217 2502 424 2549 aliunde
451 2502 628 2561 aliquo
674 2503 823 2549 modo
859 2502 1054 2550 habens
1094 2518 1226 2558 eam,

214 2579 289 2626 ita
312 2579 448 2638 quod
476 2579 672 2626 notitia
704 2579 1113 2627 determinativa
1148 2596 1229 2628 re¬

212 2654 483 2702 ctitudinis
517 2668 622 2701 non
643 2659 723 2702 est
744 2656 1047 2703 necessario
1078 2658 1230 2716 prior

208 2731 480 2784 volitione,
528 2731 677 2790 quasi
721 2731 908 2778 volitio
952 2733 1100 2779 illam
1152 2747 1228 2780 re¬

214 2807 391 2866 quirat
418 2816 470 2852 ut
507 2810 652 2854 recte
692 2807 971 2862 eliciatur,
1003 2810 1091 2856 sed
1117 2812 1228 2857 tan¬

210 2888 325 2932 tum
362 2883 643 2943 praeexigit
684 2884 1044 2930 ostensionem
1092 2885 1224 2945 obje¬

215 2960 303 3008 cti.
341 2961 405 3007 Et
426 2959 588 3006 istam
628 2958 879 3005 notitiam
907 2972 971 3005 ex
1001 2974 1054 3006 se
1093 2961 1224 3007 dire-

211 3036 409 3084 ctivam
453 3048 558 3081 non
589 3035 867 3094 praeexigit
909 3038 964 3083 ut
1009 3036 1223 3084 directi-

209 3125 350 3165 vam,
376 3112 465 3158 sed
478 3114 688 3158 tantum
706 3115 763 3158 ut
781 3111 1119 3161 ostensivam,
1146 3113 1221 3160 ita

211 3189 342 3248 quod
389 3187 433 3233 si
486 3191 665 3246 posset
711 3188 1009 3247 praecedere
1048 3189 1220 3236 voliti¬

210 3278 362 3311 onem
384 3264 497 3310 sola
523 3266 754 3310 ostensio
774 3264 979 3324 objecti,
998 3268 1050 3312 et
1073 3266 1220 3325 sequi

206 3340 399 3388 notitia
485 3339 822 3387 rectitudinis
903 3342 1218 3388 necessariae

207 3417 374 3476 ipsius
425 3416 607 3475 praxis
634 3452 642 3468 ,
720 3416 856 3463 sicut
905 3416 1110 3463 dicetur
1160 3419 1218 3464 de

207 3494 361 3553 praxi
382 3493 526 3540 circa
547 3493 935 3551 contingentia,
966 3509 1110 3555 aeque
1140 3509 1218 3541 re¬

207 3574 287 3617 cte
332 3569 621 3616 eliceretur
659 3570 849 3616 volitio
895 3573 1036 3624 tunc,
1079 3572 1216 3620 sicut

1330 328 1481 363 nunc.
1507 317 1664 364 Nullo
1689 330 1817 376 ergo
1856 320 2005 366 modo
2048 318 2338 366 intellectio

1327 395 1406 440 est
1437 394 1587 453 prior
1614 398 1670 441 ut
1709 394 2115 448 conformativa,
2145 409 2233 442 seu
2265 407 2341 439 rc-

1327 470 1566 528 gulativa
1591 470 1883 518 volitionis.

1383 546 1456 592 Ad
1489 550 1863 605 argumentum
1905 547 2071 605 igitur
2107 548 2337 607 probans

1326 620 1666 678 prioritatem
1693 622 2025 669 rectitudinis
2043 622 2104 667 ad
2128 622 2334 681 praxim

1325 698 1534 749 rectam,
1593 698 1899 758 responderi
1954 700 2129 758 potest
2200 698 2332 758 quod

1322 770 1445 819 licet
1468 772 1536 820 sit
1565 773 1742 832 aliqua
1777 774 2033 834 prioritas
2053 774 2331 822 intellecti¬

1324 848 1438 894 onis
1461 849 1523 896 ad
1543 850 1870 903 volitionem,
1903 863 2006 896 non
2040 852 2219 898 tamen
2249 854 2330 897 est

1321 924 1395 970 sic
1430 925 1581 984 prior
1608 930 1663 974 ut
1688 928 1926 987 requirat
1957 927 2220 974 rationem
2256 941 2331 973 re¬

1321 1003 1461 1047 ctam
1483 1015 1599 1049 esse
1627 1002 1866 1062 priorem
1893 1003 2075 1064 praxi;
2106 1004 2229 1064 quia
2258 1007 2332 1051 ta¬

1318 1073 1384 1121 lis
1427 1077 1686 1135 prioritas
1731 1082 1811 1126 est
1848 1079 2046 1138 regulae
2087 1080 2150 1126 ad
2185 1092 2334 1138 regu-

1318 1150 1519 1205 latum,
1571 1154 1740 1212 qualis
1793 1169 1908 1201 esse
1970 1169 2074 1201 non
2139 1156 2331 1215 potest,

1321 1229 1524 1287 quando
1551 1231 1800 1279 voluntas
1828 1234 1910 1279 est
1934 1231 2236 1278 omnimoda
2259 1244 2337 1277 re¬

1319 1304 1443 1362 gula
1467 1305 1548 1351 sui
1572 1305 1625 1352 in
1649 1308 1862 1366 agendo.
1909 1307 2078 1367 Hujus
2127 1310 2337 1354 contro¬

1317 1381 1508 1427 versiae
1531 1383 1588 1428 de
1612 1383 1836 1431 scientia
1850 1383 1946 1430 Dei
1966 1386 2208 1443 respectu
2232 1382 2332 1435 sui,

1320 1466 1384 1500 an
1409 1456 1476 1502 sit
1506 1458 1758 1516 practica,
1785 1472 1992 1505 summa
2016 1459 2068 1504 in
2090 1459 2188 1507 hoc
2217 1472 2335 1506 con¬

1318 1530 1478 1582 sistit,
1518 1531 1559 1577 si
1617 1533 1812 1580 notitia
1841 1547 1953 1594 quae
1997 1534 2056 1580 de
2098 1548 2152 1580 se
2191 1537 2332 1581 esset

1315 1604 1573 1653 directiva
1613 1608 1666 1653 in
1697 1609 1866 1669 praxi,
1909 1610 2029 1656 dato
2072 1611 2206 1671 quod
2247 1624 2331 1669 po¬

1311 1682 1483 1728 tentia
1539 1684 1843 1742 practicans
1887 1685 1941 1731 in
1986 1685 2185 1733 sciente
2224 1699 2329 1731 non

1314 1761 1453 1804 esset
1481 1759 1763 1818 dirigibilis
1788 1761 1841 1807 in
1863 1762 2086 1820 agendo,
2118 1765 2187 1809 sit
2211 1775 2328 1821 pra¬

1317 1835 1470 1889 ctica,
1518 1849 1582 1882 ex
1611 1836 1712 1884 hoc
1752 1838 1866 1883 solo
1915 1838 2050 1897 quod
2083 1841 2223 1885 esset
2254 1838 2329 1884 sic

1314 1923 1378 1956 ex
1400 1925 1453 1957 se
1486 1913 1744 1960 directiva
1774 1931 1783 1959 :
1813 1914 1897 1960 vel
1931 1927 2036 1960 non
2070 1915 2326 1974 practica,

1311 1999 1376 2032 ex
1406 1988 1503 2035 hoc
1545 1991 1680 2048 quod
1724 1990 1957 2047 potentia
2014 1991 2318 2049 practicans

1314 2061 1366 2108 in
1407 2064 1605 2112 sciente
1637 2079 1742 2113 non
1783 2070 1862 2113 est
1889 2066 2189 2124 dirigibilis.
2233 2066 2329 2120 Qui

1313 2140 1541 2188 alteram
1569 2145 1778 2201 partem
1812 2145 1982 2195 tenet,
2030 2142 2171 2191 dicat
2212 2156 2329 2189 con¬

1313 2219 1611 2274 sequenter.

1621 2404 2038 2447 COMMENTARIUS.

1358 2594 1515 2642 Quarto
1536 2593 1829 2643 principaliter
1871 2595 2012 2645 arguit
2043 2595 2200 2636 Doctor
2232 2598 2288 2636 ibi
2311 2610 2319 2635 :

1304 2665 1407 2702 Item
1442 2668 1538 2702 tunc
1592 2665 1766 2704 scientia
1808 2666 1885 2703 Dei
1915 2669 2014 2704 esset
2040 2669 2245 2714 practica.
2269 2668 2318 2706 Et

1304 2737 1478 2778 deducit
1522 2739 1578 2778 ad
1617 2740 1927 2780 inconveniens
1950 2772 1959 2788 ,
2002 2742 2120 2791 quod
2167 2744 2315 2783 nolitia

1302 2821 1558 2872 Theologica
1608 2822 1651 2861 in
1716 2822 1940 2862 intellectu
1986 2821 2127 2863 divino
2165 2829 2314 2875 posset

1304 2895 1386 2935 dici
1408 2907 1507 2936 vere
1524 2897 1727 2946 practica.

1351 2970 1406 3024 (a)
1426 2973 1674 3023 Respondet
1703 2974 1761 3013 ibi
1793 2976 1802 3012 :
1845 2975 1905 3012 Ad
1941 2978 2141 3023 quartum
2172 2980 2310 3023 posset

1297 3049 1480 3094 concedi,
1503 3050 1616 3098 quod
1636 3047 1863 3099 Theologia
1886 3051 1965 3089 Dei
1981 3052 2031 3089 de
2064 3053 2310 3090 necessariis

1291 3125 1344 3163 sit
1358 3125 1564 3173 practica.
1591 3125 1687 3163 Haec
1709 3127 1846 3165 littera
1870 3126 1982 3164 clara
2005 3129 2068 3165 est
2089 3128 2155 3166 hic
2192 3131 2234 3167 et
2254 3138 2308 3166 ex

1294 3200 1563 3249 supradictis.
1617 3201 1710 3242 Vult
1746 3205 1861 3242 enim
1900 3201 2016 3252 quod
2053 3206 2188 3253 possit
2225 3203 2307 3242 dici

1293 3276 1479 3324 practica
1525 3287 1579 3316 ex
1606 3277 1669 3315 his
1709 3278 2051 3326 conditionibus,
2100 3279 2302 3319 videlicet

1300 3354 1400 3402 quia
1429 3353 1545 3402 prior
1573 3355 1694 3403 praxi
1724 3358 1812 3395 sive
1834 3356 2036 3395 volitione
2074 3354 2214 3395 divina
2235 3368 2245 3403 ;
2265 3360 2307 3395 et

1296 3432 1390 3478 quia
1432 3431 1520 3469 talis
1552 3430 1736 3481 cognitio
1760 3434 1968 3482 quantum
1987 3434 2051 3470 est
2083 3443 2136 3470 ex
2168 3442 2214 3471 se
2241 3436 2306 3472 est

1293 3506 1602 3546 conformativa
1624 3510 1666 3545 et
1687 3505 1889 3546 directiva
1916 3509 2056 3556 praxis
2095 3512 2304 3558 quantum

1291 3580 1346 3620 ad
1366 3583 1630 3622 voluntatem
1652 3582 2020 3623 determinabilem
2039 3585 2128 3623 sive
2148 3583 2305 3624 rectifi-
