2624 3979
302 339 503 383 cabilem;
525 337 602 378 sed
619 339 827 390 quantum
843 337 898 377 ad
914 336 1183 377 voluntatem
1200 334 1312 375 inde¬

303 416 611 456 terminabilem
633 419 675 455 et
689 413 1052 455 inrectificabilem
1068 423 1154 452 non
1174 413 1316 462 potest

307 492 387 531 dici
411 492 613 542 practica,
652 492 750 542 quia
781 491 966 543 cognitio
1008 490 1178 541 proprie
1216 499 1313 539 pra¬

306 567 411 605 ctica
457 577 510 606 ex
547 577 676 617 supra
724 566 878 605 liabitis
924 568 1009 605 tres
1051 563 1316 604 conditiones

305 642 499 693 requirit,
537 643 656 692 quod
692 642 746 681 sit
785 642 901 691 prior
927 641 1062 691 praxi,
1109 639 1227 690 quod
1265 639 1317 678 sit

305 717 609 758 conformativa
631 718 788 768 praxis,
818 720 860 756 et
881 716 997 767 quod
1027 716 1225 765 respiciat
1241 724 1315 754 vo¬

302 795 512 833 luntatem
536 793 926 842 determinabilem,
950 798 991 833 et
1010 791 1090 831 hoc
1121 792 1317 830 ultimum

304 869 447 910 deficit
484 870 527 909 in
567 870 730 911 divinis.
785 870 831 909 Et
867 869 962 908 haec
1009 871 1074 908 est
1114 876 1317 917 expresse

308 956 432 986 mens
452 947 666 993 Doctoris,
682 948 730 985 ut
753 944 861 984 infra
892 944 1073 994 patebit,
1096 946 1139 982 et
1166 943 1320 992 loquor

307 1031 480 1071 semper
510 1020 563 1060 de
585 1020 828 1072 cognitione
850 1020 926 1059 Dei
944 1021 1148 1067 respectu
1166 1027 1317 1056 neces¬

306 1099 529 1144 sariorum,
569 1098 668 1146 quia
707 1096 775 1135 illa
813 1097 1056 1134 necessario
1107 1092 1318 1143 praecedit

305 1177 448 1212 actum
497 1172 652 1212 divinae
692 1170 933 1211 voluntatis.
991 1170 1124 1208 Secus
1163 1171 1228 1208 est
1263 1168 1316 1207 de

302 1249 448 1290 notitia
470 1248 828 1299 contingentium,
852 1248 951 1296 quia
969 1245 1162 1294 sequitur
1175 1246 1318 1283 actum

308 1323 462 1364 divinae
513 1323 760 1365 voluntatis,
804 1325 850 1360 ut
888 1324 1004 1371 patet
1042 1321 1084 1358 in
1123 1319 1319 1368 praesenti

308 1403 542 1454 quaestione
565 1405 608 1441 et
637 1402 760 1447 infra,
786 1400 882 1440 dist.
907 1401 972 1441 39.
997 1402 1038 1440 et
1061 1400 1102 1438 in
1125 1398 1316 1449 quodlib.

307 1490 348 1529 q.
375 1480 433 1518 14.
459 1482 501 1518 et
522 1479 661 1517 littera
684 1478 795 1516 clara
817 1480 898 1516 est.

362 1558 466 1595 Tum
486 1556 584 1603 quia
604 1553 834 1593 intellectus
854 1553 1019 1592 divinus
1051 1561 1133 1589 non
1154 1552 1318 1590 discur¬

304 1634 373 1672 rit.
391 1632 472 1672 Per
488 1632 614 1670 istam
628 1632 839 1669 rationem
860 1628 968 1668 sicut
983 1631 1025 1667 et
1044 1638 1123 1676 per
1139 1628 1318 1677 priores,

305 1709 461 1758 probat
484 1706 602 1758 quod
619 1705 768 1746 nolitia
788 1704 1133 1744 necessariorum
1153 1703 1197 1742 in
1220 1702 1322 1743 divi¬

307 1785 372 1824 nis
394 1782 608 1834 praecedat
629 1786 772 1822 actum
803 1780 1050 1826 voluntatis,
1080 1779 1179 1829 quia
1200 1779 1320 1818 intel¬

309 1861 450 1900 lectus
482 1858 651 1898 divinus
670 1867 757 1897 non
781 1857 996 1902 discurrit,
1017 1854 1116 1894 ideo
1151 1856 1320 1905 cognito

310 1942 445 1992 primo
491 1940 679 1991 objecto,
720 1939 763 1977 in
792 1937 946 1977 eodem
979 1937 1153 1975 instanti
1180 1936 1323 1974 omnia

306 2017 554 2057 necessaria
575 2018 676 2055 sunt
706 2013 784 2053 sibi
813 2017 931 2052 nota.
966 2014 1015 2052 Et
1035 2012 1138 2051 dicit
1169 2013 1324 2051 Doclor

307 2093 425 2144 quod
462 2092 544 2131 hoc
585 2092 888 2142 argumentum
925 2089 1066 2127 minus
1106 2086 1324 2126 concludit

308 2179 438 2219 quam
460 2168 541 2207 alia
579 2165 884 2218 praecedentia,
910 2164 1006 2214 quia
1041 2164 1122 2203 etsi
1160 2163 1215 2203 ibi
1237 2171 1325 2202 non

311 2244 547 2292 discursus,
570 2244 714 2292 potest
737 2244 880 2279 tamen
892 2240 1136 2279 intellectus
1159 2239 1325 2279 divinus

309 2322 428 2371 prius
456 2318 700 2369 intelligere
740 2327 873 2355 unum
895 2319 937 2354 et
956 2315 1171 2366 posterius
1192 2316 1322 2363 aliud,

308 2400 356 2435 ut
375 2395 530 2436 diffuse
561 2393 743 2444 exposui
764 2403 896 2442 supra
912 2392 955 2430 in
977 2393 1046 2431 illa
1067 2391 1322 2441 quaestione:

309 2475 369 2511 An
401 2471 627 2520 Theologia
645 2470 698 2509 sit
718 2469 905 2508 scientia.

363 2547 447 2588 Sed
468 2548 510 2586 in
524 2548 605 2586 hoc
627 2544 744 2597 quod
761 2544 860 2583 dicit
880 2546 1048 2590 Doctor,
1068 2543 1185 2594 quod
1204 2544 1327 2582 intel¬

309 2626 448 2664 lectus
465 2623 630 2662 divinus
646 2624 763 2672 prius
779 2622 1002 2671 cognoscit
1016 2621 1157 2659 omnia
1177 2630 1327 2659 neces¬

313 2701 424 2740 saria
446 2701 489 2738 in
511 2699 661 2739 divinis
683 2706 814 2748 quam
839 2696 1036 2735 voluntas
1071 2694 1211 2735 divina
1229 2696 1331 2734 velit

312 2778 397 2824 illa,
420 2776 608 2816 occurrit
627 2773 824 2824 aliqualis
848 2771 1098 2819 difficultas;
1120 2774 1206 2810 tum
1231 2773 1329 2822 quia

315 2851 557 2892 secundum
594 2850 751 2900 ipsum,
788 2849 883 2888 dist.
921 2849 954 2897 1.
972 2849 1108 2897 primi
1123 2850 1263 2896 quaest.
1287 2849 1326 2886 2.

321 2929 430 2968 alibi
446 2938 565 2975 saepe,
588 2925 821 2965 intellectio
841 2927 884 2963 et
903 2922 1048 2964 volitio
1071 2923 1213 2962 divina
1236 2933 1329 2961 cum

315 3005 400 3044 sint
435 3001 725 3053 perfectiones
771 3000 1031 3049 simpliciter,
1081 2998 1332 3049 praecedunt

317 3089 490 3120 omnem
514 3079 822 3128 proprietatem
835 3075 1166 3128 hypostaticam,
1191 3078 1234 3114 et
1254 3085 1332 3124 per

318 3165 591 3204 consequens
610 3153 755 3194 volitio
780 3151 921 3192 divina
942 3151 1198 3202 inlelligitur
1217 3151 1333 3200 prior

313 3234 392 3273 ista
411 3231 589 3272 veritate
619 3229 865 3268 necessaria
887 3230 895 3266 :
918 3230 1046 3267 Pater
1083 3231 1255 3275 generat
1278 3227 1330 3275 fi¬

315 3309 433 3348 lium.
464 3307 514 3345 Et
541 3307 700 3344 Doctor
741 3302 939 3342 concedit
979 3301 1107 3350 infra,
1151 3302 1248 3342 dist.
1287 3302 1329 3341 6.

318 3383 434 3435 quod
464 3383 587 3421 Pater
606 3381 755 3420 volens
787 3382 971 3430 generat
1002 3377 1151 3417 filium.
1181 3379 1331 3427 Quaero

318 3464 419 3499 tunc
455 3470 462 3496 :
505 3469 560 3496 an
596 3457 721 3495 Pater
756 3456 800 3494 in
829 3453 901 3493 illo
946 3455 1077 3503 priori
1123 3465 1207 3503 quo
1246 3454 1334 3492 vult

320 3536 648 3587 generationem
668 3531 753 3578 filii,
776 3530 989 3580 intelligat
1003 3530 1334 3580 generationem

319 3611 419 3652 filii?
439 3614 482 3650 et
501 3612 536 3650 si
564 3609 624 3648 sic
646 3620 655 3646 :
682 3617 821 3658 quaero
858 3617 942 3652 qua
962 3606 1127 3654 notitia,
1163 3617 1217 3645 an
1239 3606 1333 3644 abs-

1390 335 1590 375 tractiva?
1636 345 1688 374 an
1731 335 1951 375 intuitiva?
1986 344 2073 374 non
2128 334 2398 380 abstractiva,

1388 413 1485 461 quia
1516 415 1579 451 est
1617 410 1891 462 imperfecta;
1935 421 2021 450 non
2059 411 2266 457 intuitiva,
2300 410 2398 461 quia

1386 486 1453 525 illa
1538 487 1732 539 sequitur
1778 488 2048 527 existentiam
2094 486 2251 537 objecti
2297 497 2405 536 prae¬

1386 563 1533 602 sentis.
1581 563 1665 603 Sed
1697 566 1794 614 quia
1834 564 1930 603 haec
1978 561 2205 602 difficultas
2240 566 2303 601 est
2334 562 2395 601 di¬

1387 638 1612 678 scutienda
1656 640 1701 678 in
1731 638 1830 678 dist.
1873 639 1934 679 10.
1977 638 2107 689 hujus
2144 637 2282 687 primi,
2329 647 2398 676 re¬

1388 714 1639 764 spondendo
1661 714 1714 753 ad
1745 715 1940 754 ultimum
1961 717 2262 764 argumentum
2285 713 2398 762 prin¬

1390 790 1540 841 cipale,
1559 789 1656 831 ideo
1678 790 1832 830 solutio
1864 789 1994 841 hujus
2016 789 2237 829 differatur
2256 798 2396 839 usque

1388 864 1460 904 ibi.

1441 940 1499 990 (b)
1519 942 1572 979 Si
1589 941 1817 990 objiciatur
1830 942 1943 990 quod
1968 944 2063 980 tunc
2081 939 2274 979 voluntas
2294 939 2400 978 divi¬

1390 1026 1445 1054 na
1464 1027 1545 1055 non
1565 1018 1642 1055 erit
1672 1018 1819 1065 prima
1837 1017 2006 1066 regula,
2039 1019 2121 1055 etc.
2148 1014 2218 1055 IIic
2246 1015 2405 1054 Doctor

1389 1089 1490 1131 facit
1513 1094 1597 1131 tres
1618 1092 1808 1131 rationes
1830 1102 1925 1131 cum
1946 1102 2032 1131 una
2063 1090 2403 1136 confirmatione,

1391 1167 1613 1217 probando
1663 1167 1779 1217 quod
1828 1168 1975 1207 notitia
2023 1167 2281 1217 Theologica
2327 1164 2406 1204 Dei

1390 1246 1593 1293 respectu
1621 1245 1967 1283 necessariorum
1988 1254 2075 1283 non
2108 1243 2277 1282 dicatur
2302 1252 2405 1281 vere

1393 1320 1594 1369 practica,
1629 1323 1671 1359 et
1696 1319 1768 1358 dat
1807 1320 1913 1359 duas
1942 1320 2266 1369 responsiones,
2301 1321 2342 1357 et
2363 1318 2404 1356 in

1392 1396 1528 1444 prima
1568 1395 1766 1435 concedit
1808 1394 1924 1446 quod
1963 1396 2017 1434 sit
2057 1405 2159 1435 vere
2199 1395 2401 1443 practica,

1395 1472 1493 1521 quia
1514 1471 1645 1511 habet
1679 1474 1763 1510 tres
1795 1470 2080 1519 conditiones,
2116 1469 2281 1510 scilicet
2309 1469 2408 1519 quia

1393 1548 1509 1596 prior
1545 1548 1680 1597 praxi,
1721 1548 1925 1588 directiva
1965 1549 2106 1597 praxis
2138 1551 2178 1586 et
2210 1547 2409 1586 voluntas

1395 1627 1460 1662 est
1498 1623 1800 1673 practicabilis.
1841 1625 1907 1664 Sic
1940 1621 2249 1672 intelligendo,
2291 1620 2410 1672 quod

1396 1709 1447 1738 ex
1488 1699 1755 1749 perfectione
1797 1700 2028 1739 voluntatis
2058 1702 2124 1738 est
2161 1696 2278 1749 quod
2316 1697 2407 1746 ipsa

1396 1778 1560 1814 tantum
1580 1779 1678 1814 nata
1709 1778 1775 1814 est
1804 1773 2081 1814 conformiter
2101 1784 2233 1824 agere
2257 1776 2410 1823 poten¬

1394 1852 1460 1891 tiae
1508 1852 1636 1901 priori
1685 1851 1729 1889 in
1774 1849 1973 1902 agendo,
2032 1850 2115 1889 hoc
2169 1852 2235 1889 est
2291 1848 2410 1899 quod

1397 1930 1563 1966 tantum
1609 1929 1724 1967 novit
1752 1928 1870 1977 prius
1901 1930 2109 1977 quantum
2146 1927 2292 1977 posset
2312 1936 2411 1965 nos-

1396 2012 1457 2050 se,
1496 2014 1581 2042 non
1618 2006 1761 2042 autem
1801 2002 1917 2054 quod
1967 2003 2019 2041 sit
2068 2001 2406 2041 determinabilis

1397 2078 1448 2116 ab
1481 2079 1723 2126 intellectu,
1760 2079 1858 2128 quia
1895 2078 1977 2117 hoc
2017 2077 2117 2116 dicit
2151 2075 2416 2126 imperfecti¬

1397 2164 1542 2193 onem.
1577 2153 1774 2194 Secunda
1796 2155 2020 2204 responsio
2067 2156 2132 2193 est
2166 2152 2283 2204 quod
2323 2151 2417 2191 talis

1398 2230 1548 2269 notitia
1604 2239 1692 2268 non
1754 2229 1920 2269 dicatur
1978 2229 2150 2279 proprie
2207 2228 2412 2277 practica,

1400 2306 1498 2356 quia
1545 2304 1688 2345 deficit
1743 2305 1824 2346 sibi
1880 2305 2003 2346 tertia
2056 2304 2259 2352 conditio,
2317 2304 2415 2354 quia

1398 2382 1595 2423 voluntas
1635 2381 1776 2421 divina
1809 2382 1926 2421 nullo
1957 2380 2086 2420 modo
2126 2383 2192 2420 est
2226 2381 2417 2429 potentia

1399 2457 1698 2507 practicabilis,
1732 2461 1773 2496 et
1810 2458 1921 2496 hanc
1962 2457 2197 2496 secundam
2236 2466 2417 2507 respon¬

1400 2533 1568 2573 sionem
1589 2532 1760 2575 videtur
1793 2535 1934 2585 magis
1972 2533 2230 2583 approbare,
2256 2535 2298 2571 et
2318 2532 2420 2571 licet

1402 2613 1488 2650 tota
1516 2610 1656 2650 littera
1696 2608 1808 2649 clara
1829 2610 1882 2649 sit
1908 2619 2047 2659 usque
2086 2608 2143 2648 ad
2175 2608 2419 2648 secundum

1402 2686 1641 2726 articulum.

1455 2771 1508 2824 (c)
1537 2775 1712 2823 Expono
1736 2775 1878 2812 tamen
1901 2772 2043 2821 aliqua
2066 2771 2178 2811 dicta
2199 2771 2242 2809 in
2262 2771 2416 2811 littera.

1403 2849 1508 2888 Cum
1531 2846 1632 2888 dicit
1652 2848 1803 2897 primo,
1839 2847 1956 2899 quod
1993 2849 2097 2886 sicut
2119 2847 2293 2886 libertas
2322 2849 2414 2886 uni¬

1401 2927 1624 2965 versaliter
1654 2928 1735 2964 stat
1765 2936 1860 2964 cum
1900 2925 2228 2972 apprehensione
2259 2923 2419 2974 objecti

1398 3002 1580 3049 praevia,
1601 2999 1646 3040 id
1677 3003 1742 3040 est
1764 3000 1881 3051 quod
1911 3002 2052 3039 stante
2073 2999 2419 3049 apprehensione

1404 3078 1579 3128 objecti,
1609 3077 1809 3116 voluntas
1849 3078 1959 3116 circa
1979 3076 2086 3115 illud
2115 3078 2259 3126 potest
2285 3075 2420 3115 libere

1406 3153 1561 3193 elicere
1601 3154 1758 3199 actum,
1786 3152 1887 3191 licet
1925 3152 2019 3191 talis
2050 3149 2345 3200 apprehensio
2368 3150 2422 3189 sit

1404 3228 1653 3278 simpliciter
1672 3228 1934 3275 necessaria,
1959 3232 1995 3266 et
2013 3229 2073 3266 ita
2094 3237 2262 3265 summa
2293 3226 2419 3265 liber¬

1405 3309 1470 3344 tas
1489 3308 1570 3344 stat
1590 3315 1684 3343 cum
1707 3315 1875 3343 summa
1895 3304 2227 3352 apprehensione
2240 3302 2424 3351 praevia;

1406 3382 1681 3430 apprehensio
1725 3384 1869 3419 autem
1910 3381 2068 3427 praxis
2109 3378 2426 3429 perfectissima

1405 3456 1509 3508 (sive
1525 3456 1813 3507 apprehensio
1827 3455 1985 3506 objecti
2001 3454 2324 3505 perfectissima,
2342 3454 2423 3492 cir¬

1407 3543 1455 3570 ca
1486 3532 1603 3581 quod
1636 3532 1835 3571 voluntas
1856 3534 1951 3570 nata
1978 3534 2042 3570 est
2063 3531 2219 3570 elicere
2241 3527 2422 3581 praxim)

1408 3607 1584 3647 includit
1632 3608 1826 3646 notitiam
1871 3618 1944 3648 con
1949 3607 2206 3655 formitatis,
2256 3607 2422 3655 quando
