2653 3979
218 315 307 363 ipsa
328 318 559 356 necessario
582 318 763 357 convenit
777 316 928 366 praxi,
951 316 994 356 id
1016 320 1080 356 est
1100 317 1216 367 quod

215 390 306 430 talis
354 393 638 441 apprehensio
671 396 737 433 est
781 394 849 433 vel
881 392 1116 432 formaliter
1152 392 1220 432 vel

210 462 375 501 Virtual!
381 465 445 502 ter
472 464 564 514 ipsa
597 463 812 503 rectitudo
842 464 1001 514 praxis,
1021 467 1069 502 ut
1088 473 1219 512 supra

211 538 403 587 exposui,
442 544 484 578 et
504 541 583 589 hoc
607 541 772 589 quando
801 542 906 589 ipsa,
946 539 1108 578 scilicet
1140 550 1214 588 ap¬

210 613 439 662 prehensio
462 617 695 655 necessario
717 617 900 655 convenit
920 618 1067 664 praxi,
1089 614 1133 654 id
1154 617 1219 653 est

211 688 382 738 quando
413 691 501 740 ipsa
534 692 775 730 necessario
799 694 864 730 est
884 693 1016 729 recta.
1040 690 1130 728 Non
1153 691 1216 727 est

208 769 348 805 autem
399 767 643 806 necessario
683 770 800 806 recta
836 766 917 806 nisi
954 766 1006 805 ab
1045 766 1216 816 objecto

206 842 468 890 necessario,
511 843 625 892 quod
666 841 737 881 dat
765 842 1009 882 necessario
1041 843 1213 880 rectitu¬

208 916 351 955 dinem
373 919 507 967 praxi,
531 920 574 956 ut
597 929 724 967 supra
758 918 858 965 dixi,
882 922 923 957 et
945 916 1097 955 dicitur
1118 925 1216 954 con¬

205 995 349 1032 venire
388 994 630 1034 necessario
670 995 809 1044 praxi,
855 993 954 1044 quia
996 993 1125 1032 habet
1163 990 1214 1029 ab

204 1070 373 1120 objecto
396 1071 641 1110 necessario
663 1071 773 1110 hanc
802 1068 1123 1114 rectitudinem,
1147 1065 1217 1105 cui

204 1147 346 1194 praxis
369 1145 645 1186 conforrniter
667 1150 729 1185 est
760 1144 985 1185 elicienda.

255 1220 320 1273 (d)
362 1225 465 1261 Cum
511 1223 690 1262 ulterius
736 1224 921 1269 additur,
967 1222 1078 1270 quod
1119 1224 1215 1259 tunc

201 1297 394 1337 voluntas
422 1301 474 1338 sit
506 1300 781 1338 determinata
819 1298 1000 1344 aliunde,
1029 1297 1071 1336 id
1094 1299 1159 1336 est
1190 1306 1214 1334 a

204 1376 275 1414 tali
297 1376 645 1424 apprehensione
666 1375 844 1426 objecti,
877 1373 1117 1423 negandum
1141 1376 1212 1418 est,

201 1452 409 1501 loquendo
451 1453 500 1491 de
538 1452 881 1491 determinatione
920 1461 1011 1499 quae
1047 1450 1093 1498 (it
1132 1459 1213 1497 per

202 1539 329 1578 agens
341 1528 567 1578 sufficiens,
590 1528 701 1566 sicut
729 1527 908 1567 dicimus
937 1525 1052 1576 quod
1086 1536 1212 1564 causa

199 1605 335 1655 prima
357 1604 615 1644 determinat
634 1603 873 1643 secundum
896 1601 950 1641 ad
973 1601 1209 1652 agendum,

200 1681 269 1720 vel
290 1680 406 1730 quod
445 1682 560 1720 calor
581 1681 622 1719 in
642 1680 756 1731 ligno
783 1679 1045 1719 sufficienter
1067 1678 1207 1717 deter¬

200 1760 335 1798 minat
369 1757 510 1808 ipsum
543 1756 597 1796 ad
628 1756 863 1808 agendum,
899 1758 940 1794 et
970 1755 1052 1793 hoc
1081 1754 1208 1794 modo

202 1834 488 1886 apprehensio
526 1845 613 1873 non
661 1832 915 1873 determinat
947 1831 1211 1870 voluntatem

203 1912 383 1952 divinam
416 1913 469 1952 ad
499 1911 731 1952 volendum
768 1922 856 1949 rem
878 1908 1210 1959 apprehensam,

203 1990 301 2040 quia
319 1989 401 2028 hoc
421 1991 686 2038 repugnaret
721 1985 1042 2038 perfectissimae
1078 1985 1207 2024 liber¬

202 2066 290 2104 tati.
335 2065 381 2104 Et
423 2066 563 2114 posito
613 2062 729 2113 quod
780 2063 872 2101 talis
919 2060 1207 2111 apprehensio

202 2143 439 2189 concurrat,
486 2144 533 2179 ut
572 2139 774 2190 partialis,
798 2149 926 2178 causa
973 2136 1028 2176 ad
1067 2141 1210 2176 actum

202 2216 429 2257 voluntatis
450 2214 656 2267 (tenendo
687 2215 801 2254 illam
838 2214 1007 2254 tertiam
1035 2213 1209 2262 positio¬

200 2304 296 2333 nem
334 2292 375 2331 d.
409 2293 473 2333 25.
514 2290 710 2342 secundi)
752 2290 894 2330 adhuc
927 2290 1042 2329 nullo
1081 2289 1209 2330 modo

201 2371 521 2415 determinaret,
555 2370 654 2419 quia
680 2379 854 2419 semper
887 2368 1083 2408 voluntas
1108 2367 1211 2407 divi¬

201 2458 256 2487 na
279 2449 395 2486 esset
425 2445 700 2497 principalior
739 2456 867 2484 causa
906 2445 971 2484 sui
1009 2448 1144 2492 actus,
1167 2447 1210 2483 et

201 2524 282 2562 hoc
305 2526 384 2569 est,
402 2522 518 2573 quod
540 2522 641 2562 dicit
661 2533 813 2571 parum
832 2520 941 2562 infra
960 2521 967 2560 :
989 2521 1081 2561 licet
1104 2522 1214 2560 enim

201 2611 282 2639 non
296 2600 427 2649 possit
446 2600 676 2646 dissentire,
712 2602 791 2638 etc.

253 2685 311 2739 (e)
354 2688 440 2727 Sed
479 2697 534 2726 ex
575 2686 833 2736 perfectione
871 2686 1099 2726 voluntatis
1138 2689 1212 2731 est,

203 2765 314 2814 quod
332 2764 424 2812 ipsa
444 2766 608 2802 tantum
629 2766 729 2802 nata
750 2766 820 2808 est,
846 2766 928 2801 etc.
951 2762 1047 2801 Vult
1069 2762 1211 2801 dicere

201 2841 320 2891 quod
340 2840 514 2890 quando
538 2840 779 2880 intellectus
805 2840 972 2880 divinus
994 2840 1214 2892 cognoscit

202 2918 420 2968 objectum
437 2921 487 2956 ut
509 2916 731 2967 diligibile,
767 2918 964 2957 voluntas
994 2917 1134 2957 divina
1157 2929 1210 2956 ex

202 3004 280 3033 sua
310 3004 474 3032 summa
502 2993 696 3032 libertate
739 2994 873 3045 diligit
898 2993 1004 3032 illud
1043 2992 1211 3033 confor-

202 3071 327 3108 miter
348 3069 417 3109 tali
433 3070 602 3117 notitiae,
625 3070 818 3119 sequitur
837 3071 845 3108 :
870 3071 946 3109 hoc
967 3074 1036 3120 est,
1054 3075 1213 3111 tantum

201 3147 314 3185 novit
348 3149 488 3194 prius,
528 3146 684 3195 supple
731 3146 980 3186 intellectus
1028 3147 1213 3196 divinus,

205 3226 406 3272 quantum
431 3226 562 3272 potest
589 3233 721 3269 nosse,
763 3226 878 3272 quod
913 3224 1005 3262 dico
1041 3229 1217 3274 propter

205 3298 496 3347 contingentia,
541 3309 721 3348 quorum
761 3299 1006 3338 intellectus
1049 3299 1217 3340 divinus

205 3385 292 3414 non
330 3375 463 3414 habet
493 3386 666 3414 omnem
704 3376 899 3416 notitiam
934 3378 1033 3415 ante
1073 3379 1216 3415 actum

202 3449 437 3489 voluntatis
457 3449 621 3493 divinae,
652 3454 699 3489 ut
720 3454 840 3501 patet
857 3462 881 3490 a
902 3451 1088 3491 Doctore
1109 3451 1217 3491 infra

207 3523 302 3564 dist.
327 3526 392 3564 39.
422 3525 520 3566 ideo
552 3527 667 3565 circa
704 3526 789 3574 illa,
823 3537 912 3566 non
942 3530 1111 3575 oportet
1139 3538 1218 3568 vo¬

205 3600 413 3640 luntatem
460 3601 650 3642 divinam
697 3601 972 3643 conforrniter
1009 3614 1140 3654 agere
1172 3607 1220 3642 ut

1292 320 1491 367 potentiae
1529 318 1669 368 priori,
1711 332 1808 360 cum
1847 323 2033 373 cognitio
2068 323 2211 362 talium
2249 324 2302 362 sit

1300 393 1548 443 simpliciter
1585 399 1810 446 posterior,
1862 399 1955 448 quia
1995 399 2102 448 ipsa,
2142 399 2306 440 scilicet

1291 472 1482 517 potentia
1502 471 1762 512 intellectiva
1781 483 1869 513 non
1892 477 2008 524 prius
2028 474 2304 515 conforrniter

1293 545 1409 584 novit
1440 546 1521 584 tale
1541 547 1774 598 objectum,
1797 549 1839 588 id
1869 553 1934 589 est
1964 549 2080 600 quod
2115 551 2300 601 cognitio

1296 619 1389 658 talis
1412 623 1699 672 contingentis
1720 625 1762 663 in
1782 625 2005 664 intellectu
2040 625 2181 664 divino
2217 636 2303 665 non

1292 697 1357 732 est
1379 696 1505 744 prior,
1537 707 1617 736 nec
1650 699 1861 747 absolute,
1898 710 1979 740 nec
2000 704 2045 740 ut
2067 699 2300 740 conforma-

1290 769 1372 808 tiva
1402 775 1499 810 actu
1519 773 1750 814 voluntatis
1770 774 1934 815 divinae.

1343 846 1558 896 Sequitur,
1578 851 1650 889 sed
1676 861 1840 900 semper
1861 851 1985 890 aliter
2004 853 2155 892 accidit
2184 853 2300 892 circa

1290 923 1587 969 cognoscibilia
1625 928 1860 965 necessaria
1887 938 1941 966 ex
1968 939 2024 973 se,
2057 928 2156 977 quia
2203 928 2297 967 talis

1291 997 1475 1047 cognitio
1509 1001 1709 1048 praecedit
1728 1005 1775 1040 ut
1796 1002 1909 1051 prior
1937 1003 2152 1051 absolute,
2184 1006 2227 1043 et
2252 1008 2298 1043 ut

1287 1074 1405 1121 prior
1431 1074 1475 1112 in
1501 1074 1829 1124 conformando,
1861 1081 1902 1116 et
1939 1078 2040 1118 dicit
2059 1081 2300 1119 necessaria

1288 1158 1343 1187 ex
1373 1161 1429 1197 se,
1467 1151 1607 1200 qualia
1637 1156 1737 1192 sunt
1777 1154 1918 1193 omnia
1951 1156 2181 1195 intrinseca
2220 1156 2298 1206 ipsi

1288 1225 1392 1265 Deo.
1408 1227 1675 1274 Quidditates
1696 1241 1796 1269 vero
1821 1242 1911 1281 quae
1929 1234 2029 1270 sunt
2048 1232 2099 1271 ab
2123 1235 2298 1278 aeterno,

1287 1304 1386 1340 sunt
1418 1305 1581 1342 tantum
1629 1306 1878 1345 necessariae
1916 1307 2156 1347 secundum
2179 1309 2298 1358 quid,

1287 1381 1328 1415 et
1348 1378 1390 1416 in
1414 1378 1483 1417 tali
1506 1381 1633 1419 etiam
1656 1392 1752 1420 esse
1786 1381 2039 1431 dependent
2061 1385 2113 1422 ab
2133 1383 2300 1424 intelle¬

1288 1454 1358 1491 ctu
1380 1453 1538 1502 divino,
1560 1459 1608 1494 ut
1628 1460 1745 1506 patet
1765 1469 1788 1496 a
1810 1459 1991 1498 Doctore
2013 1457 2122 1498 infra
2146 1460 2239 1499 dist.
2258 1462 2296 1500 3.

1287 1533 1426 1576 quaesi.
1463 1531 1502 1570 4.
1538 1532 1632 1570 dist.
1673 1533 1736 1572 35.
1777 1533 1840 1572 36.
1876 1534 1940 1574 42.
1979 1536 2020 1573 et
2050 1536 2094 1574 in
2119 1537 2297 1575 secundo

1286 1605 1378 1645 dist.
1414 1606 1447 1654 1.
1483 1611 1624 1654 quaest.
1662 1609 1694 1646 1.
1731 1613 1768 1648 et
1797 1610 1840 1648 in
1870 1610 2027 1659 quolib.
2063 1614 2203 1660 quaest.
2232 1613 2293 1652 14.

1283 1681 1330 1720 Et
1351 1681 1467 1731 quod
1489 1682 1615 1721 etiam
1647 1683 1762 1733 dicit,
1784 1685 1899 1734 quod
1929 1686 2126 1725 voluntas
2157 1686 2294 1726 divina

1287 1758 1526 1797 necessario
1550 1759 1838 1799 conformatur
1860 1761 1929 1800 tali
1957 1763 2292 1812 apprehensioni

1284 1835 1641 1883 necessariorum,
1666 1847 1751 1875 non
1782 1839 2026 1878 necessario
2058 1838 2295 1880 conforma¬

1283 1915 1350 1952 tur
1367 1917 1415 1953 ut
1438 1924 1578 1954 causae
1601 1917 1842 1956 necessario
1874 1918 2132 1967 producenti
2155 1922 2198 1958 et
2221 1920 2293 1959 de¬

1283 1992 1547 2040 terminanti;
1589 1992 1668 2032 sed
1704 1994 1785 2033 hoc
1825 1997 1890 2033 est
1925 2006 1977 2034 ex
2016 2006 2093 2035 sua
2129 1995 2294 2037 infinita

1283 2067 1562 2115 perfectione,
1601 2069 1711 2119 quod
1750 2069 1922 2120 quando
1945 2071 2189 2110 ostenditur
2212 2072 2293 2111 sibi

1285 2142 1337 2182 ab
1359 2144 1582 2183 intellectu
1625 2145 1848 2196 objectum
1886 2146 2121 2186 formaliter
2160 2146 2296 2188 infini¬

1286 2221 1391 2267 tum,
1432 2223 1474 2259 et
1510 2219 1674 2261 infinita
1712 2221 1942 2262 dilectione
1983 2223 2206 2274 diligibile,
2251 2229 2294 2264 et

1285 2298 1525 2337 necessario
1550 2297 1686 2349 diligit
1713 2298 1818 2338 illud
1846 2304 1891 2338 ut
1921 2302 2058 2351 magis
2088 2300 2195 2340 infra
2219 2314 2286 2352 pa¬

1287 2375 1393 2414 tebit
1413 2374 1508 2414 dist.
1537 2375 1596 2414 10.
1637 2376 1832 2426 Sequens
1854 2377 1989 2416 littera
2022 2388 2107 2416 non
2128 2377 2296 2427 indiget

1286 2452 1552 2501 expositione
1576 2463 1672 2491 cum
1701 2452 1768 2491 hic
1789 2454 1842 2492 sit
1870 2453 1996 2501 clara,
2030 2457 2072 2493 et
2092 2455 2219 2493 etiam
2241 2466 2295 2494 ex

1286 2528 1556 2578 supradictis.

1663 2710 1921 2748 SCHOLIUM.

1334 2832 1465 2876 Quoad
1511 2833 1770 2878 Theologiam
1808 2836 2148 2882 contingentium,
2187 2840 2301 2878 docet

1288 2907 1375 2934 eam
1399 2907 1485 2932 esse
1511 2899 1729 2942 practicam
1745 2899 1786 2933 in
1808 2899 2019 2937 intellectu
2036 2906 2182 2947 creato,
2207 2907 2302 2951 quia

1294 2963 1335 2999 in
1357 2972 1402 2998 eo
1423 2964 1549 3007 potest
1563 2971 1650 2998 esse
1671 2962 1891 2999 conformis
1912 2967 2044 3009 praxi,
2068 2969 2107 3002 et
2133 2971 2302 3005 natura¬

1288 3026 1381 3063 liter
1419 3026 1531 3071 prior
1552 3026 1594 3071 ip
1618 3036 1652 3062 a.
1687 3029 1736 3062 At
1757 3027 1797 3062 in
1819 3028 2030 3065 intellectu
2069 3029 2210 3067 divino
2243 3036 2302 3069 est

1289 3089 1543 3134 speculativa
1563 3092 1748 3134 respectu
1770 3091 1948 3135 propriae
1970 3093 2197 3136 volitionis,
2221 3106 2299 3141 qua

1287 3155 1538 3199 contingens,
1562 3156 1659 3199 quia
1678 3156 1809 3190 omnis
1824 3156 2022 3193 rectitudo
2059 3159 2299 3205 contingens

1288 3220 1404 3262 prius
1436 3218 1556 3254 habet
1582 3227 1669 3254 esse
1697 3229 1718 3254 a
1746 3219 1952 3256 voluntate
1988 3222 2057 3256 Dei
2090 3232 2209 3267 quam
2232 3235 2299 3260 co¬

1290 3285 1506 3326 gnoscatur
1537 3282 1585 3317 ab
1617 3283 1705 3327 ejus
1737 3283 1966 3328 intellectu,
2001 3288 2039 3321 et
2068 3287 2124 3322 sic
2156 3287 2298 3325 volitio

1290 3347 1358 3382 Dei
1380 3348 1621 3391 contingens
1654 3348 1766 3392 prior
1795 3351 1854 3383 est
1876 3350 2018 3385 notitia
2038 3351 2139 3394 ejus.
2168 3353 2300 3389 Movet

1290 3409 1474 3453 dubium,
1499 3414 1634 3446 utrum
1657 3411 1705 3446 de
1733 3411 1847 3447 nulla
1868 3414 2118 3457 contingenti
2156 3425 2301 3460 opera¬

1288 3476 1397 3510 tione
1424 3476 1545 3510 etiam
1567 3478 1769 3511 creaturae
1807 3475 1954 3511 habeat
1986 3479 2089 3512 Deus
2116 3480 2300 3517 notitiam

1290 3540 1525 3584 practicam,
1559 3541 1599 3573 et
1618 3538 1834 3584 respondet
1854 3542 2061 3585 negative,
2082 3543 2115 3577 si
2136 3545 2304 3581 tenean¬

1292 3607 1360 3640 tur
1398 3604 1489 3640 duo.
1536 3605 1744 3648 Primum,
1782 3605 1964 3641 notitiam
2004 3608 2224 3652 practicam
2265 3612 2304 3644 et
