2624 3979
326 402 478 441 dicitur
502 401 693 451 potentia
731 400 952 440 executiva
975 408 1164 450 sequens
1185 396 1328 436 deter¬

323 478 600 517 minationem
621 477 860 516 voluntatis.

375 551 435 604 (b)
488 552 601 591 Illud
640 552 834 601 primum
887 554 944 590 est
992 550 1180 590 dubium.
1227 547 1335 586 Dicit

322 630 479 667 Doctor
520 627 636 678 quod
666 632 730 667 est
768 627 960 674 dubium,
1001 624 1117 676 quod
1156 624 1210 664 ad
1252 624 1334 663 hoc

322 707 370 742 ut
400 704 539 755 aliqua
560 705 708 744 notitia
731 704 896 744 dicatur
928 704 1132 753 practica,
1168 704 1337 751 oportet

326 778 442 829 quod
473 778 525 818 sit
555 779 804 828 simpliciter
835 779 878 816 in
910 776 1064 817 eodem
1094 775 1333 826 supposito,

326 856 367 894 in
398 865 481 904 quo
520 856 663 904 praxis
699 855 864 894 elicitur
897 855 983 892 sive
1019 863 1042 891 a
1076 863 1159 902 quo
1194 852 1336 900 praxis

327 930 506 969 elicitur.
531 930 685 969 Probat
707 932 850 968 tamen
869 929 950 968 hoc
974 928 1131 978 duplici
1151 927 1336 972 ratione,

325 1004 527 1045 videlicet
548 1005 664 1055 quod
684 1005 778 1044 talis
798 1005 947 1044 notitia
978 1015 1069 1054 qua;
1089 1013 1174 1041 non
1195 1001 1337 1050 respi-

324 1081 403 1119 scit
433 1082 598 1130 praxim
632 1082 674 1120 in
705 1079 861 1120 eodem
893 1080 1136 1129 supposito,
1170 1088 1257 1117 non
1285 1077 1339 1116 sit

325 1166 425 1194 vere
476 1156 680 1205 practica,
739 1155 836 1205 quia
892 1156 926 1194 si
975 1156 1088 1193 esset
1136 1152 1334 1202 practica,

326 1234 584 1281 sequeretur
623 1229 739 1280 quod
776 1230 961 1280 cognitio
1000 1240 1112 1276 mea,
1157 1228 1210 1267 de
1256 1228 1338 1266 hoc

327 1308 445 1356 quod
485 1309 551 1345 est
587 1309 721 1345 Deum
773 1315 919 1345 creare
956 1306 1160 1344 mundum
1166 1335 1175 1351 ,
1225 1306 1339 1342 esset

328 1382 529 1432 practica,
576 1393 677 1421 nam
723 1381 907 1432 cognitio
962 1383 1026 1419 est
1073 1380 1116 1419 in
1164 1390 1248 1426 me,
1299 1381 1341 1418 et

329 1458 485 1496 creatio
532 1456 682 1495 mundi
717 1466 811 1506 quae
855 1455 1010 1495 dicitur
1053 1455 1212 1504 praxis,
1261 1465 1338 1493 suo

329 1532 456 1572 modo
498 1536 564 1571 est
599 1531 643 1571 in
680 1533 786 1571 Deo.
827 1532 1025 1571 Similiter
1067 1532 1148 1570 ista
1189 1531 1340 1580 cogni¬

328 1608 384 1646 tio
421 1612 536 1647 esset
576 1607 780 1657 practica,
817 1617 900 1656 qua
933 1615 1149 1656 cognosco
1184 1605 1341 1643 Intelli-

327 1686 518 1733 gentiam
564 1693 740 1723 movere
790 1683 973 1730 coelum;
1010 1692 1186 1721 movere
1227 1682 1341 1720 enim

329 1759 481 1799 coelum
519 1759 714 1798 effective
755 1761 820 1798 est
849 1760 892 1797 in
925 1758 1146 1808 supposito
1184 1757 1340 1796 lnlelli-

331 1837 508 1887 gentise,
533 1839 574 1875 et
592 1835 739 1876 notitia
766 1846 849 1885 qua
871 1845 1087 1885 cognosco
1111 1836 1176 1873 est
1194 1835 1237 1872 in
1258 1843 1341 1872 me.

382 1912 545 1951 Saltem
589 1913 758 1951 videtur
802 1911 880 1950 hoc
926 1911 1188 1956 concludere,
1237 1911 1346 1958 quod

331 1988 508 2036 cognitio
538 1987 728 2035 practica
762 1997 845 2025 non
873 1989 1008 2035 potest
1040 1997 1125 2025 esse
1163 1985 1346 2034 alicujus

330 2063 599 2112 intelligentis
627 2062 860 2112 inferioris,
896 2065 1095 2110 operante
1127 2062 1345 2110 superiore

331 2140 559 2178 secundum
587 2137 710 2176 illam
741 2138 938 2187 praxim.
981 2137 1158 2186 Supple,
1190 2146 1345 2175 secun¬

332 2214 431 2253 dum
463 2225 588 2264 quam
620 2218 823 2263 operatur
860 2213 1074 2263 superius,
1119 2214 1200 2251 nisi
1236 2211 1344 2251 forte

330 2290 568 2330 secundum
602 2291 717 2329 illam
748 2290 912 2340 praxim
951 2290 1200 2338 superioris,
1236 2288 1343 2327 infe¬

336 2368 422 2406 rius
468 2366 590 2416 cujus
624 2369 689 2404 est
722 2365 907 2416 cognitio
939 2364 1102 2415 aliquid
1123 2367 1342 2413 operetur,

329 2442 430 2493 quia
452 2445 552 2481 tunc
572 2441 681 2481 forte
703 2443 853 2491 posset
884 2440 1066 2480 concedi
1086 2441 1289 2489 practica.

381 2534 435 2587 (c)
465 2534 664 2574 Secunda
695 2535 802 2573 ratio
826 2536 891 2573 est
910 2534 965 2573 ibi
993 2536 1001 2572 :
1025 2536 1125 2572 Item
1146 2534 1186 2572 si
1200 2534 1343 2582 cogni¬

328 2613 384 2651 tio
413 2612 624 2661 practica,
661 2614 704 2650 et
734 2611 843 2650 ratio
873 2613 957 2649 stat
983 2611 1026 2650 in
1053 2610 1150 2657 hoc,
1172 2611 1268 2659 quia
1292 2620 1344 2648 ex

329 2699 413 2738 quo
437 2688 624 2739 cognitio
646 2687 836 2737 practica
874 2686 1045 2725 videtur
1064 2686 1224 2725 habere
1248 2696 1342 2724 cau-

327 2764 540 2802 salitatem
579 2767 782 2812 respectu
815 2763 957 2811 praxis
992 2760 1234 2806 eliciendae,
1265 2759 1344 2799 sed

328 2840 513 2890 cognitio
543 2849 641 2877 mea
664 2849 748 2888 qua
772 2848 990 2889 cognosco
1012 2836 1227 2888 Angelum
1248 2848 1342 2876 mo¬

325 2926 426 2955 vere
462 2915 634 2960 coelum,
675 2915 839 2953 nullam
880 2913 1174 2952 causalitatem
1213 2913 1343 2952 habet

324 2995 529 3040 respectu
561 2991 656 3029 talis
685 2993 856 3035 motus;
889 2990 924 3028 si
964 3000 1066 3040 ergo
1098 2989 1230 3028 habet
1265 2988 1341 3027 ali¬

327 3078 456 3117 quam
479 3066 773 3105 causalitatem
806 3068 971 3104 tantum
990 3065 1166 3104 habebit
1194 3075 1342 3113 respe¬

327 3147 398 3180 ctu
436 3142 578 3191 praxis
617 3140 841 3180 eliciendae
872 3151 893 3179 a
926 3141 1147 3189 supposito
1179 3139 1222 3178 in
1257 3150 1340 3189 quo

324 3220 389 3256 est
408 3216 595 3267 cognitio
629 3217 736 3263 talis,
760 3220 801 3254 et
821 3217 882 3255 sic
903 3227 991 3255 non
1023 3217 1103 3254 erit
1132 3216 1336 3265 practica,

322 3295 526 3342 respectu
547 3293 688 3340 praxis
709 3290 929 3330 eliciendae
941 3291 984 3329 in
1000 3291 1079 3328 alio
1097 3290 1337 3340 supposito.

377 3370 546 3406 Contra.
570 3366 642 3405 Hic
661 3366 801 3417 arguit
820 3367 978 3405 Doctor
1000 3365 1116 3416 quod
1138 3365 1173 3404 si
1194 3365 1339 3416 cogni¬

323 3445 379 3483 tio
410 3443 489 3482 ista
524 3453 607 3492 qua
642 3452 857 3492 cognosco
889 3442 1221 3492 Intelligentiam
1243 3451 1336 3479 mo¬

320 3529 422 3558 vere
456 3519 627 3564 coelum,
663 3528 750 3556 non
783 3524 848 3556 est
878 3518 1093 3567 practica;
1131 3528 1234 3568 ergo
1259 3519 1338 3556 erit

318 3594 598 3644 speculativa,
621 3596 664 3632 et
696 3596 840 3632 tamen
864 3592 1048 3643 cognitio
1072 3603 1156 3642 qua
1180 3593 1335 3631 lnlelli-

316 3672 462 3724 gentia
496 3672 720 3721 cognoscit
756 3681 804 3709 se
841 3680 1016 3709 movere
1051 3670 1222 3716 coelum,
1256 3670 1335 3708 erit

1405 394 1607 444 practica,
1641 398 1688 434 ut
1716 397 1858 445 patet;
1898 398 1940 435 et
1966 395 2024 434 sic
2054 394 2107 435 de
2139 395 2286 435 eadem
2311 406 2412 435 con¬

1407 471 1596 511 clusione
1635 472 1794 522 poterit
1827 481 1921 511 esse
1955 472 2102 511 notitia
2148 473 2330 521 practica
2372 474 2414 510 et

1408 547 1687 596 speculativa,
1739 547 1854 597 quod
1906 550 1968 586 est
2006 546 2328 586 inconveniens.
2370 547 2418 584 Et

1409 622 1580 662 declaro
1613 623 1738 662 istam
1768 623 1968 662 litteram.
2005 622 2108 661 Cum
2132 621 2232 661 dicit
2255 624 2263 660 :
2287 622 2420 670 Igitur

1408 701 1457 738 de
1491 699 1648 744 eodem,
1688 701 1790 747 puta
1821 699 1989 750 objecto
2020 698 2088 737 vel
2123 698 2414 742 conclusione,

1408 784 1516 812 unus
1552 773 1784 813 intellectus
1823 774 1994 813 haberet
2032 774 2226 812 notitiam
2251 774 2419 822 practi-

1410 858 1518 893 cam,
1539 849 1703 888 scilicet
1722 849 1792 887 ille
1813 848 2072 894 intellectus,
2095 848 2218 898 cujus
2251 858 2417 897 suppo¬

1410 926 1538 963 situm
1567 925 1700 964 habet
1718 927 1760 962 in
1782 929 1996 974 potestate
2016 936 2092 964 sua
2113 925 2328 964 actionem
2353 924 2421 962 vel

1411 1000 1590 1047 praxim.
1626 1000 1743 1038 Alius
1770 1000 2089 1048 speculativam,
2117 1000 2278 1038 scilicet
2296 999 2424 1038 intel¬

1411 1073 1550 1113 lectus
1591 1075 1714 1125 cujus
1751 1076 2024 1124 suppositum
2073 1085 2160 1114 non
2204 1075 2336 1114 habet
2383 1076 2426 1113 in

1412 1152 1626 1197 potestate
1660 1161 1737 1189 sua
1769 1150 1948 1200 praxim,
1983 1151 2093 1189 sicut
2127 1153 2192 1190 est
2223 1149 2276 1188 de
2307 1150 2384 1188 ista
2419 1161 2426 1186 :

1416 1228 1623 1275 Cognosco
1669 1227 1873 1276 Angelum
1919 1237 2088 1267 movere
2130 1226 2295 1266 coelum.
2346 1226 2426 1264 Ista

1415 1302 1603 1353 cognitio
1644 1313 1731 1342 non
1773 1303 1851 1342 erit
1897 1303 2100 1352 practica,
2142 1303 2241 1353 quia
2281 1302 2424 1351 praxis

1415 1387 1506 1426 quae
1528 1380 1591 1416 est
1612 1389 1777 1417 movere
1798 1379 1964 1425 coelum,
1980 1389 2068 1418 non
2090 1382 2154 1417 est
2172 1378 2213 1417 in
2235 1379 2423 1427 potesta¬

1414 1462 1453 1497 te
1492 1469 1587 1498 mea
1605 1470 1613 1505 ;
1647 1470 1774 1499 secus
1808 1462 1842 1498 si
1876 1460 1967 1499 talis
1987 1461 2129 1510 praXis
2159 1462 2306 1509 posset
2325 1468 2421 1497 esse

1413 1534 1455 1572 in
1477 1537 1689 1583 potestate
1710 1545 1820 1575 mea.
1855 1537 1904 1575 Et
1936 1536 2016 1575 hoc
2044 1540 2109 1575 est
2138 1534 2255 1585 quod
2274 1535 2422 1584 sequi-
2440 1565 2453 1604 Q

1414 1614 1481 1648 tur
1505 1615 1512 1650 :
1537 1612 1588 1650 Si
1599 1612 1758 1658 praxis
1786 1614 1887 1651 esset
1917 1611 2131 1658 possibilis
2158 1613 2235 1649 uni
2264 1610 2423 1649 intelli-

1413 1688 1528 1734 genti
1557 1690 1594 1724 et
1619 1697 1699 1725 non
1729 1688 1820 1726 alii.
1854 1686 2104 1737 Respondet
2141 1688 2299 1725 Doctor
2326 1687 2382 1725 ibi
2413 1698 2422 1724 :

1416 1762 1476 1801 Ad
1510 1763 1586 1801 hoc
1599 1765 1734 1811 potest
1763 1764 1848 1802 dici
1865 1764 1978 1811 quod
1989 1763 2184 1811 perfecta
2202 1764 2424 1802 rectitudo.

1468 1837 1541 1876 Hic
1587 1839 1744 1877 Doctor
1791 1848 1996 1887 expresse
2044 1838 2259 1883 concedit,
2310 1837 2427 1888 quod

1418 1915 1580 1962 quaevis
1617 1912 1768 1954 notitia
1805 1914 1858 1952 sit
1893 1914 1936 1952 in
1974 1925 2061 1953 uno
2107 1914 2346 1963 supposito,
2386 1916 2427 1952 et

1416 1992 1558 2040 praxis
1577 1991 1621 2029 in
1642 1991 1722 2029 alio
1745 1991 1983 2041 supposito,
2007 1991 2123 2041 quod
2150 1991 2241 2030 talis
2273 1991 2420 2030 notitia

1420 2068 1497 2104 erit
1518 2077 1615 2105 vere
1636 2068 1839 2116 practica,
1861 2069 1896 2106 si
1917 2066 2048 2106 dictet
2070 2067 2123 2105 de
2145 2067 2422 2106 circumstan¬

1420 2142 1499 2188 tiis,
1524 2144 1566 2180 et
1585 2153 1672 2180 una
1700 2142 1752 2180 de
1784 2143 2127 2189 circumstantiis,
2158 2151 2255 2192 quae
2285 2142 2425 2190 requi¬

1416 2219 1522 2257 ritur
1542 2229 1595 2257 ex
1624 2220 1940 2258 circumstantia
1972 2228 2110 2258 causae
2130 2218 2218 2258 sive
2240 2228 2426 2267 operan¬

1421 2294 1484 2340 tis,
1517 2298 1563 2334 ut
1587 2298 1707 2344 patet
1727 2306 1749 2333 a
1770 2295 1954 2334 Doctore
1973 2295 2018 2334 in
2037 2296 2074 2334 2.
2099 2296 2192 2334 dist.
2215 2295 2279 2333 40.
2304 2297 2347 2332 et
2366 2294 2426 2333 sic

1419 2369 1603 2419 cognitio
1636 2381 1715 2420 qua
1751 2381 1964 2420 cognosco
1999 2372 2136 2409 Deum
2163 2381 2258 2409 esse
2281 2379 2427 2408 aman¬

1418 2444 1534 2491 dum,
1565 2448 1666 2494 puta
1702 2446 1753 2485 ab
1786 2446 1968 2496 Angelo,
2003 2449 2068 2485 est
2094 2457 2194 2485 vere
2223 2447 2425 2495 practica,

1418 2521 1517 2570 quia
1546 2525 1611 2560 est
1638 2521 1843 2561 directiva
1878 2525 2085 2572 quantum
2119 2525 2184 2561 est
2218 2521 2272 2561 de
2304 2531 2350 2560 se
2385 2521 2428 2559 in

1416 2598 1595 2644 praxim.
1618 2599 1667 2636 Et
1688 2598 1879 2636 similiter
1899 2597 2083 2648 cognitio
2120 2608 2204 2647 qua
2236 2597 2428 2648 Angelus

1417 2673 1639 2724 cognoscit
1675 2672 1836 2712 homini
1857 2683 1954 2712 esse
1980 2672 2282 2724 jejunandum,
2309 2675 2352 2712 et
2371 2675 2426 2714 si¬

1416 2748 1572 2787 militer
1593 2749 1778 2799 cognitio
1802 2760 1885 2799 qua
1903 2750 2015 2788 Deus
2051 2751 2274 2799 cognoscit
2296 2749 2428 2788 homi¬

1415 2823 1456 2861 ni
1487 2834 1583 2862 esse
1608 2823 1910 2874 jejunandum.
1943 2825 1991 2862 Et
2021 2823 2080 2862 sic
2107 2823 2308 2863 concedit
2342 2824 2425 2863 Do¬

1415 2902 1506 2936 ctor
1528 2899 1645 2948 quod
1667 2900 1802 2949 prima
1834 2899 2029 2948 probatio
2062 2899 2191 2938 infert
2225 2903 2428 2949 tanquam

1411 2973 1737 3021 inconveniens,
1777 2975 1822 3014 id
1856 2978 1922 3014 est
1955 2975 2073 3025 quod
2113 2974 2314 3014 concedit
2346 2975 2428 3013 hoc

1416 3051 1533 3100 quod
1555 3053 1741 3101 cognitio
1763 3062 1876 3095 mea,
1895 3050 1947 3090 de
1969 3051 2052 3090 hoc
2073 3051 2190 3101 quod
2211 3053 2276 3089 est
2296 3053 2429 3089 Deum

1413 3137 1559 3165 creare
1579 3129 1800 3174 mundum,
1830 3128 1898 3166 vel
1928 3127 1981 3166 de
2012 3127 2095 3166 hoc
2128 3127 2245 3177 quod
2273 3130 2338 3166 est
2359 3130 2425 3165 In¬

1412 3202 1687 3251 telligentiam
1713 3213 1878 3241 movere
1909 3203 2061 3242 coelum
2065 3234 2072 3245 ,
2106 3205 2159 3242 sit
2190 3213 2291 3241 vere
2323 3213 2425 3251 pra¬

1413 3279 1535 3324 ctica,
1572 3277 1688 3328 quod
1724 3278 1783 3317 ibi
1818 3279 2082 3319 inferebatur
2121 3281 2326 3328 tanquam
2364 3279 2426 3316 in¬

1413 3355 1693 3393 conveniens.

1463 3444 1523 3497 (d)
1552 3448 1602 3486 Et
1633 3447 1672 3484 si
1701 3446 1944 3495 objiciatur,
1979 3448 2092 3494 quod
2123 3458 2205 3485 non
2235 3445 2429 3485 salvatur

1405 3522 1613 3568 priorftas
1628 3522 1835 3569 practicse
1855 3523 2114 3570 cognitionis,
2139 3525 2221 3561 etc.

1459 3595 1710 3645 Respondet
1739 3598 1896 3636 Doctor
1925 3598 1984 3637 ibi
2011 3599 2019 3636 :
2053 3599 2291 3646 Respondeo
2299 3599 2306 3643 ,
2338 3599 2419 3636 ista

1402 3672 1622 3718 prioritas.
1664 3672 1771 3710 Dicit
1820 3672 1935 3722 quod
1984 3673 2176 3723 quamvis
2225 3673 2412 3723 cognitio
