2624 3979
342 336 420 374 erit
440 337 677 384 practicum
699 345 739 380 et
755 344 1080 391 speculativum.
1107 346 1214 385 Dicit
1235 345 1351 396 quod

343 421 438 450 esse
469 414 704 461 practicum
735 427 785 456 ex
807 419 974 470 objecto
998 425 1038 460 et
1069 430 1162 461 esse
1192 433 1271 471 per
1306 432 1352 460 se

340 487 654 535 speculativum
684 501 735 530 ex
755 492 925 543 objecto
945 505 1025 545 per
1045 506 1090 535 se
1125 507 1353 546 opponun¬

340 567 419 611 tur,
453 568 494 604 et
514 564 574 604 sic
592 566 745 607 eadem
760 569 938 611 scientia
955 581 1039 612 non
1057 578 1196 624 potest
1217 585 1293 624 per
1305 585 1351 614 se

339 649 436 679 esse
458 643 643 690 practica
665 649 706 684 et
734 648 997 696 speculativa
1040 661 1118 699 per
1134 661 1180 689 se
1201 661 1252 689 ex
1273 651 1350 690 ob¬

334 712 469 763 jecto,
491 716 569 756 sed
595 718 708 758 bene
736 721 877 771 aliqua
905 724 1090 774 cognitio
1113 736 1206 775 quae
1227 736 1277 765 ex
1307 736 1352 765 se

338 797 401 832 est
421 793 686 842 speculativa
709 802 849 847 potest
870 799 951 838 dici
971 802 1171 849 practica,
1193 811 1280 840 non
1301 814 1353 843 ex

336 867 406 906 illo
437 868 608 920 objecto
632 872 745 922 quod
769 875 956 925 respicit,
980 885 1060 915 nec
1083 888 1134 916 ex
1154 878 1253 925 alio,
1274 878 1352 918 sed

340 944 515 984 aliunde
539 977 549 993 ,
581 952 681 997 puta
721 959 744 987 a
783 950 1000 990 voluntate
1042 951 1351 993 determinante

340 1019 604 1062 intellectum
622 1022 677 1061 ad
693 1026 883 1064 notitiam
904 1028 1062 1076 praxis,
1086 1029 1128 1068 id
1151 1034 1214 1069 est
1236 1030 1351 1080 quod

340 1096 538 1135 voluntas
578 1096 719 1138 divina
752 1099 1009 1141 determinat
1045 1103 1152 1142 hanc
1188 1107 1352 1154 praxim

342 1180 439 1210 esse
461 1176 636 1221 rectam,
660 1175 824 1216 scilicet
850 1177 1031 1218 adorare
1067 1178 1278 1220 Christum
1310 1181 1353 1220 in

338 1247 616 1298 Eucharistia,
640 1256 682 1290 et
704 1257 805 1291 tunc
824 1255 1008 1305 cognitio
1030 1255 1140 1294 illius
1162 1257 1239 1296 erit
1257 1267 1352 1307 pra¬

338 1325 456 1371 ctica,
477 1326 576 1375 quia
592 1338 694 1367 vere
710 1330 946 1380 regulativa
966 1332 1008 1370 in
1030 1338 1171 1372 actum
1185 1337 1350 1374 rectum

338 1409 391 1439 ex
430 1400 787 1445 determinatione
827 1408 1058 1447 voluntatis
1094 1409 1256 1450 divinae.
1311 1413 1350 1453 Si

335 1477 447 1515 enim
477 1488 565 1516 non
594 1483 710 1519 esset
740 1481 801 1521 sic
846 1483 1176 1527 determinatum
1201 1519 1208 1535 ,
1258 1488 1350 1528 talis

333 1551 525 1592 adoratio
546 1564 634 1594 non
665 1556 881 1598 diceretur
895 1564 1027 1609 recta,
1067 1568 1108 1603 et
1136 1575 1215 1614 per
1252 1574 1350 1603 con¬

333 1638 524 1679 sequens
554 1633 740 1683 cognitio
766 1635 858 1674 talis
887 1648 975 1676 non
1003 1644 1118 1679 esset
1146 1641 1347 1690 practica,

332 1703 412 1742 sed
452 1708 717 1755 speculativa
755 1720 809 1749 ex
848 1712 919 1751 tali
962 1714 1156 1764 objecto;
1198 1716 1349 1757 dicitur

335 1789 439 1832 ergo
461 1783 646 1830 practica
670 1790 830 1826 tantum
851 1800 927 1838 per
947 1790 1163 1838 accidens,
1189 1793 1287 1842 quia
1325 1805 1348 1833 a

334 1855 695 1901 determinatione
725 1863 955 1905 voluntatis
996 1866 1159 1916 divinae,
1189 1874 1229 1909 et
1266 1869 1347 1910 tale

331 1934 565 1982 practicum
586 1947 672 1977 non
693 1945 907 1992 repugnat
926 1945 1189 1992 speculativo
1220 1947 1261 1984 in
1284 1957 1346 1987 se.

381 2010 443 2062 (e)
463 2016 620 2052 Contra
657 2015 746 2053 hoc.
789 2015 861 2056 Hic
891 2019 1047 2058 Doclor
1086 2021 1214 2061 instat
1247 2033 1345 2072 pro¬

330 2086 475 2126 bando
512 2088 629 2138 quod
669 2090 815 2130 notitia
850 2094 1192 2145 contingentium
1229 2099 1346 2139 nullo

332 2161 474 2210 modo,
506 2174 588 2203 nec
610 2176 690 2214 per
714 2176 774 2213 se,
808 2179 890 2207 nec
927 2181 1006 2219 per
1035 2173 1234 2212 accidens
1266 2185 1346 2223 po¬

336 2241 416 2278 test
437 2238 520 2278 dici
539 2242 739 2289 practica,
759 2243 857 2292 quia
889 2245 955 2283 cui
983 2249 1181 2288 convenit
1211 2259 1347 2289 unum

335 2315 628 2363 oppositorum
649 2329 728 2367 per
748 2330 810 2365 se,
831 2320 920 2360 sive
934 2321 1069 2370 primo
1089 2324 1232 2372 modo,
1256 2327 1345 2366 sive

333 2390 525 2432 secundo
555 2394 683 2433 modo
707 2394 879 2436 dicendi
907 2408 987 2447 per
1015 2409 1076 2447 se,
1117 2401 1234 2440 aliud
1271 2413 1326 2454 op

331 2468 533 2517 positum,
583 2481 664 2510 nec
697 2483 776 2521 per
812 2484 874 2522 se,
914 2484 995 2514 nec
1030 2486 1107 2525 per
1141 2479 1343 2521 accidens

327 2545 542 2585 convenit.
606 2549 858 2599 Exemplum
915 2551 968 2589 de
1015 2553 1150 2601 primo
1186 2556 1333 2606 modo,

329 2621 536 2661 rationale
586 2625 788 2664 convenit
821 2637 901 2677 per
944 2639 990 2667 se
1031 2629 1165 2677 primo
1214 2632 1344 2674 modo

323 2695 498 2745 homini,
530 2699 776 2740 irrationale
792 2713 879 2743 non
902 2706 1106 2744 convenit
1137 2707 1231 2754 sibi,
1260 2718 1342 2749 nec

320 2784 400 2823 per
415 2785 478 2823 se,
509 2786 591 2815 nec
621 2788 699 2827 per
731 2779 950 2820 accidens.
989 2782 1240 2833 Exemplum
1269 2795 1337 2825 se¬

328 2849 475 2898 cundi,
511 2851 670 2892 risibile
711 2857 912 2895 convenit
948 2867 1029 2905 per
1063 2868 1109 2898 se
1147 2859 1339 2901 secundo

318 2925 450 2966 modo
483 2927 672 2976 homini;
707 2930 907 2978 rudibile,
943 2943 1026 2972 nec
1057 2945 1137 2984 per
1153 2946 1217 2984 se,
1257 2947 1339 2977 nec

319 3013 397 3052 per
424 3003 627 3043 accidens
659 3008 882 3056 convenit;
914 3019 1010 3047 cum
1042 3020 1145 3061 ergo
1179 3012 1337 3059 practi¬

322 3088 420 3118 cum
440 3083 483 3119 et
512 3082 825 3131 speculativum
855 3084 938 3123 sint
959 3088 1170 3135 opposita,
1197 3093 1337 3140 sequi¬

324 3158 392 3194 tur
414 3155 532 3208 quod
552 3159 586 3197 si
625 3159 775 3198 notitia
808 3160 1150 3212 contingentium
1184 3175 1338 3206 conve¬

323 3232 385 3271 nit
405 3243 483 3282 per
512 3244 558 3272 se
599 3244 694 3273 esse
721 3237 1051 3285 speculativum,
1085 3240 1202 3289 quod
1241 3252 1337 3282 esse

324 3309 576 3358 practicum,
594 3320 675 3348 nec
704 3321 784 3360 per
803 3321 866 3360 se,
901 3323 982 3352 nec
1020 3324 1099 3363 per
1136 3316 1339 3357 accidens

326 3384 464 3433 possit
485 3387 729 3425 convenire.
753 3388 1028 3437 Respondeo,
1048 3390 1148 3431 licet
1165 3397 1335 3433 antece¬

326 3459 435 3499 dens
464 3464 611 3509 posset
631 3463 789 3512 exponi
811 3463 835 3503 d
842 3475 864 3502 e
873 3475 955 3514 per
972 3478 1015 3505 se
1033 3467 1167 3515 primo
1191 3468 1336 3519 modo,

326 3537 393 3576 vel
415 3537 607 3578 secundo
638 3540 784 3588 modo,
808 3551 895 3580 non
917 3546 1058 3581 autem
1089 3546 1211 3584 tertio
1245 3557 1339 3586 mo¬

328 3613 396 3663 do,
416 3619 544 3665 prout
559 3614 660 3656 dicit
679 3616 793 3656 idem
816 3618 931 3668 quod
952 3619 1154 3660 solitarie.
1179 3622 1338 3662 Sensus

1427 346 1556 398 hujus
1595 348 1742 388 litterae
1781 352 1860 396 est,
1903 347 2021 397 quod
2045 348 2126 388 hoc
2160 346 2438 395 antecedens,

1426 422 1613 463 scilicet:
1634 425 1714 463 Cui
1725 425 1910 463 convenit
1932 432 2061 461 unum
2075 424 2444 472 oppositorumper

1426 509 1482 545 se,
1507 499 1546 537 ei
1564 499 1682 538 aliud
1707 503 1962 548 oppositum,
1983 509 2058 538 nec
2082 510 2157 547 per
2177 509 2234 545 se,
2266 509 2339 538 nec
2368 508 2445 546 per

1428 575 1617 614 accidens
1648 576 1846 623 convenit,
1888 585 1976 613 non
2008 573 2144 613 debet
2181 574 2242 612 sic
2274 575 2446 623 exponi,

1427 653 1474 689 ut
1501 650 1545 701 ly
1569 662 1649 700 per
1663 663 1705 690 se
1720 651 1957 701 accipiatur
1971 660 2046 700 pro
2070 650 2301 700 perseitate
2335 649 2445 688 tertii

1428 727 1558 775 modi,
1591 731 1718 778 prout
1738 727 1851 767 idem
1885 731 1950 768 est
1979 728 2097 779 quod
2129 726 2317 767 solitarie
2346 737 2442 766 con¬

1425 802 1588 850 venire,
1613 804 1711 854 quia
1739 803 1773 841 si
1798 814 1932 843 unum
1961 803 2202 853 oppositum
2243 804 2443 843 convenit

1425 878 1615 919 solitarie
1646 879 1787 925 alicui,
1805 890 1892 919 non
1916 880 2116 919 convenit
2136 879 2215 918 sibi
2245 878 2374 926 aliud,
2400 882 2442 917 et

1426 955 1488 993 sic
1509 953 1761 1004 accipiendo
1794 954 1838 1006 ly
1863 966 1946 1004 per
1973 966 2028 999 se,
2063 953 2325 994 antecedens
2356 965 2442 994 non

1425 1028 1557 1068 habet
1578 1028 1890 1070 difficultatem.
1926 1031 2072 1070 Potest
2111 1030 2238 1070 etiam
2269 1032 2441 1081 exponi,

1428 1104 1526 1154 quia
1549 1105 1712 1156 aliquid
1735 1108 1966 1146 convenire
1988 1106 2113 1145 alicui
2143 1109 2207 1145 est
2227 1106 2443 1155 praedicari

1428 1179 1481 1219 de
1507 1181 1617 1230 ipso,
1661 1180 1759 1220 ideo
1784 1181 1888 1221 illud
1909 1192 1996 1222 non
2027 1184 2229 1221 convenit
2266 1182 2345 1221 sibi
2366 1192 2444 1232 per

1425 1266 1473 1295 se
1493 1257 1617 1296 tertio
1656 1256 1803 1304 modo,
1838 1257 1938 1308 quia
1974 1260 2024 1296 ut
2059 1260 2135 1305 sic,
2178 1260 2339 1296 tantum
2378 1262 2442 1296 est

1425 1333 1660 1382 propositio
1685 1333 1738 1372 de
1761 1334 1953 1373 secundo
1985 1333 2224 1384 adjacente,
2258 1344 2344 1374 non
2385 1333 2438 1372 de

1427 1408 1566 1448 tertio.

1476 1483 1537 1537 (d)
1570 1488 1726 1525 Tamen
1742 1487 1934 1533 concedo,
1966 1488 2078 1535 quod
2095 1487 2212 1525 nullo
2233 1488 2356 1527 modo
2369 1488 2436 1526 in¬

1423 1561 1611 1602 haerendi
1643 1563 1813 1601 inhaeret
1845 1563 2079 1611 oppositum
2108 1565 2341 1612 praedicari
2363 1564 2435 1601 hu¬

1416 1638 1492 1686 jus
1500 1648 1505 1686 ,
1529 1640 1641 1686 quod
1670 1643 1726 1677 est
1752 1649 1829 1686 per
1848 1650 1888 1677 se
1911 1649 1993 1677 esse
2013 1639 2328 1688 speculativum,
2352 1642 2433 1678 elc.

1423 1713 1522 1751 Vult
1553 1712 1714 1761 dicere,
1751 1715 1869 1763 quod
1899 1725 1997 1753 esse
2019 1725 2096 1764 per
2123 1725 2171 1754 se
2210 1715 2437 1765 speculati¬

1422 1802 1520 1831 vum
1555 1794 1666 1830 inest
1686 1802 1765 1840 per
1785 1801 1831 1831 se
1870 1792 2063 1832 secundo
2095 1791 2224 1832 modo
2257 1793 2435 1832 Theolo¬

1420 1867 1499 1918 giae
1520 1867 1876 1916 contingentium,
1899 1869 2010 1907 sicut
2032 1866 2217 1907 dicendo
2253 1870 2260 1908 :
2303 1871 2435 1908 Homo

1414 1953 1496 1991 per
1516 1953 1557 1981 se
1576 1945 1755 1982 secundo
1785 1945 1908 1982 modo
1930 1946 1986 1982 est
2003 1944 2178 1983 risibilis
2193 1955 2274 1993 per
2301 1956 2359 1992 se,
2388 1944 2433 1983 id

1423 2020 1487 2056 est
1535 2017 1651 2068 quod
1696 2018 1777 2057 hoc
1816 2016 2092 2067 praedicatum
2124 2019 2285 2058 risibile
2323 2019 2435 2058 inest

1423 2093 1582 2132 homini
1620 2104 1699 2142 per
1728 2103 1775 2132 se
1805 2093 1996 2133 secundo
2038 2093 2182 2141 modo,
2222 2095 2279 2134 ita
2317 2095 2433 2145 quod

1422 2169 1699 2219 praedicatum
1730 2170 1785 2207 sit
1804 2181 1883 2220 per
1905 2180 1951 2208 se
1975 2173 2017 2208 et
2045 2182 2123 2220 per
2142 2182 2187 2210 se
2208 2171 2431 2220 inhaereat,

1423 2249 1488 2285 est
1503 2246 1616 2285 enim
1637 2244 1811 2295 aliquod
1830 2245 2110 2295 praedicatum
2135 2258 2212 2297 per
2231 2258 2292 2295 se,
2317 2248 2433 2298 quod

1424 2325 1568 2361 tamen
1597 2333 1676 2371 per
1697 2331 1742 2359 se
1776 2331 1864 2361 non
1885 2321 2074 2370 inhaeret,
2103 2323 2211 2362 sicut
2230 2323 2296 2362 hic
2318 2335 2327 2361 :
2360 2325 2432 2364 ho¬

1420 2409 1488 2437 mo
1522 2402 1587 2438 est
1608 2398 1745 2445 albus,
1779 2399 1925 2437 album
1946 2402 2011 2438 est
2040 2410 2114 2439 suo
2143 2400 2271 2439 modo
2304 2411 2432 2440 unum

1417 2474 1698 2525 praedicatum
1735 2485 1817 2524 per
1855 2485 1919 2522 se,
1961 2475 2057 2524 quia
2089 2487 2166 2525 per
2201 2487 2247 2515 se
2287 2480 2434 2527 potest

1417 2550 1640 2602 praedicari
1660 2550 1714 2589 de
1742 2549 1820 2589 isto
1843 2549 1956 2596 albo,
1990 2554 2031 2589 et
2059 2551 2155 2598 isto,
2179 2561 2265 2590 non
2287 2555 2431 2592 tamen

1416 2627 1628 2666 inhaerent
1647 2636 1726 2676 per
1746 2635 1793 2664 se
1813 2625 1991 2664 homini.

1469 2705 1672 2756 Sequitur
1689 2708 1696 2744 :
1721 2705 1808 2744 Sed
1823 2714 1905 2753 per
1934 2705 2125 2744 accidens
2163 2717 2246 2745 esse
2273 2709 2429 2756 practi¬

1415 2793 1509 2822 cum
1563 2793 1641 2832 per
1671 2783 1862 2822 accidens
1891 2792 1971 2820 non
2016 2783 2242 2831 opponitur
2279 2785 2358 2832 illi,
2386 2785 2429 2824 id

1417 2862 1482 2898 est
1504 2857 1621 2908 quod
1658 2859 1896 2908 practicum
1925 2869 2003 2908 per
2036 2857 2261 2907 accidens,
2301 2863 2427 2912 quale

1415 2942 1483 2975 est
1497 2946 1521 2974 a
1542 2936 1760 2975 voluntate
1783 2933 1939 2981 divina,
1970 2937 2019 2973 ut
2034 2945 2165 2985 supra
2200 2935 2299 2986 dixi,
2339 2949 2427 2977 non

1414 3011 1648 3061 opponitur
1667 3010 1948 3060 speculativo,
1970 3020 2052 3049 nec
2074 3021 2153 3060 per
2174 3021 2330 3058 se,nec
2349 3025 2430 3063 per

1413 3086 1633 3134 accidens,
1657 3087 1741 3124 imo
1764 3088 1877 3124 stant
1911 3085 2059 3134 simul,
2082 3085 2161 3125 sed
2193 3090 2427 3136 practicum

1412 3175 1491 3214 per
1511 3173 1574 3211 se,
1598 3161 1716 3213 quod
1737 3164 1804 3200 est
1824 3173 1878 3200 ex
1898 3161 2067 3212 objecto
2089 3164 2319 3212 opponitur
2332 3176 2428 3216 spe¬

1416 3240 1615 3286 culativo,
1646 3239 1743 3278 ideo
1770 3238 1853 3277 tale
1870 3248 1951 3278 nec
1981 3249 2060 3287 per
2087 3249 2149 3287 se,
2167 3249 2248 3279 nec
2263 3251 2341 3291 per
2361 3253 2426 3282 ac¬

1417 3315 1565 3355 cidens
1585 3317 1697 3354 inest
1716 3313 1992 3364 speculativo.

1465 3391 1524 3444 (e)
1545 3394 1596 3431 Si
1616 3392 1830 3439 arguitur,
1850 3401 1928 3438 per
1941 3401 1984 3428 se
1998 3394 2055 3430 est
2068 3392 2325 3440 speculativa
2347 3405 2428 3443 per

1411 3480 1473 3516 se;
1500 3479 1597 3518 ergo
1611 3479 1693 3517 per
1711 3479 1753 3506 se
1774 3470 1829 3505 est
1845 3466 2123 3516 speculativa,
2146 3468 2233 3507 vult
2265 3468 2423 3518 dicere,

1413 3546 1446 3584 si
1466 3543 1699 3594 Theologia
1722 3543 2065 3592 contingentium
2085 3554 2164 3594 per
2184 3555 2246 3591 se,
2265 3545 2425 3585 scilicet

1413 3621 1604 3661 secundo
1636 3620 1783 3668 modo,
1807 3625 1871 3660 est
1891 3620 2151 3670 speculativa
2169 3631 2247 3670 per
2278 3631 2338 3668 se,
2380 3622 2422 3661 id
