2624 3979
335 301 416 338 cati
453 299 507 338 ad
536 301 795 351 subjectum,
836 304 878 340 et
914 310 1001 340 non
1042 300 1220 352 requirit
1264 310 1340 338 ne¬

333 376 516 415 cessario
558 377 803 428 subjectum
840 377 950 416 illius
993 376 1207 426 complexi
1246 386 1342 416 esse

329 451 372 491 in
424 462 470 490 se
512 455 818 492 necessarium.
876 454 982 493 Nota
1045 455 1173 493 etiam
1227 451 1344 502 quod

331 528 549 578 objectum
588 528 885 568 immediatum
932 529 1093 568 notitiae
1142 528 1343 578 practicae

329 603 465 656 (quod
495 608 560 644 est
598 604 804 656 operatio)
833 605 933 644 licet
972 605 1014 644 in
1055 615 1101 644 se
1136 604 1187 643 sit
1224 614 1343 643 mere

332 680 602 731 contingens,
644 683 789 731 potest
826 685 970 720 tamen
1009 680 1063 720 de
1088 680 1158 718 illa
1189 689 1343 729 opera¬

333 757 447 796 tione
504 756 668 806 aliquid
719 756 917 796 concludi
966 756 1019 795 de
1065 756 1342 802 necessitate,

332 834 434 880 puta
458 833 556 883 quia
586 832 905 872 demonstratur
932 832 1070 881 ipsam
1098 831 1342 870 necessario

333 918 430 947 esse
468 911 646 955 rectam,
676 908 712 947 si
737 906 1012 947 conformiter
1050 907 1241 946 eliciatur
1275 916 1344 945 co¬

331 985 512 1036 gnitioni
552 986 746 1034 practicae
789 987 938 1031 rectae;
985 987 1026 1023 et
1063 984 1122 1023 sic
1165 984 1344 1023 scientia

333 1060 518 1110 practica
555 1060 656 1099 licet
689 1061 740 1099 sit
774 1059 884 1098 circa
924 1060 1179 1109 contingens
1206 1059 1248 1097 in
1280 1069 1342 1106 se,

332 1139 398 1176 est
427 1139 570 1175 tamen
593 1135 646 1175 de
667 1136 890 1184 complexo
922 1138 967 1173 ut
1001 1134 1054 1173 de
1081 1135 1342 1182 necessario,

331 1216 373 1252 et
404 1212 557 1251 dicitur
587 1212 860 1262 complexum
898 1211 1206 1258 necessarium,
1247 1211 1345 1261 quia

333 1290 504 1328 omnino
526 1287 852 1335 infalsificabile,
884 1290 926 1327 et
958 1288 1016 1327 sic
1055 1290 1176 1337 patet
1203 1287 1346 1328 littera

333 1365 541 1404 Doctoris.

385 1439 428 1493 (d
431 1438 445 1492 )
469 1442 581 1480 Tunc
597 1444 711 1489 patet
741 1442 799 1480 ad
817 1441 1109 1480 auctoritatem
1118 1470 1127 1480 .
1164 1441 1199 1479 1.
1230 1442 1341 1480 Post.

333 1518 520 1557 Scientia
540 1519 595 1555 est
616 1517 842 1556 necessarii
860 1517 963 1556 dicti
987 1518 1036 1556 de
1069 1516 1325 1565 contingente
1331 1547 1341 1565 ,

327 1591 372 1631 id
415 1595 494 1637 est,
546 1591 662 1641 quod
708 1595 772 1632 est
812 1590 864 1631 de
904 1591 1044 1642 aliqua
1080 1592 1342 1641 proprietate

327 1671 531 1718 respectu
556 1667 738 1718 alicujus
771 1667 954 1719 subjecti
988 1668 1278 1718 contingentis
1298 1670 1342 1707 in

325 1755 388 1793 se,
414 1747 456 1784 et
476 1755 563 1784 non
591 1746 761 1793 oportet
792 1742 1034 1794 intelligere
1067 1744 1205 1794 ipsam
1238 1758 1341 1796 pro¬

324 1823 552 1872 prietatem
604 1830 699 1860 esse
749 1822 1038 1860 necessariam
1071 1822 1114 1859 in
1152 1832 1215 1869 se,
1262 1823 1342 1863 sed

326 1897 446 1950 quod
489 1898 734 1936 necessario
785 1897 999 1936 inhaereat.
1051 1898 1254 1948 Sequitur
1297 1901 1341 1939 in

322 1976 463 2016 littera
496 1977 504 2013 :
536 1977 585 2013 Et
614 1976 676 2014 ita
705 1975 900 2014 veritates
926 1976 1172 2014 necessariae
1209 1976 1342 2016 inclu¬

325 2056 485 2094 duntur
512 2052 555 2090 in
583 2052 769 2097 veritate,
793 2054 875 2090 etc.
904 2052 1005 2090 Nam
1026 2051 1117 2090 istae
1136 2053 1340 2091 veritates

328 2129 587 2169 necessariae
626 2127 669 2166 in
707 2128 886 2166 scientia
927 2126 1115 2176 practica
1163 2128 1341 2167 conclu¬

329 2204 489 2243 duntur
533 2202 587 2242 de
626 2202 768 2252 aliquo
807 2202 1086 2253 contingente
1124 2213 1201 2251 per
1237 2203 1338 2241 rati¬

328 2291 457 2321 onem
495 2279 676 2330 alicujus
714 2279 866 2328 prioris
896 2279 1143 2325 necessarii,
1178 2289 1266 2318 non
1297 2279 1340 2318 in

325 2368 372 2397 se
401 2356 650 2401 necessarii,
684 2356 782 2405 quia
814 2356 850 2395 si
873 2355 1114 2406 subjectum
1154 2365 1240 2393 non
1275 2358 1341 2394 est

324 2432 635 2480 necessarium,
667 2441 749 2470 nec
779 2431 992 2470 inclusum
1027 2431 1106 2469 erit
1134 2441 1339 2470 necessa¬

323 2509 434 2547 rium
451 2521 460 2554 ;
502 2507 634 2547 debet
677 2517 781 2557 ergo
819 2506 879 2546 sic
915 2506 1095 2557 intelligi
1122 2517 1201 2556 per
1235 2507 1339 2545 rati¬

324 2596 444 2624 onem
499 2584 726 2624 necessarii
731 2613 740 2630 ,
779 2582 823 2621 id
862 2585 928 2622 est
974 2585 1219 2623 necessario
1258 2583 1339 2622 sibi

325 2661 638 2702 convenientis.

377 2737 434 2790 (e)
476 2740 556 2776 Per
575 2737 688 2776 idem
725 2736 781 2774 ad
812 2736 1103 2774 auctoritatem
1127 2735 1167 2775 6.
1204 2736 1338 2778 Ethic.

327 2817 417 2855 Haec
447 2814 671 2862 responsio
707 2814 827 2862 patet
853 2822 906 2850 ex
935 2810 1206 2860 supradictis.
1233 2812 1339 2860 Quia

327 2892 441 2930 enim
482 2889 650 2929 habitus
687 2888 817 2937 partis
854 2887 1168 2935 ratiocinativae,
1199 2887 1243 2927 id
1273 2892 1339 2928 est

325 2966 526 3018 potentiae
554 2964 751 3015 practicae
771 2966 836 3003 est
857 2964 967 3002 circa
997 2967 1140 3003 actum
1159 2964 1338 3014 inquan-

325 3047 415 3084 tum
445 3042 748 3092 contingenter
769 3041 948 3086 elicitur,
972 3041 1094 3080 aliter
1112 3040 1183 3079 ille
1218 3045 1337 3080 actus

322 3131 410 3160 non
444 3120 559 3158 esset
579 3117 622 3156 in
644 3118 859 3166 potestate
890 3116 1073 3167 agentis,
1105 3118 1149 3154 et
1181 3117 1240 3156 sic
1274 3128 1336 3156 ar¬

322 3196 424 3236 tifex
449 3204 532 3233 non
552 3192 768 3244 indigeret
787 3192 942 3232 virtute
969 3192 1024 3231 ad
1049 3195 1168 3231 recte
1197 3203 1336 3243 agen¬

327 3272 444 3318 dum,
467 3272 513 3309 ut
534 3266 776 3317 expositum
805 3271 869 3306 est
894 3267 934 3305 in
971 3267 1106 3317 primo
1140 3268 1335 3308 articulo.

323 3347 409 3387 Sed
426 3345 595 3385 habitus
620 3342 896 3390 scientificus,
926 3343 969 3382 id
1000 3347 1063 3383 est
1097 3343 1214 3394 quod
1245 3344 1337 3384 talis

328 3424 498 3465 habitus
536 3419 766 3472 practicus,
803 3423 852 3459 ut
890 3420 1044 3460 dicitur
1078 3420 1337 3461 scientificus

323 3506 391 3545 est
422 3501 533 3542 circa
571 3498 775 3539 eumdem
813 3501 956 3538 actum
994 3509 1082 3538 non
1120 3499 1334 3547 absolute,

325 3580 404 3622 sed
436 3580 692 3632 inquantum
727 3575 779 3616 de
810 3587 860 3617 eo
898 3575 1057 3628 aliquid
1089 3577 1335 3617 necessario

1419 300 1702 348 concluditur,
1742 301 2009 341 concluditur
2048 301 2162 340 enim
2200 299 2315 350 quod
2344 309 2419 339 ne¬

1418 377 1601 416 cessario
1622 378 1676 417 sit
1694 380 1851 424 rectus,
1881 377 1915 416 si
1949 377 2112 416 elicitur
2150 374 2424 416 conformiter

1417 452 1487 492 tali
1506 452 1682 493 habitui.

1469 527 1518 580 (f)
1538 530 1592 569 Si
1608 530 1821 579 objicitur,
1862 532 1946 568 etc.
1985 528 2028 568 id
2059 530 2124 566 est
2161 526 2216 566 ad
2248 527 2328 566 hoc
2354 537 2425 565 re-

1418 605 1606 655 spondet
1642 606 1697 645 ibi
1740 608 1748 644 :
1790 607 1850 645 Ad
1899 606 2124 644 secundum
2129 633 2139 651 ,
2179 603 2341 642 scilicet
2374 602 2426 641 de

1418 680 1661 731 prudentia.
1685 682 1733 720 Et
1760 681 1858 720 dicit
1896 682 2052 720 Doctor
2083 679 2198 730 quod
2238 666 2425 718 definitio

2444 782 2447 820 ^udonn»
1418 756 1652 806 prudentiae
1675 756 1806 796 debet
1824 757 2003 807 intelligi
2033 755 2086 794 de
2116 756 2263 795 habitu
2289 757 2426 794 activo

1419 833 1627 883 proximo,
1652 833 1788 883 qualis
1816 836 1881 872 est
1908 832 2078 871 habitus
2109 832 2341 882 acquisitus
2375 840 2427 868 ex

1419 908 1599 948 actibus.
1624 908 1744 948 Unde
1765 909 1874 948 sicut
1903 909 2012 947 circa
2033 906 2250 955 factibilia,
2286 917 2353 945 ars
2379 917 2425 946 se

1417 984 1550 1023 habet
1569 983 1624 1023 ad
1654 984 1846 1023 habitum
1877 983 2058 1034 experti,
2079 984 2137 1022 ita
2158 982 2268 1022 circa
2289 982 2423 1034 agibi-

1417 1061 1472 1100 lia
1501 1070 1547 1098 se
1584 1059 1716 1100 habet
1745 1060 1921 1099 scientia
1952 1059 2124 1098 moralis
2153 1058 2206 1098 ad
2234 1059 2426 1098 habitum

1417 1137 1673 1187 prudentiae.
1708 1137 1812 1175 Nam
1838 1137 2006 1175 habitus
2038 1147 2125 1176 uno
2151 1136 2280 1176 modo
2313 1137 2423 1176 acci¬

1418 1214 1534 1263 pitur
1577 1223 1652 1262 pro
1688 1212 1837 1252 habitu
1867 1212 2073 1262 acquisito
2105 1212 2148 1251 in
2180 1211 2422 1257 universali,

1417 1289 1461 1329 id
1501 1291 1566 1328 est
1604 1288 1676 1339 qui
1723 1299 1811 1327 non
1853 1288 2080 1338 acquiritur
2121 1298 2173 1327 ex
2209 1288 2290 1327 hoc
2329 1291 2426 1326 actu

1418 1365 1678 1416 particulari,
1709 1365 1776 1404 vel
1805 1365 1901 1414 hoc,
1922 1368 1969 1404 ut
2001 1364 2117 1415 quod
2153 1375 2265 1404 unus
2296 1365 2425 1405 homo

1420 1445 1485 1481 est
1522 1441 1769 1481 ordinabilis
1807 1441 1861 1480 ad
1899 1440 2226 1488 beatitudinem,
2269 1444 2311 1480 et
2344 1441 2426 1482 hoc

1417 1519 1504 1557 sive
1563 1516 1615 1556 de
1669 1517 1909 1556 actionibus
1960 1517 2291 1557 immanentibus
2337 1517 2425 1559 sive

1418 1594 1753 1633 transeuntibus.
1793 1593 1883 1634 Alio
1914 1593 2042 1633 modo
2082 1604 2157 1643 pro
2186 1593 2334 1633 habitu
2354 1604 2424 1634 ac¬

1417 1669 1571 1721 quisito
1594 1680 1648 1708 ex
1677 1669 1842 1709 actibus
1867 1669 2077 1719 practicis,
2110 1669 2152 1709 id
2186 1673 2252 1708 est
2289 1669 2422 1709 dicta-

1414 1746 1600 1786 ininibus
1621 1746 1662 1785 in
1684 1746 1939 1796 particulari,
1962 1749 2007 1785 ut
2030 1745 2147 1796 quod
2177 1745 2331 1785 domus
2354 1746 2425 1785 de¬

1415 1822 1516 1861 beat
1541 1823 1600 1861 sic
1629 1823 1698 1862 vel
1732 1823 1792 1862 sic
1813 1821 2025 1869 aedificari,
2050 1826 2093 1861 et
2118 1822 2177 1861 sic
2199 1822 2292 1860 talis
2310 1822 2427 1862 habi¬

1418 1901 1485 1938 tus
1505 1899 1678 1949 proprie
1701 1898 1855 1947 dicitur
1868 1899 2112 1947 prudentia.
2145 1899 2206 1937 De
2227 1898 2308 1937 hoc
2329 1898 2425 1938 vide

1416 1976 1643 2015 Doctorem
1682 1974 1792 2016 infra
1837 1974 1878 2014 d.
1920 1976 1981 2015 17.
2021 1975 2069 2013 Et
2104 1985 2157 2013 ex
2195 1975 2278 2014 hoc
2310 1978 2428 2025 palet

1416 2051 1534 2102 quod
1571 2052 1677 2091 ratio
1714 2051 1907 2091 Gulielmi
1954 2051 2140 2090 Occham
2180 2053 2221 2090 in
2255 2050 2424 2100 prolog.

1416 2130 1559 2176 quaest.
1593 2127 1631 2176 4.
1670 2137 1761 2176 quae
1800 2130 1855 2166 est
1899 2127 1959 2165 11.
2001 2127 2047 2165 in
2087 2127 2247 2173 ordine,
2300 2137 2425 2176 quam

1413 2201 1516 2242 facit
1557 2205 1704 2242 contra
1740 2202 1822 2241 hoc
1870 2201 1987 2252 quod
2037 2201 2137 2241 dicit
2173 2202 2330 2241 Doctor
2372 2201 2425 2241 de

1413 2280 1563 2319 habitu
1595 2279 1834 2328 prudentiae
1861 2279 1964 2318 nihil
1985 2277 2219 2327 concludit,
2240 2281 2288 2317 ut
2307 2281 2427 2328 patet

1412 2357 1599 2397 intuenti
1633 2367 1744 2395 eam.

1467 2431 1531 2469 Ad
1577 2432 1750 2470 tertium
1792 2430 2029 2480 respondet
2077 2431 2249 2477 Doctor,
2307 2429 2425 2480 quod

1412 2507 1586 2546 Boetius
1624 2507 1825 2558 intelligit
1866 2505 1919 2545 de
1967 2506 2257 2557 Metaphysica
2299 2516 2424 2556 quam

1410 2587 1535 2623 vocat
1557 2582 1754 2632 divinam,
1780 2584 1888 2621 sicut
1910 2583 2036 2621 etiam
2070 2582 2353 2632 Philosophus
2382 2583 2418 2638 6.

1411 2659 1594 2708 Metaph.
1648 2663 1675 2698 t.
1721 2670 1829 2697 com.
1872 2660 1910 2697 2.
1953 2657 2052 2697 dicit
2091 2639 2423 2710 Metaphysicam

1413 2735 1598 2776 divinam
1629 2746 1721 2785 quae
1750 2734 1866 2785 apud
1891 2736 2034 2784 ipsum
2054 2738 2118 2773 est
2147 2735 2424 2785 speculativa,

1413 2813 1512 2862 quia
1532 2810 1676 2851 dividit
1702 2811 1761 2850 ibi
1781 2810 2089 2861 speculativam
2121 2811 2162 2850 in
2195 2811 2422 2852 Mathema¬

1415 2888 1540 2927 ticam
1567 2887 1800 2926 naturalem
1824 2889 1866 2925 et
1888 2886 2087 2926 divinam.
2122 2888 2171 2926 Et
2196 2888 2313 2937 quod
2346 2889 2425 2928 ad¬

1414 2963 1475 3003 dit
1518 2965 1692 3004 Boetius
1727 2963 1781 3002 de
1814 2963 2010 3014 subjecto
2040 2964 2181 3015 hujus,
2214 2964 2333 3015 quod
2362 2970 2427 3006 est

1411 3041 1547 3091 prima
1585 3040 1838 3087 substantia,
1880 3043 1962 3079 etc.
2003 3051 2152 3080 verum
2207 3044 2271 3080 est
2309 3041 2426 3092 quod

1410 3118 1528 3156 Deus
1560 3116 1860 3157 consideratur
1889 3118 1933 3156 in
1958 3117 2252 3168 Metaphysica
2281 3118 2421 3168 perfe¬

1413 3194 1610 3240 ctissime,
1644 3204 1774 3243 quam
1794 3195 1836 3232 in
1857 3193 1950 3232 aliis
1971 3193 2161 3233 scientiis
2181 3195 2427 3235 humanitus

1411 3269 1629 3320 acquisitis
1674 3268 1938 3308 considerari
1986 3272 2147 3318 potest,
2196 3273 2338 3310 tamen
2378 3277 2425 3312 ut

1409 3347 1467 3386 ibi
1507 3347 1682 3397 praecise
1731 3344 2031 3385 consideratur
2070 3345 2114 3384 in
2145 3349 2428 3398 conceptibus

1411 3422 1713 3462 communibus
1735 3421 2025 3469 sensibilibus,
2048 3422 2129 3462 hoc
2165 3427 2229 3463 est
2250 3425 2302 3464 ab
2323 3425 2427 3475 ipsis

1408 3498 1685 3539 sensibilibus
1721 3498 1967 3545 abstractis;
2003 3510 2090 3539 non
2130 3501 2242 3540 enim
2283 3503 2418 3542 consi¬

1412 3575 1585 3616 deratur
1622 3575 1695 3623 ibi,
1729 3577 1775 3614 ut
1814 3575 2031 3627 objectum
2071 3579 2112 3616 at
2119 3575 2307 3629 fingibile
2340 3589 2420 3629 per
