2624 3979
286 373 707 434 proportionem,
740 373 859 432 quia
888 375 1112 433 ntraque
1137 371 1297 417 resol¬

286 451 435 498 vitur
471 449 522 495 in
551 462 645 495 sua
670 448 932 509 principia
975 448 1296 498 immediata,

286 526 371 573 sed
389 538 492 573 non
509 539 654 585 seque
671 527 819 572 certa
836 524 1119 572 secundum
1141 535 1298 582 quan¬

284 603 515 650 titatem.
564 602 695 655 Quia
723 600 833 648 haec
864 603 985 647 sunt
1026 598 1298 658 cognosci¬

282 678 409 725 bilia
454 679 694 725 certiora
745 678 852 724 illis
886 677 1024 724 sicut
1073 675 1297 734 objecta,

282 755 341 801 de
371 754 557 814 quibus
584 755 730 813 ponit
762 752 1116 812 Philosophus
1140 751 1301 798 scien¬

283 831 388 877 tias
412 831 697 891 practicas,
724 833 846 877 sunt
872 830 1046 875 minus
1070 827 1301 887 pertecte

287 907 671 966 cognoscibilia
700 908 751 953 in
780 920 833 952 se
857 919 1012 965 quam
1035 905 1093 951 de
1117 904 1301 964 quibus

291 984 438 1043 ponit
481 983 714 1042 aliquam
744 982 1146 1042 speculativam,
1190 980 1303 1026 ideo

291 1059 470 1118 aliqua
500 1057 846 1118 speculativa,
879 1055 1161 1103 secundum
1190 1054 1304 1100 Phi¬

291 1133 590 1194 losophum,
637 1132 854 1193 ponitur
911 1131 1114 1179 certior
1162 1130 1304 1176 omni

292 1210 532 1270 praetica
590 1209 873 1257 secundum
932 1206 1302 1266 quantitatem.

293 1289 401 1333 Nos
436 1288 616 1332 autem
658 1284 904 1345 ponimus
950 1282 1307 1341 cognoscibile

294 1362 579 1424 operabile,
626 1362 723 1409 hoc
757 1363 836 1407 est
880 1358 1180 1419 attingibile
1215 1373 1310 1419 per

293 1439 677 1500 operationem,
709 1451 822 1498 quse
849 1440 930 1484 est
960 1449 1084 1483 vere
1110 1436 1305 1495 praxis,

291 1518 344 1563 in
371 1531 425 1563 se
452 1529 567 1562 esse
593 1515 823 1561 maxime
857 1512 1233 1572 cognoscibile,
1257 1515 1308 1559 et

292 1594 404 1640 ideo
452 1592 697 1653 ponimus
746 1590 1024 1637 scientiam
1070 1589 1128 1635 de
1174 1588 1307 1648 ipso,

292 1683 387 1716 nec
427 1668 712 1715 secundum
759 1665 1109 1726 quantitatem
1156 1664 1311 1711 certi¬

297 1744 511 1797 tudinis,
553 1744 688 1790 sicut
730 1756 823 1789 nec
866 1743 1149 1790 secundum
1190 1754 1312 1800 pro¬

299 1822 604 1882 portionem
626 1820 690 1866 ab
712 1818 890 1878 aliqua
918 1818 1024 1865 alia
1045 1817 1240 1864 excedi.

276 1908 281 1949 Theologia
359 1899 433 1945 Ad
448 1898 609 1944 aliam
635 1896 898 1943 rationem
921 1895 978 1941 de
994 1893 1314 1940 necessariis

301 1973 668 2025 existentibus,
717 1971 831 2018 dico
880 1971 1013 2029 quod
1058 1969 1168 2016 hsec
1213 1982 1316 2015 non

278 2041 284 2107 intrinseca*
303 2054 383 2098 est
444 2050 659 2096 inventa
722 2049 945 2108 propter
1013 2045 1319 2092 necessaria

309 2127 627 2178 extrinseca,
660 2124 746 2171 sed
769 2125 990 2183 propter
1016 2122 1321 2168 necessaria

282 2220 290 2228 .
312 2204 626 2254 intrinseca,
675 2200 878 2248 scilicet
933 2199 1320 2246 moderantiam

309 2280 618 2340 passionum
660 2281 711 2325 et
749 2277 1141 2336 operationum,
1186 2275 1323 2322 sicut

309 2355 531 2403 moralis
572 2353 810 2405 scientia,
855 2353 899 2399 si
926 2355 1066 2399 esset
1108 2351 1323 2397 inventa

309 2431 550 2478 omnibus
620 2427 940 2476 necessariis
1004 2426 1323 2473 extrinsecis

305 2507 518 2560 habitis,
552 2520 656 2552 non
693 2505 866 2551 minus
895 2505 1036 2550 esset
1066 2502 1321 2560 praetica.

306 2586 426 2632 Non
478 2587 559 2630 est
607 2585 785 2630 autem
836 2580 948 2626 haec
1001 2580 1218 2626 inventa
1263 2577 1324 2624 ad

306 2661 489 2719 fugam
512 2657 851 2718 ignorantiae,
878 2656 1000 2715 quia
1025 2655 1191 2701 multo
1219 2654 1326 2713 plu¬

310 2751 370 2783 ra
394 2735 599 2783 scibilia
624 2734 842 2794 possent
870 2731 994 2791 poni
1014 2730 1098 2775 vel
1118 2728 1256 2776 tradi
1276 2728 1327 2774 in

308 2815 460 2860 tanta
501 2809 798 2869 quantitate
842 2806 1114 2858 doctrinae,
1170 2817 1327 2863 quam

310 2889 396 2935 hic
417 2888 618 2934 tradita
648 2885 769 2932 sint.
798 2883 892 2931 Sed
920 2883 1030 2929 haec
1054 2881 1232 2927 eadem
1253 2894 1328 2927 re¬

312 2965 584 3025 plicantur
611 2963 920 3021 frequenter
960 2960 1018 3005 ut
1058 2957 1329 3004 efficacius

315 3042 596 3087 inducatur
618 3038 831 3085 auditor
865 3036 927 3082 ad
963 3034 1330 3095 operationem

317 3130 519 3168 eorum,
547 3129 659 3174 quae
688 3114 758 3161 ibi
786 3112 1187 3173 persuadentur.

615 3266 1032 3307 COMMENTARIUS.

374 3430 432 3484 (a)
453 3430 514 3470 Ad
531 3428 655 3468 aliud
691 3427 799 3469 dico,
834 3426 917 3463 etc.
951 3422 1014 3461 Ad
1044 3427 1244 3471 quartum
1264 3431 1332 3458 re¬

324 3507 512 3560 spondet
556 3507 735 3550 Doctor,
783 3504 827 3540 et
872 3500 1008 3550 primo
1056 3498 1158 3537 dicit
1203 3508 1336 3537 unum

326 3584 530 3628 notabile,
563 3582 726 3621 scilicet
755 3577 871 3628 quod
902 3577 1134 3615 nobilitatis
1162 3578 1217 3614 est
1235 3575 1336 3623 infe¬

328 3663 441 3703 riori
459 3661 662 3708 attingere
681 3666 803 3696 suum
823 3654 1017 3703 superius
1022 3684 1030 3699 ,
1061 3654 1141 3690 etc.
1164 3652 1211 3689 Et
1233 3651 1341 3689 acci¬

1371 373 1430 422 pit
1459 373 1513 412 ibi
1546 375 1750 422 attingere
1787 383 1863 423 pro
1897 371 2107 416 ordinari,
2137 371 2179 408 et
2207 368 2264 407 sic
2283 377 2381 407 sen¬

1372 449 1490 488 sitiva
1514 451 1553 488 in
1571 449 1757 493 homine,
1782 450 1880 498 quia
1895 446 2142 487 immediate
2165 443 2386 483 ordinatur

1373 524 1426 563 ad
1457 525 1773 572 intellectivam,
1807 528 1871 564 est
1902 523 2084 563 nobilior
2116 520 2315 561 sensitiva
2344 519 2387 558 in

1374 601 1523 648 bruto;
1563 603 1754 652 potentia
1794 601 1908 640 enim
1956 598 2158 638 sensitiva
2203 596 2388 635 exterior

1376 677 1598 716 ordinatur
1643 677 1698 716 ad
1745 676 1992 716 sensitivam
2040 673 2304 718 interiorem,
2345 674 2389 711 et

1374 752 1551 793 interior
1581 752 1633 792 ad
1655 753 1974 797 intellectivam,
1998 750 2096 790 ideo
2125 750 2386 789 intellectiva

1376 840 1452 878 pro
1475 834 1586 869 statu
1608 830 1686 868 isto
1711 828 1933 880 dependet
1962 839 1983 867 a
2005 828 2202 867 sensibus
2234 825 2387 864 saltem

1377 904 1715 952 occasionaliter,
1731 909 1773 944 ut
1783 903 1892 945 infra
1906 904 2067 954 patebit
2083 905 2122 943 d.
2138 904 2176 951 3.
2194 901 2387 951 quaestA.

1379 985 1422 1020 et.
1441 981 1500 1020 sic
1520 982 1589 1020 illa
1611 981 1798 1020 sensatio
1822 985 1885 1020 est
1919 981 2170 1029 simpliciter
2190 978 2387 1023 nobilior,

1380 1067 1472 1106 qu<e
1486 1056 1736 1096 ordinantur
1756 1056 1810 1096 ad
1829 1056 2078 1096 nobiliorem
2095 1056 2389 1105 operationem

1378 1137 1581 1182 respectu
1635 1133 1836 1183 potentiae
1881 1132 2113 1171 nobilioris.
2173 1130 2390 1180 Sequitur,

1382 1211 1494 1258 quod
1512 1209 1590 1248 illa
1611 1210 1792 1257 cognitio
1814 1208 1893 1247 erit
1912 1208 2096 1246 nobilior
2108 1217 2203 1256 quae
2223 1208 2392 1245 ordina¬

1381 1288 1451 1323 tur
1479 1286 1536 1323 ad
1567 1288 1707 1322 actum
1747 1283 1989 1330 voluntatis,
2019 1292 2144 1331 quam
2184 1281 2264 1319 illa
2304 1291 2394 1329 quae

1381 1360 1500 1398 nullo
1532 1360 1655 1398 modo
1685 1361 1924 1405 ordinatur,
1956 1359 2055 1408 quia
2090 1362 2208 1396 actus
2246 1357 2394 1395 volun¬

1383 1437 1478 1474 tatis
1502 1439 1567 1474 est
1586 1435 1783 1480 nobilior,
1807 1436 1903 1486 quia
1939 1426 2159 1474 nobilioris
2196 1432 2397 1482 potentiae

1382 1510 1464 1549 hoc
1511 1512 1714 1560 supponit
1760 1513 1808 1548 ut
1844 1520 2006 1550 verum.
2038 1511 2087 1549 Et
2118 1509 2268 1560 probat
2316 1508 2396 1548 hoc

1385 1587 1596 1627 subtiliter
1618 1587 1659 1625 in
1681 1588 1718 1625 4.
1745 1586 1786 1626 d.
1807 1588 1873 1626 40.

1437 1673 1497 1726 (b)
1527 1673 1724 1714 Secundo
1749 1674 1863 1722 dicit,
1888 1674 2003 1724 quod
2024 1675 2297 1723 Philosophus
2317 1685 2394 1714 non

1381 1753 1500 1801 ponit
1539 1751 1732 1799 aliquam
1766 1752 1985 1790 sHentiam
2023 1761 2106 1789 esse
2139 1749 2398 1793 conformem

1381 1827 1523 1875 praxi
1526 1857 1534 1873 ,
1557 1825 1599 1865 id
1620 1830 1681 1864 est
1707 1824 2056 1864 conformativam
2086 1826 2227 1874 praxis
2247 1824 2398 1863 volun¬

1389 1903 1488 1941 tatis
1524 1904 1638 1941 circa
1674 1902 1814 1951 finem,
1849 1903 1947 1952 quia
1977 1902 2118 1951 posuit
2136 1901 2399 1941 voluntatem

1392 1978 1500 2017 circa
1521 1977 1651 2017 finem
1672 1978 1832 2017 habere
1856 1981 2021 2017 tantum
2044 1977 2279 2028 quamdam
2313 1989 2401 2016 mo¬

1394 2055 1553 2095 tionem
1583 2055 1822 2094 naturalem
1841 2055 1931 2094 sive
1965 2053 2198 2104 quamdam
2226 2057 2398 2092 natura¬

1392 2132 1474 2170 lem
1523 2131 1870 2177 inclinationem,
1917 2135 1957 2169 et
2004 2141 2083 2179 per
2129 2140 2405 2179 consequens

1394 2210 1597 2256 respectu
1631 2206 1741 2245 illius
1779 2217 1866 2246 non
1897 2208 2038 2255 posuit
2075 2205 2302 2246 scientiam
2340 2205 2408 2244 di-

1394 2284 1615 2322 rectivam.

1449 2357 1503 2410 (c)
1534 2359 1585 2398 Si
1601 2361 1738 2396 tamen
1765 2357 1971 2406 posuisset
2005 2357 2200 2406 aliquam
2226 2357 2405 2405 praxim

1398 2436 1512 2474 circa
1531 2435 1669 2483 finem.
1699 2433 1794 2471 Vult
1825 2433 1969 2472 dicere
2008 2434 2211 2478 breviter,
2235 2432 2352 2482 quod
2374 2433 2410 2472 si

1398 2510 1680 2560 Philosophus
1728 2510 1946 2558 posuisset
2004 2509 2192 2559 aliquam
2246 2509 2411 2558 praxim

1400 2585 1509 2623 circa
1529 2583 1660 2623 finem
1698 2584 1914 2630 ultimum,
1938 2594 2026 2622 non
2045 2586 2252 2635 negasset
2272 2583 2408 2622 scien¬

1402 2662 1499 2700 tiam
1521 2659 1747 2710 practicam
1765 2661 1970 2709 respectu
2007 2659 2126 2698 istius
2148 2659 2290 2709 praxis
2312 2669 2409 2698 esse

1399 2736 1653 2776 nobiliorem
1675 2736 1935 2785 speculativa
1954 2736 2130 2775 scientia
2147 2735 2256 2775 circa
2278 2734 2410 2782 idem,

1400 2817 1500 2863 puta
1522 2814 1556 2851 si
1585 2811 1727 2862 aliqua
1759 2814 1874 2851 esset
1894 2812 2158 2861 speculativa
2195 2811 2304 2850 circa
2326 2812 2411 2859 illa,

1404 2890 1514 2928 circa
1532 2899 1622 2938 quae
1644 2890 1709 2926 est
1730 2888 1909 2927 scientia
1933 2887 2116 2934 moralis,
2142 2898 2227 2925 non
2251 2887 2415 2926 diceret

1401 2967 1528 3005 istam
1548 2964 1860 3014 speculativam
1898 2974 1996 3003 esse
2035 2964 2294 3003 nobiliorem
2321 2974 2415 3002 mo¬

1402 3041 1478 3080 rali
1508 3041 1705 3087 scientia,
1730 3044 1810 3080 etc.

1456 3115 1517 3168 (d)
1543 3117 1604 3157 Ad
1631 3117 1927 3165 probationem
1959 3117 2166 3164 primam.
2198 3115 2306 3153 Dicit
2333 3116 2416 3153 Do¬

1408 3197 1498 3232 ctor
1519 3192 1636 3243 quod
1674 3193 1743 3231 illa
1770 3196 1835 3231 est
1872 3192 2057 3231 nobilior
2093 3192 2286 3237 scientia,
2325 3203 2416 3241 quae

1409 3274 1474 3309 est
1502 3270 1637 3320 gratia
1667 3269 1847 3320 alicujus
1889 3271 2009 3306 actus
2057 3269 2256 3317 potentiae
2291 3278 2419 3317 supe¬

1408 3346 1529 3385 rioris
1572 3356 1618 3385 se
1661 3345 1796 3395 qualis
1835 3347 1901 3384 est
1933 3344 2181 3394 Theologia,
2223 3353 2320 3393 quae
2354 3346 2419 3382 est

1410 3421 1544 3473 gratia
1585 3420 1725 3471 praxis
1772 3419 1995 3459 eliciendae
2017 3431 2039 3458 a
2068 3420 2286 3459 voluntate
2324 3428 2421 3468 quae

1413 3501 1477 3536 est
1514 3497 1697 3536 nobilior
1729 3496 1961 3535 intellectu.
2000 3494 2067 3533 Illa
2100 3506 2197 3534 vero
2238 3505 2335 3544 quae
2358 3498 2424 3534 est

1416 3577 1580 3612 tantum
1626 3572 1761 3622 gratia
1792 3576 1911 3611 actus
1947 3569 2160 3610 inferioris
2196 3571 2426 3620 potentiae,

1416 3651 1480 3686 est
1514 3647 1741 3699 ignobilior
1770 3647 1839 3686 illa
1870 3656 1968 3697 quae
2010 3649 2074 3685 est
2109 3646 2246 3697 gratia
2278 3646 2359 3692 sui,
2384 3648 2426 3685 et
