2624 3979
350 367 603 415 mediorum,
637 377 733 418 quae
766 366 1000 407 formaliter
1027 367 1104 406 erit
1141 366 1352 406 rectitudo

345 444 504 492 praxis,
526 455 608 494 qua
639 444 860 495 attingitur
882 444 1103 496 objectum
1135 443 1355 494 operabile

343 525 387 560 ut
408 523 524 571 prius
559 523 792 572 cognitum,
827 525 869 562 et
906 522 965 561 sic
995 525 1110 572 patet
1137 520 1352 571 quomodo

343 597 526 646 practica
549 597 693 637 differt
713 598 812 645 fine,
834 597 876 637 id
900 601 965 638 est
991 598 1163 649 objecto
1196 607 1354 647 opera-

341 673 412 712 bili
445 674 616 724 cognito
638 685 661 713 a
688 675 968 724 speculativa.

393 748 453 800 (b)
489 752 550 789 Ad
586 752 813 790 secundum
819 782 829 800 ,
871 749 972 790 dicit
1011 749 1127 800 quod
1166 749 1352 799 practica

338 835 424 865 non
455 828 520 865 est
546 826 681 876 gratia
718 836 822 866 usus
851 829 899 865 ut
933 837 1010 876 per
1034 836 1081 866 se
1117 824 1227 871 finis,
1273 822 1353 863 sed

339 900 558 952 objectum
598 902 819 954 cognitum
859 906 921 942 est
950 913 1029 952 per
1058 912 1104 941 se
1131 900 1225 940 finis
1256 911 1350 950 pra¬

339 979 467 1018 eficae.
510 979 735 1030 Objectum
777 978 870 1018 dico
902 981 1050 1018 natum
1085 977 1187 1017 dare
1226 977 1348 1016 recti¬

340 1053 528 1093 tudinem
574 1054 645 1093 tali
684 1055 857 1093 notitiae.
898 1052 1050 1100 Addit,
1102 1052 1218 1103 quod
1256 1052 1349 1101 ipsa

336 1131 523 1180 practica
560 1131 692 1170 habet
731 1131 919 1180 aliquam
964 1128 1264 1168 habitudinem
1293 1129 1351 1168 ad

334 1217 461 1246 usum
491 1206 579 1246 sive
600 1206 655 1246 ad
675 1208 987 1256 operationem,
1024 1216 1107 1256 qua
1127 1205 1346 1256 objectum

333 1282 469 1333 possit
507 1284 673 1334 attingi,
715 1284 776 1322 sic
807 1282 925 1333 quod
962 1293 1066 1322 usus
1105 1282 1157 1320 sit
1185 1292 1263 1330 per
1299 1291 1345 1320 se

331 1359 547 1409 objectum
589 1359 698 1409 ejus,
732 1357 799 1399 vel
819 1357 981 1408 aliquid
1018 1356 1245 1396 includens
1266 1358 1345 1396 vir-

332 1434 502 1474 lualiter
521 1435 662 1485 ipsum
684 1445 824 1474 usum.
849 1434 890 1473 Si
910 1434 1083 1484 ponitur
1105 1433 1217 1484 quod
1241 1443 1344 1472 usus

332 1512 420 1550 sive
437 1512 646 1560 operatio,
681 1510 769 1550 sive
804 1510 947 1560 praxis
978 1510 1029 1549 sit
1063 1520 1140 1560 per
1160 1520 1206 1549 se
1228 1509 1344 1559 obje¬

331 1589 446 1626 ctum
482 1586 574 1626 talis
595 1587 756 1626 notitiae
775 1585 974 1636 praeficae
995 1585 1125 1626 debet
1144 1585 1340 1636 intelligi,

330 1665 375 1701 ut
407 1662 499 1702 talis
538 1664 730 1712 operatio
771 1663 902 1702 habet
936 1662 1147 1702 rationem
1185 1662 1344 1713 objecti

331 1739 504 1790 cogniti,
527 1749 614 1779 non
634 1742 681 1778 ut
701 1738 831 1778 habet
852 1739 1060 1779 rationem
1084 1749 1221 1778 causae
1240 1737 1339 1777 fina¬

326 1816 390 1863 lis,
421 1816 465 1856 id
497 1820 563 1856 est
590 1817 707 1867 quod
728 1817 906 1856 scientia
928 1815 1114 1865 practica
1146 1814 1340 1854 denomi¬

325 1896 450 1932 natur
484 1903 506 1931 a
538 1894 658 1942 praxi
696 1893 877 1932 habente
914 1892 1124 1931 rationem
1162 1890 1337 1942 objecti,

324 1967 412 2008 sive
442 1979 465 2008 a
499 1969 618 2018 praxi
654 1971 702 2007 ut
733 1969 920 2019 cognita,
960 1978 1047 2007 non
1084 1970 1131 2006 ut
1165 1978 1187 2006 a
1219 1966 1339 2017 praxi

323 2045 511 2085 habente
557 2046 770 2085 rationem
811 2053 953 2084 causae
992 2043 1128 2084 finalis
1167 2044 1256 2084 sive
1290 2046 1337 2082 ut

324 2125 424 2162 actu
440 2126 593 2162 amata.
618 2123 658 2162 Si
673 2133 773 2162 vero
786 2121 959 2171 ponitur
979 2121 1200 2173 objectum
1217 2133 1336 2169 usus,

326 2198 444 2249 quod
464 2199 615 2239 melius
645 2201 688 2237 et
706 2199 843 2249 magis
873 2197 928 2236 ad
954 2198 1235 2237 intentionem
1257 2198 1332 2237 Do-

325 2281 451 2320 ctoris
471 2281 643 2320 videtur
663 2281 779 2330 poni,
811 2282 930 2329 patet
952 2279 1169 2329 quomodo
1204 2279 1336 2318 deno¬

322 2359 510 2397 minatur
524 2359 575 2397 ab
596 2357 667 2397 illo
682 2360 727 2396 ut
747 2357 935 2407 objecto.
955 2356 1157 2406 Sequitur
1176 2358 1183 2401 :
1205 2356 1337 2401 Quale

323 2433 603 2483 Philosophus
629 2445 712 2473 non
743 2434 885 2482 posuit
933 2445 1016 2472 esse
1057 2433 1231 2482 aliquod
1268 2443 1336 2472 ens

319 2510 403 2548 nisi
420 2521 488 2549 ens
510 2512 568 2550 ad
582 2511 723 2560 finem.
758 2510 987 2561 Objectum
1011 2511 1125 2549 enim
1151 2509 1335 2549 scientiae

318 2586 512 2635 praeficae
550 2588 723 2636 ponitur
770 2591 937 2626 tantum
977 2597 1054 2626 ens
1091 2585 1257 2625 finitum
1293 2589 1335 2625 et

319 2661 562 2702 ordinatum
601 2663 655 2702 ad
676 2664 820 2710 finem,
845 2667 887 2702 et
925 2664 987 2704 sic
1007 2674 1110 2702 usus
1132 2663 1333 2712 praeficae

320 2740 484 2777 tantum
523 2740 694 2787 ponitur
732 2739 843 2779 circa
892 2749 969 2779 ens
1009 2739 1064 2778 ad
1104 2738 1249 2786 finem,
1293 2741 1335 2777 et

319 2825 447 2854 omne
486 2815 569 2854 tale
617 2815 840 2866 objectum
879 2819 944 2855 est
990 2815 1192 2866 ignobilis
1233 2818 1333 2854 ente

319 2890 582 2939 speculabili,
635 2903 718 2930 non
758 2895 903 2931 tamen
936 2893 1026 2931 vult
1055 2891 1174 2942 quod
1207 2903 1332 2932 omne

318 2967 538 3018 objectum
567 2968 835 3017 speculativae
854 2970 907 3009 sit
933 2969 1184 3018 simpliciter
1209 2969 1330 3008 nobi¬

315 3043 397 3082 lius
428 3044 619 3093 quolibet
648 3045 819 3095 objecto
852 3045 1067 3095 praeficae;
1104 3045 1183 3084 sed
1217 3044 1333 3096 quod

317 3119 491 3169 aliquod
513 3120 731 3171 objectum
761 3121 954 3160 scientiae
976 3122 1250 3172 speculativae
1270 3125 1335 3161 est

317 3194 565 3243 simpliciter
579 3195 778 3244 nobilius,
796 3199 916 3245 patet
937 3197 991 3235 de
1014 3197 1162 3236 ultimo
1184 3195 1269 3236 fine
1293 3201 1335 3236 et

319 3269 372 3307 de
394 3270 642 3310 substantiis
673 3273 896 3320 separatis,
919 3271 1018 3311 ideo
1053 3272 1196 3322 aliqua
1230 3283 1329 3321 spe¬

319 3345 499 3386 culativa
521 3349 586 3385 est
612 3346 864 3395 simpliciter
883 3347 1070 3387 nobilior
1090 3349 1205 3388 omni
1236 3360 1331 3398 pra¬

320 3422 440 3470 ctica,
465 3433 558 3461 cum
581 3423 769 3471 praefica
801 3422 961 3461 habeat
991 3425 1155 3462 tantum
1177 3435 1331 3463 secun¬

321 3498 424 3538 dum
472 3498 774 3548 Philosophum
820 3510 893 3548 pro
938 3499 1111 3550 objecto
1160 3511 1238 3540 ens
1279 3501 1334 3540 ad

318 3573 463 3613 finem.

372 3649 435 3689 Ad
457 3651 628 3689 tertium
649 3650 751 3690 dicit
772 3651 921 3690 Doctor
944 3651 1061 3701 quod
1081 3652 1270 3702 practica
1292 3656 1334 3691 et

1422 368 1685 416 speculativa
1716 369 1875 410 habent
1898 371 2087 410 diversos
2108 369 2229 416 fines,
2254 370 2431 418 loquen-

1423 442 1476 482 do
1511 443 1564 483 de
1599 456 1675 495 per
1695 456 1742 484 se
1771 445 1927 485 finibus
1965 445 2069 486 infra
2110 456 2250 497 genus
2281 446 2431 496 cogni-

1420 522 1559 566 tioms,
1583 521 1682 570 quia
1702 521 1871 560 habitus
1892 522 2181 572 speculativus
2203 522 2331 560 habet
2351 530 2426 570 pro

1416 593 1499 633 fine
1530 596 1776 637 immediato
1799 601 1941 637 actum
1962 597 2252 650 cognoscendi
2274 608 2427 648 specu-

1417 670 1618 717 lativum;
1674 675 1884 722 praclicus
1929 684 2030 714 vero
2077 674 2248 713 habitus
2294 674 2425 713 habet

1415 750 1557 786 actum
1578 750 1829 798 practicum,
1852 750 1888 788 id
1912 753 1977 789 est
1999 749 2115 800 quod
2136 749 2301 789 habitus
2322 759 2423 799 spe¬

1416 823 1622 863 culativus
1653 825 1898 865 immediate
1930 825 2153 865 ordinatur
2190 824 2244 864 ad
2283 827 2422 875 ipsam

1413 900 1754 949 speculationem
1767 901 1810 941 in
1831 913 1898 950 se;
1918 902 2130 951 practicus
2150 913 2251 942 vero
2272 901 2420 940 imme¬

1415 975 1526 1016 diate
1548 977 1766 1017 ordinatur
1795 979 1850 1018 ad
1873 980 2164 1030 cognitionem
2189 979 2419 1028 praeficam

1414 1062 1511 1102 quoo
1542 1053 1650 1092 ultra
1680 1054 1901 1093 ordinatur
1915 1054 1956 1093 in
1982 1056 2157 1102 praxim,
2181 1058 2223 1093 et
2241 1054 2301 1093 sic
2318 1064 2420 1102 spe-

2441 1133 2447 1174 specuiniivi
1412 1129 1607 1168 culat!vas
1644 1128 1738 1168 finis
1769 1129 1922 1170 dicitur
1949 1132 2121 1178 veritas,
2153 1130 2195 1169 id
2240 1135 2303 1170 est
2347 1141 2420 1169 co-

1409 1206 1560 1254 gmtio,
1619 1207 1722 1254 puta
1781 1206 2066 1245 conclusionis
2127 1205 2280 1245 dicitur
2327 1204 2421 1245 finis

1408 1280 1685 1328 speculativae
1719 1284 1765 1320 ut
1799 1284 1864 1320 est
1898 1283 1939 1322 in
1979 1282 2156 1332 simplici
2190 1281 2417 1330 speculati¬

1409 1366 1492 1395 one
1513 1367 1521 1402 ;
1550 1355 1646 1396 finis
1684 1367 1784 1398 vero
1816 1357 2088 1396 immediatus
2118 1357 2317 1406 praeficae
2355 1360 2422 1395 est

1409 1440 1532 1479 opus,
1558 1430 1600 1469 id
1622 1433 1687 1469 est
1708 1431 1895 1482 cognitio
1928 1441 2022 1481 quae
2042 1430 2286 1474 immediate
2317 1429 2417 1469 diri¬

1408 1506 1470 1557 git
1489 1508 1531 1547 in
1553 1518 1675 1557 opus.
1700 1507 1784 1547 Sed
1805 1507 1874 1547 isti
1892 1506 2000 1547 fines
2039 1516 2125 1547 non
2147 1507 2419 1558 distinguunt

1408 1585 1558 1632 primo,
1590 1587 1722 1633 palet,
1761 1586 1858 1633 quia
1885 1584 2053 1623 habitus
2090 1584 2149 1623 illi
2190 1587 2419 1623 causantur

1407 1670 1457 1698 ex
1480 1659 1688 1700 similibus
1709 1660 1896 1707 actibus;
1919 1660 1976 1699 illi
1994 1670 2097 1710 ergo
2120 1663 2240 1699 actus
2255 1660 2417 1699 habent

1405 1737 1540 1785 primo
1563 1736 1615 1775 ab
1647 1735 1832 1785 objecto,
1857 1735 1974 1786 quod
2004 1735 2200 1775 dicantur
2240 1735 2416 1786 praefici

1403 1812 1472 1851 vel
1503 1813 1768 1862 speculativi,
1798 1815 1841 1851 et
1878 1814 1938 1850 sic
1975 1811 2142 1851 habitus
2181 1811 2239 1851 illi
2277 1812 2412 1861 primo

1405 1888 1725 1940 distinguuntur
1753 1898 1829 1939 per
1846 1887 2031 1939 objecta,
2065 1891 2104 1927 et
2127 1888 2188 1927 sic
2208 1890 2326 1938 patet
2342 1897 2414 1926 so¬

1402 1965 1522 2005 lutio.

1774 2081 2029 2118 SCHOLIUM.

1449 2180 1576 2216 Solvit
1590 2183 1833 2225 argumenta
1857 2180 2020 2215 Henrici
2048 2180 2176 2226 posita
2211 2190 2323 2217 num.
2358 2181 2415 2217 10.

1401 2245 1611 2281 suadentia
1638 2245 1822 2282 habitum
1843 2247 1881 2280 et
1913 2248 2047 2281 actum
2086 2255 2172 2281 esse
2217 2247 2415 2291 practicos

1399 2318 1474 2354 per
1494 2310 1774 2345 extensionem
1797 2309 1846 2344 ad
1867 2309 2003 2345 finem.
2027 2309 2087 2345 Ad
2122 2311 2319 2355 primum,
2342 2321 2415 2347 ne¬

1401 2376 1468 2418 gat
1489 2374 1671 2410 habitum
1695 2374 1994 2420 speculativum
2022 2377 2060 2411 et
2079 2376 2305 2420 practicum
2327 2385 2412 2412 esse

1399 2439 1447 2475 de
1467 2438 1605 2475 eodem
1628 2438 1794 2484 objecto,
1817 2442 1855 2476 et
1875 2440 2053 2484 explicat
2073 2440 2222 2485 optime
2244 2450 2412 2486 quomo¬

1400 2503 1448 2540 do
1485 2504 1718 2540 intellectus
1739 2504 1972 2539 extensione
2012 2505 2062 2540 sit
2099 2505 2300 2550 practicus
2339 2514 2412 2551 per

1399 2570 1484 2603 tres
1505 2568 1667 2613 gradus.
1691 2568 1752 2604 Ad
1773 2567 1996 2604 secundum
2037 2567 2149 2604 docet
2186 2569 2410 2614 perfectam

1398 2632 1668 2677 cognitionem
1699 2632 1920 2677 praeficam
1954 2641 2041 2668 esse
2062 2632 2311 2677 particulare
2348 2633 2411 2668 di¬

1399 2699 1501 2732 ctam
1507 2705 1557 2731 en
1576 2695 1809 2732 immediate
1836 2695 2021 2740 dirigens
2042 2695 2092 2731 ad
2112 2706 2213 2741 opus
2233 2698 2272 2732 et
2293 2696 2411 2732 habi¬

1397 2764 1483 2798 tum
1516 2761 1793 2796 universalem
1827 2760 2065 2806 practicum,
2106 2762 2411 2806 comparatione

1398 2825 1520 2870 hujus
1559 2823 1639 2860 dici
1662 2824 1974 2870 speculativum,
2005 2827 2043 2861 et
2075 2824 2296 2860 secundum
2338 2825 2411 2861 hoc

1398 2887 1558 2924 habitus
1580 2887 1829 2923 universalis
1869 2887 2082 2923 Medicinae
2103 2897 2173 2924 seu
2199 2888 2409 2924 Theoricse

1381 2953 1550 2989 -dicitur
1570 2952 1849 2997 comparative
1877 2953 2167 2997 speculativus,
2192 2955 2250 2988 est
2276 2955 2411 2989 tamen

1398 3016 1644 3062 simpliciter
1664 3017 1881 3061 practicus.
1907 3016 1967 3051 Ad
1987 3017 2152 3052 tertium
2176 3016 2301 3060 docet,
2322 3018 2411 3062 pri¬

1398 3091 1505 3116 mam
1544 3081 1763 3117 bonitatem
1803 3081 1998 3116 moralem
2037 3089 2125 3115 esse
2163 3080 2210 3116 ab
2242 3081 2409 3126 objecto,

1399 3156 1476 3182 non
1497 3156 1519 3181 a
1540 3145 1633 3191 fine,
1656 3145 1816 3192 quando
1836 3145 1903 3181 hic
1925 3145 1972 3180 ab
2004 3145 2157 3190 objecto
2188 3145 2411 3190 distingui¬

1397 3213 1478 3254 tur,
1500 3210 1549 3246 de
1588 3220 1666 3256 quo
1685 3211 1719 3245 2.
1744 3209 1781 3246 d.
1805 3209 1864 3246 40.
1905 3212 1944 3246 et
1981 3209 2117 3254 quodl.
2153 3211 2209 3247 18.
2249 3209 2354 3255 quod
2376 3211 2410 3245 si

1397 3276 1476 3310 tota
1495 3274 1651 3310 bonitas
1680 3284 1701 3309 a
1730 3273 1808 3308 fine
1848 3275 1970 3317 esset,
2000 3283 2078 3308 non
2113 3272 2202 3309 ideo
2234 3273 2411 3318 cognitio

1398 3341 1503 3374 esset
1524 3339 1702 3384 practica
1722 3338 1764 3373 in
1786 3336 1928 3373 ordine
1949 3336 1998 3372 ad
2019 3336 2154 3380 finem,
2189 3337 2260 3373 sed
2281 3338 2324 3373 in
2343 3347 2411 3373 or¬

1399 3401 1494 3438 dine
1508 3401 1556 3437 ad
1577 3401 1793 3447 objectum.
1816 3401 1960 3445 Objicit
1981 3400 2202 3446 dupliciter
2224 3402 2408 3437 habitum

1399 3476 1477 3503 non
1499 3466 1697 3510 distingui
1719 3465 1767 3501 ab
1788 3465 1956 3510 objecto,
1977 3467 2016 3500 et
2036 3465 2212 3510 explicat
2250 3464 2411 3511 quando

1399 3539 1531 3566 causas
1557 3530 1794 3566 extrinsecae
1814 3531 2044 3566 necessario
2058 3531 2225 3566 causant
2244 3529 2410 3564 effectus

1400 3593 1618 3630 distinctos.
1652 3594 1742 3629 Haec
1780 3593 1829 3628 de
1874 3593 1948 3629 hac
1987 3596 2221 3640 quaestione,
2247 3591 2292 3628 in
2330 3602 2408 3639 qua

1400 3659 1539 3694 Doctor
1575 3658 1693 3694 habet
1729 3658 1922 3703 pulchras
1960 3660 1997 3693 et
2030 3658 2165 3694 varias
2202 3657 2405 3694 doctrinas
