2653 3979
256 358 501 417 primum.
557 362 621 407 Et
674 360 898 408 ulterius
959 364 1133 422 potest
1181 377 1262 409 co¬

253 447 524 492 gnoscere,
577 435 629 481 in
676 449 776 491 quo
829 438 1068 485 salvatur
1121 438 1260 485 ratio

254 509 395 555 illius
426 509 584 569 primi
608 511 814 570 objecti,
846 515 896 559 et
926 513 976 557 in
1007 527 1107 572 quo
1145 526 1259 572 per¬

248 585 553 638 fectissime,
621 587 726 637 tale
783 591 961 635 autem
1014 592 1094 636 est
1139 589 1258 635 finis

251 661 530 720 potentiae;
586 676 731 708 mens
779 666 948 709 autem
1001 666 1130 711 nota
1178 668 1258 712 est

247 737 360 791 sibi,
394 739 676 784 secundum
711 739 1066 798 Augustinum
1091 743 1159 786 14.
1207 743 1260 785 de

252 816 374 858 Trin.
416 829 510 870 cap.
550 816 588 860 4.
618 814 784 872 igitur
823 818 1008 862 notum
1044 819 1124 862 est
1159 816 1256 862 sibi

246 890 365 948 quid
388 890 456 937 sit
479 890 592 950 ejus
632 891 863 950 primum
895 892 1173 950 objectum,
1205 894 1256 939 et

244 964 392 1011 novit
440 966 606 1010 Deum
652 978 757 1009 non
795 966 1046 1012 excedere
1094 965 1255 1012 ratio¬

243 1054 363 1087 nem
388 1041 530 1086 illius
555 1040 715 1100 primi
742 1042 948 1102 objecti,
987 1042 1108 1101 quia
1132 1045 1254 1089 tunc

242 1118 387 1163 nullo
432 1117 584 1162 modo
631 1121 770 1165 esset
817 1119 879 1164 ab
919 1119 1034 1178 ipsa
1081 1121 1254 1166 mente

242 1192 620 1251 intelligibilis;
688 1205 815 1252 ergo
884 1193 1031 1240 novit
1085 1195 1251 1240 Deum

239 1282 354 1314 esse
408 1268 682 1326 optimum,
751 1269 801 1314 in
848 1283 948 1328 quo
1012 1270 1253 1316 salvatur

241 1344 381 1390 ratio
425 1344 504 1389 sui
542 1343 702 1402 primi
728 1344 936 1404 objecti,
968 1347 1018 1391 et
1053 1345 1129 1392 ita
1168 1359 1253 1391 no¬

237 1420 315 1466 vit
344 1419 516 1479 ipsum
539 1433 654 1465 esse
682 1419 837 1466 finem
861 1421 1128 1480 potentiae.

296 1498 496 1543 Contra
540 1497 608 1554 (u)
659 1497 938 1542 secundam
985 1497 1247 1543 rationem

240 1571 491 1630 arguitur
528 1571 602 1617 sic
630 1587 639 1616 :
680 1570 731 1617 Si
760 1584 854 1630 per
896 1585 1054 1617 unum
1077 1574 1248 1617 extre¬

242 1661 382 1693 mum
398 1647 743 1706 cognoscitur
772 1648 910 1694 aliud
927 1651 1244 1698 extremum,

239 1736 368 1782 ergo
414 1726 465 1770 et
507 1724 750 1770 medium.
801 1725 896 1772 Sed
941 1723 1247 1770 necessaria

238 1803 299 1849 ad
323 1801 744 1860 consequendum
778 1802 950 1854 finem,
995 1803 1116 1848 sunt
1141 1815 1246 1848 me¬

237 1878 320 1925 dia
347 1878 488 1924 inter
520 1879 770 1924 naturam
810 1880 861 1924 et
893 1881 1049 1924 finem
1091 1892 1243 1925 suum

237 1954 686 2012 consequendum;
718 1953 886 2013 igitur
919 1968 1038 2000 cum
1071 1968 1136 2000 ex
1163 1968 1245 2000 co¬

235 2030 472 2089 gnitione
518 2032 724 2076 naturae
777 2030 946 2090 possit
993 2031 1244 2090 cognosci

235 2105 356 2151 finis
398 2106 605 2150 naturae
629 2107 912 2152 secundum
947 2106 1096 2165 prius
1128 2120 1245 2165 pro¬

234 2181 373 2233 bata,
420 2180 630 2227 videtur
671 2182 803 2240 quod
847 2182 1098 2229 similiter
1134 2196 1247 2241 pos¬

238 2257 343 2304 sint
372 2257 622 2315 cognosci
653 2257 822 2304 media
857 2257 1163 2304 necessaria
1186 2258 1247 2303 ad

237 2334 411 2379 finem.
438 2333 802 2380 Confirmatur
819 2334 976 2386 ratio,
1006 2333 1079 2379 ita
1107 2333 1246 2379 enim

238 2410 290 2456 in
368 2409 647 2468 proposito
715 2410 917 2457 entium
982 2410 1043 2456 ad
1090 2409 1247 2456 finem

238 2484 446 2531 videtur
491 2497 607 2530 esse
645 2485 951 2531 necessaria
991 2484 1247 2531 connexio

238 2560 299 2606 ad
329 2560 502 2619 ipsum
529 2560 686 2606 finem
728 2560 864 2608 sicut
893 2560 946 2606 in
987 2560 1122 2612 aliis,
1163 2561 1249 2607 sed

240 2639 460 2696 propter
518 2637 679 2684 talem
743 2637 1128 2683 connexionem
1197 2638 1249 2683 in

238 2712 375 2764 aliis,
429 2726 492 2758 ex
545 2712 645 2758 fine
700 2715 1099 2771 cognoscuntur
1157 2714 1250 2760 illa

239 2802 353 2846 quae
413 2790 533 2834 sunt
597 2788 658 2834 ad
708 2787 865 2834 finem
926 2790 1247 2842 necessaria,

242 2860 380 2908 sicut
421 2874 515 2920 per
550 2860 814 2906 rationem
845 2861 1094 2909 sanitatis
1134 2876 1252 2908 con¬

239 2937 472 2985 cluditur
507 2937 639 2984 talia
685 2941 736 2983 et
778 2938 909 2984 talia
949 2939 1153 2998 requiri
1190 2940 1250 2986 ad

242 3012 526 3060 sanitatem
549 3029 557 3065 ;
589 3025 735 3071 ergo,
766 3016 864 3060 etc.

298 3089 373 3135 Ad
397 3089 643 3148 primum,
669 3090 739 3147 (x)
768 3089 889 3136 licet
923 3091 1172 3149 procedat
1193 3091 1252 3138 de

242 3165 359 3220 fine,
395 3165 482 3224 qui
511 3168 590 3212 est
619 3179 780 3212 causa
818 3167 1009 3219 finalis,
1051 3180 1155 3212 non
1193 3168 1252 3213 de

243 3241 343 3287 fine
376 3241 680 3299 attingendo
724 3255 816 3300 per
869 3242 1251 3302 operationem,

244 3331 470 3375 quorum
509 3317 693 3363 finium
738 3318 1009 3365 distinctio
1049 3319 1253 3365 dicetur

238 3396 378 3448 infra.
422 3394 603 3440 Potest
637 3395 810 3440 tamen
848 3395 908 3440 ad
937 3394 1075 3442 istud
1097 3397 1149 3442 et
1189 3396 1250 3442 ad

241 3480 462 3525 sequens
509 3468 568 3513 de
607 3468 922 3526 Augustino,
960 3471 1012 3516 et
1053 3470 1114 3516 ad
1147 3471 1250 3516 ter¬

240 3543 373 3590 tium
397 3544 456 3589 de
482 3543 717 3603 potentia
750 3547 802 3591 et
825 3545 997 3604 primo
1023 3545 1244 3605 objecto,

240 3618 340 3665 dici
364 3618 519 3664 unica
534 3620 895 3678 responsione,
916 3621 1051 3679 quod
1069 3622 1247 3668 omnia

1338 365 1606 424 accipiunt
1650 370 1893 416 nostram
1953 373 2202 419 naturam
2264 371 2348 417 vel

1338 442 1632 500 potentiam
1697 445 2078 494 intellectivam
2139 461 2254 494 esse
2317 460 2347 493 a

1335 518 1484 565 nobis
1541 521 1952 578 cognoscibilem
2003 523 2343 576 naturaliter,

1335 594 1467 651 quod
1514 593 1705 640 falsum
1752 599 1832 643 est
1878 598 1972 644 sub
2012 598 2102 644 illa
2140 598 2348 644 ratione

1333 669 1556 727 propria
1601 673 1652 717 et
1700 672 1939 730 speciali,
1989 674 2082 719 sub
2135 687 2234 732 qua
2287 673 2347 719 ad

1333 743 1494 790 talem
1516 744 1672 791 finem
1703 747 1996 801 ordinatur,
2032 751 2084 796 et
2123 749 2217 794 sub
2246 761 2348 807 qua

1333 831 1501 878 capax
1527 823 1607 867 est
1641 821 1833 880 gratiae
1874 826 2272 875 consummatae,
2296 825 2346 869 et

1331 894 1425 940 sub
1451 909 1550 954 qua
1570 896 1725 944 habet
1752 900 1920 945 Deum
1950 912 2046 958 pro
2080 899 2348 959 perfectis¬

1331 970 1465 1017 simo
1508 972 1729 1031 objecto.
1762 975 1878 1019 Non
1907 974 2046 1021 enim
2076 974 2345 1033 cognosci¬

1329 1050 1419 1094 tur
1470 1048 1648 1093 anima
1700 1062 1729 1094 a
1785 1049 1952 1103 nobis,
2005 1064 2099 1097 nec
2149 1054 2345 1097 natura

1328 1124 1516 1169 nostra
1554 1136 1650 1182 pro
1693 1126 1833 1170 statu
1866 1124 1984 1177 isto,
2010 1126 2112 1172 nisi
2143 1127 2235 1172 sub
2264 1139 2343 1171 ra¬

1327 1199 1469 1244 tione
1521 1199 1699 1259 aliqua
1731 1202 1968 1259 generali
2008 1201 2343 1249 abstrahibili

1327 1286 1356 1319 a
1392 1274 1744 1328 sensibilibus,
1783 1276 1918 1323 sicut
1966 1277 2165 1336 patebit
2203 1277 2344 1322 infra

1325 1350 1427 1395 dist.
1476 1353 1518 1408 3.
1558 1359 1704 1408 qncest.
1735 1353 1776 1397 3.
1827 1353 1892 1400 Et
1940 1354 2222 1399 secundum
2263 1354 2340 1398 ta¬

1323 1423 1426 1470 lem
1498 1425 1762 1472 rationem
1842 1429 2172 1486 generalem,
2237 1441 2341 1474 non

1324 1504 1570 1551 convenit
1619 1505 1718 1551 sibi
1777 1505 2013 1552 ordinari
2071 1507 2132 1552 ad
2177 1507 2337 1553 talem

1321 1578 1494 1632 finem,
1542 1594 1636 1627 nec
1671 1594 1826 1639 posse
1855 1595 2046 1642 capere
2086 1582 2336 1641 gratiam,

1321 1667 1414 1702 nec
1453 1656 1647 1703 habere
1676 1657 1749 1703 sic
1771 1658 1945 1704 Deum
1988 1671 2084 1717 pro
2131 1657 2336 1718 objecto

1322 1732 1732 1793 perfectissimo.

1378 1810 1519 1854 Tunc
1537 1809 1598 1853 ad
1620 1806 1850 1854 formam
1873 1809 2194 1867 argumenti,
2214 1816 2333 1855 cum

1318 1885 1514 1931 dicitur
1537 1903 1544 1930 :
1578 1886 1711 1944 quod
1734 1899 1798 1931 ex
1831 1889 1949 1933 ente
1977 1887 2038 1932 ad
2064 1887 2219 1932 finem
2251 1899 2334 1945 po-

2342 1979 2356 2019 oognoc-itur
1317 1963 1424 2008 test
1471 1973 1725 2019 cognosci
1785 1964 1903 2008 finis
1959 1965 2325 2006 demonstratione

1317 2039 1420 2095 quia
1426 2074 1434 2091 ,
1458 2037 1727 2083 dicendum
1753 2037 1886 2095 quod
1902 2051 2006 2083 non
2021 2039 2100 2084 est
2115 2019 2318 2089 verum,

1318 2113 1420 2159 nisi
1448 2113 1661 2171 cognito
1690 2113 1781 2159 illo
1810 2116 1928 2161 ente
1956 2115 2016 2160 ad
2048 2115 2205 2161 finem
2237 2115 2331 2161 sub

1321 2188 1413 2236 illa
1440 2189 1662 2249 propria
1685 2191 1909 2244 ratione,
1936 2192 2030 2237 sub
2059 2205 2158 2250 qua
2179 2191 2336 2239 habet

1320 2266 1476 2312 finem
1529 2266 1716 2320 istum,
1766 2269 1818 2314 et
1860 2270 1981 2315 tunc
2032 2269 2208 2315 minor
2257 2271 2337 2315 est

1322 2343 1473 2390 falsa.
1521 2345 1585 2390 Et
1627 2358 1744 2389 cum
1775 2345 2035 2404 probatur
2079 2360 2174 2406 per
2218 2360 2341 2406 pro-

1322 2419 1802 2480 portionalitatem,
1857 2421 1971 2468 dico
2023 2423 2156 2482 quod
2213 2423 2339 2470 licet

1326 2508 1470 2541 mens
1512 2495 1579 2541 sit
1627 2495 1806 2541 eadem
1854 2496 1967 2549 sibi,
2010 2511 2115 2542 non
2159 2500 2337 2544 tamen

1322 2584 1419 2630 pro
1463 2572 1607 2617 statu
1646 2570 1749 2617 isto
1791 2573 1871 2618 est
1914 2573 2337 2632 proportionalis

1324 2647 1422 2692 sibi
1450 2649 1703 2706 tanquam
1729 2647 2009 2706 objectum,
2028 2649 2131 2695 nisi
2161 2663 2336 2696 secun¬

1324 2722 1442 2767 dum
1478 2721 1717 2768 rationes
1765 2723 2042 2780 generales
2083 2737 2195 2783 quae
2223 2738 2340 2783 pos¬

1326 2800 1447 2844 sunt
1469 2796 1710 2843 abstrahi
1738 2797 1800 2842 ab
1835 2797 2279 2857 imaginabilibus.

1384 2874 1457 2919 Ad
1479 2873 1940 2920 confirmationem
1957 2876 2026 2933 (y)
2047 2875 2178 2927 dico,
2206 2876 2340 2934 quod

1325 2959 1420 2992 nec
1462 2945 1691 2991 aliarum
1741 2946 2164 2994 substantiarum
2209 2947 2338 2993 fines

1327 3020 1533 3079 proprii
1568 3021 1979 3078 cognoscuntur,
2017 3022 2106 3080 qui
2136 3022 2340 3068 scilicet

1327 3098 1450 3141 sunt
1510 3109 1695 3141 earum
1760 3097 2043 3143 secundum
2101 3097 2336 3144 rationes

1327 3170 1595 3230 proprias,
1655 3171 1759 3217 nisi
1805 3172 1970 3232 aliqui
2028 3173 2132 3219 sint
2184 3176 2334 3220 actus

1327 3245 1613 3300 manifesti,
1649 3261 1712 3292 ex
1760 3246 1945 3306 quibus
1991 3247 2337 3294 concludatur

1328 3321 1453 3367 ordo
1473 3335 1659 3368 earum
1694 3323 1755 3369 ad
1783 3323 1946 3369 talem
1971 3323 2145 3368 finem.
2177 3324 2240 3369 Et
2274 3337 2338 3368 ex

1324 3396 1422 3444 hoc
1463 3400 1609 3457 patet
1643 3398 1703 3444 ad
1731 3398 1872 3451 illud,
1899 3398 2031 3458 quod
2065 3397 2339 3444 adducitur

1323 3476 1512 3520 contra
1535 3473 1902 3533 probationem
1930 3473 2171 3525 minoris,
2203 3473 2334 3531 quod

1322 3547 1426 3595 ista
1449 3549 1748 3608 propositio
1771 3563 1875 3594 non
1902 3552 1983 3596 est
2017 3549 2152 3595 falsa
2175 3566 2184 3594 :
2216 3550 2333 3595 Non

1319 3625 1668 3682 cognoscitur
1693 3638 1722 3671 a
1751 3624 1901 3670 nobis
1927 3625 2047 3671 finis
2077 3625 2331 3684 proprkis
