2653 3979
242 325 500 371 fruamur.
529 342 546 363 »
580 325 711 370 Item
737 339 745 367 :
773 341 790 363 «
818 321 938 377 quia
960 321 1126 366 bonus
1149 320 1245 370 est,

245 411 442 450 sumus,
479 399 531 444 et
554 398 863 456 mquantum
898 405 1093 444 sumus,
1133 396 1249 436 boni

249 487 445 519 sumus.
490 472 660 518 Porro
707 470 829 530 quia
866 470 1028 516 etiam
1074 468 1250 527 justus

247 551 340 601 est,
373 561 476 594 non
503 548 714 607 impune
737 545 862 592 mali
884 557 1082 597 sumus,
1110 545 1160 589 et
1185 543 1197 588 i
1204 556 1252 588 li¬

248 626 501 682 quantem
550 623 680 668 mali-
713 635 910 674 sumus,
952 621 1003 666 in
1044 621 1251 666 tantum

245 699 409 746 etiam
460 699 631 745 minus
676 711 874 744 sumus.
930 696 1025 743 Ille
1085 694 1254 753 igitur

247 789 388 828 usus,
416 789 517 834 quo
546 775 696 821 nobis
737 774 908 821 utitur
940 775 1096 823 Deus,
1149 784 1252 816 non

246 851 308 896 ad
328 850 458 910 ejus,
492 851 577 897 sed
605 851 665 896 ad
693 851 934 896 nostram
963 848 1252 895 utilitatem

246 928 499 982 refertur,
526 927 587 974 ad
608 928 720 987 ejus
736 940 864 973 vero
887 926 1251 973 tantummodo

244 1003 555 1050 bonitatem.
589 1022 607 1044 »

251 1156 403 1199 Utrum
427 1155 635 1199 utendum
639 1171 648 1208 ,
674 1170 732 1198 an
758 1155 997 1211 fruendum
1032 1155 1088 1197 sit
1113 1155 1253 1197 virtu¬

686 1232 795 1274 tibus
809 1231 830 1273 ?

311 1382 409 1429 Hic
450 1380 884 1428 considerandum
930 1381 1031 1435 est,
1074 1382 1255 1426 utrum

247 1457 534 1505 virtutibus
572 1457 639 1504 sit
679 1456 944 1509 utendum,
981 1469 1047 1502 an
1080 1454 1254 1502 fruen-

244 1533 382 1580 dum.
413 1532 730 1586 Quibusdam
751 1532 976 1586 videtur,
1008 1533 1143 1591 quod
1179 1532 1256 1579 eis

247 1608 316 1656 sit
345 1609 592 1655 utendum
633 1611 684 1655 et
723 1607 1160 1660 non'fruendum,
1204 1612 1255 1656 et

245 1685 344 1732 hoc
366 1684 682 1731 confirmant
719 1684 1044 1731 auctoritate
1085 1684 1256 1743 Augu-

248 1762 389 1814 stini,
415 1761 517 1821 qui,
549 1763 604 1807 ut
627 1763 984 1821 praetaxatum
1011 1763 1106 1813 est,
1131 1761 1256 1808 dicit

247 1851 352 1884 non
377 1851 493 1884 esse
531 1837 809 1884 fruendum
851 1837 954 1884 nisi
975 1836 1253 1891 Trinitate,

340 1916 436 1967 ost,
485 1927 691 1960 summo
743 1914 795 1959 et
835 1912 1258 1960 incommutabili

247 1990 398 2036 bono.
451 1991 582 2037 Item
610 1989 803 2041 dicunt,
847 1989 959 2035 ideo
987 2002 1091 2035 non
1142 2003 1258 2036 esse

248 2065 525 2113 fruendum
577 2064 687 2117 eis,
743 2064 865 2124 quia
923 2066 1146 2125 propter
1203 2078 1257 2111 se

246 2141 480 2186 amandae
502 2152 606 2184 non
631 2143 769 2192 sunt,
809 2140 895 2186 sed
934 2142 1156 2200 propter
1193 2154 1258 2186 ae¬

242 2218 453 2263 ternam
475 2214 868 2261 beatitudinem.
908 2216 1039 2262 Illud
1061 2216 1254 2269 autem,

248 2304 348 2350 quo
411 2289 690 2336 fruendum
764 2293 860 2343 est,
925 2293 1146 2351 propter
1204 2305 1258 2337 se

247 2366 528 2413 amandum
566 2369 662 2413 est.
706 2366 803 2414 Sed
850 2367 985 2426 quod
1026 2366 1258 2415 virtutes

250 2444 471 2502 propter
500 2455 554 2487 se
582 2442 817 2489 amandae
844 2456 947 2488 non
977 2443 1104 2496 sint,
1154 2444 1257 2490 imo

251 2520 471 2578 propter
511 2517 680 2564 solam
718 2518 1114 2573 beatitudinem,
1142 2533 1261 2579 pro¬

248 2593 373 2640 bant
426 2593 750 2641 auctoritate
803 2595 1086 2654 Augustini
1113 2633 1121 2649 ,
1173 2597 1260 2655 qui

251 2670 303 2716 in
331 2670 417 2716 lib.
449 2671 502 2717 13
511 2706 518 2713 .
562 2671 621 2716 de
659 2670 848 2718 Trinit.
880 2675 1071 2719 contra
1110 2686 1262 2731 quos¬

248 2747 366 2793 dam
390 2747 495 2794 ait:
549 2765 567 2788 «
611 2747 772 2794 Forte
815 2747 1077 2802 virtutes,
1133 2761 1263 2807 quas

251 2826 474 2883 propter
515 2822 684 2869 solam
717 2823 1095 2870 beatitudinem
1124 2837 1263 2871 ama¬

255 2913 385 2954 mus,
418 2900 491 2947 sic
521 2900 841 2959 persuadere
863 2900 1012 2946 nobis
1054 2901 1261 2954 audent,

256 2977 312 3022 ut
351 2975 521 3034 ipsam
566 2974 941 3022 beatitudinem
987 2989 1090 3022 non
1130 2989 1267 3022 ame¬

258 3064 399 3104 mus;
432 3051 566 3110 quod
595 3051 639 3097 si
672 3050 890 3105 faciunt,
927 3052 1088 3098 etiam
1124 3051 1266 3111 ipsas

257 3126 436 3185 utique
475 3139 658 3172 amare
695 3127 1022 3180 desistimus,
1062 3129 1266 3186 quando

257 3201 421 3254 illam,
470 3205 691 3262 propter
736 3215 891 3263 quam
920 3203 1089 3249 solam
1135 3203 1267 3250 istas

259 3278 552 3324 amavimus
578 3315 587 3331 ,
629 3291 734 3324 non
779 3291 1036 3324 amamus.
1070 3296 1088 3319 »
1136 3281 1270 3326 Ecce

257 3354 306 3400 hj
315 3369 336 3400 s
368 3355 543 3401 verbis
583 3355 790 3401 videtur
829 3354 1157 3414 Augustinus
1193 3370 1271 3402 08-

254 3431 481 3484 tendere,
512 3431 645 3486 quod
671 3431 900 3478 virtutes
923 3445 1026 3477 non
1051 3433 1271 3485 propter

258 3521 328 3560 se,
355 3508 443 3554 sed
467 3510 687 3567 propter
704 3507 873 3554 solam
893 3507 1273 3554 beatitudinem

262 3584 496 3631 amandae
526 3583 646 3630 sint.
680 3584 823 3638 Quod
845 3584 889 3630 si
911 3583 986 3631 ita
1013 3586 1110 3637 est,
1141 3596 1271 3643 ergo

1322 315 1397 363 eis
1437 313 1712 362 fruendum
1740 324 1843 358 non
1882 312 1977 357 est.
2022 308 2154 356 Aliis
2199 317 2326 351 vero

1323 393 1512 438 contra
1563 389 1786 440 videtur,
1841 385 2043 433 scilicet
2090 381 2222 444 quod
2254 379 2329 426 eis

1324 466 1598 514 fruendum
1628 464 1713 517 sit,
1739 463 1860 522 quia
1890 462 2110 521 propter
2156 472 2208 505 se
2250 470 2328 516 pe-

1325 543 1490 589 tendae
1537 544 1589 589 et
1634 539 1869 586 amandae
1920 539 2056 584 sunt.
2116 536 2180 582 Et
2230 532 2328 579 hoc

1325 618 1642 665 confirmant
1717 613 2042 663 auctoritate
2114 610 2330 657 Ambro¬

1327 695 1407 747 sii,
1433 695 1520 754 qui
1559 693 1634 740 ait
1663 705 1823 751 super
1850 690 2000 738 illum
2035 689 2209 735 locum
2230 686 2332 745 epi¬

1328 772 1479 819 stolae
1501 771 1562 816 ad
1584 769 1802 817 Galatas
1832 769 1841 813 :
1873 768 2060 812 Fructus
2087 773 2229 808 autem
2248 764 2333 819 spi¬

1326 850 1437 891 ritus
1457 855 1515 891 est
1536 846 1745 896 charitas,
1768 844 1992 901 gaudium,
2023 856 2114 898 pax
2120 855 2129 896 ,
2161 840 2331 896 patien¬

1328 926 1388 967 tia
1395 959 1404 976 ,
1429 924 1526 970 etc.
1555 940 1573 963 «
1603 922 1723 966 Haec
1757 932 1861 965 non
1889 916 2127 963 nominat
2158 926 2329 971 opera,

1329 1000 1414 1046 sed
1435 998 1660 1050 fructus,
1693 997 1815 1055 quia
1841 996 2062 1055 propter
2091 1006 2146 1038 se
2168 991 2339 1049 peten¬

1327 1076 1389 1122 da
1419 1078 1592 1122 sunt.»
1619 1073 1672 1121 Si
1694 1086 1821 1118 vero
1846 1071 2067 1132 propter
2093 1082 2147 1114 se
2172 1068 2340 1126 peten¬

1327 1150 1389 1196 da
1417 1152 1554 1202 sunt,
1585 1161 1713 1207 ergo
1744 1149 1966 1207 propter
2006 1159 2060 1190 se
2099 1142 2336 1190 amanda.

1328 1228 1435 1273 Nos
1470 1227 1647 1271 autem
1692 1224 1912 1275 harum,
1957 1235 2070 1280 quae
2131 1218 2338 1264 videtur

1329 1301 1716 1349 auctoritatum
1792 1296 2197 1358 repugnantiam
2282 1294 2340 1339 de

1331 1377 1498 1423 medio
1521 1376 1755 1422 eximere
1783 1373 2070 1433 cupientes,
2100 1370 2339 1422 dicimus,

1332 1454 1464 1512 quod
1489 1453 1719 1499 virtutes
1754 1450 1977 1510 propter
2010 1461 2064 1494 se
2109 1445 2342 1506 petendae

1329 1530 1380 1574 et
1403 1529 1638 1574 amandae
1661 1529 1799 1578 sunt,
1829 1527 1880 1572 et
1902 1526 2080 1571 tamen
2120 1522 2341 1581 propter

1332 1607 1500 1652 solam
1553 1603 1946 1652 beatitudinem.
2009 1602 2238 1660 Propter
2290 1613 2345 1645 se

1332 1683 1534 1743 quidem
1580 1681 1814 1728 amandae
1856 1680 1993 1733 sunt,
2049 1678 2171 1737 quia
2215 1675 2344 1723 dele¬

1328 1762 1476 1807 ctant
1518 1758 1597 1804 sui
1647 1769 1985 1817 possessores
2046 1754 2255 1800 sincera
2293 1756 2345 1800 et

1330 1837 1514 1883 sancta
1551 1834 1901 1881 delectatione
1943 1833 1994 1877 et
2041 1830 2094 1876 in
2137 1828 2213 1876 eis
2261 1842 2346 1888 pa-

1331 1911 1476 1959 riunt
1510 1909 1757 1970 gaudium
1790 1906 2087 1968 spirituale.
2127 1906 2346 1951 Verum-

1330 1990 1508 2035 tamen
1542 1998 1647 2032 non
1682 1986 1763 2031 est
1809 1983 1893 2030 hic
1933 1981 2343 2034 consistendum,

1330 2065 1416 2110 sed
1478 2064 1623 2110 ultra
1675 2060 2035 2120 gradiendum.
2099 2059 2216 2104 Non
2261 2056 2348 2102 hic

1331 2139 1532 2185 haereat
1569 2135 1866 2183 dilectionis
1903 2145 2143 2192 gressus,
2181 2144 2348 2190 neque

1331 2214 1416 2260 hic
1444 2214 1514 2260 sit
1535 2211 1831 2259 dilectionis
1856 2208 2133 2260 terminus,
2160 2206 2247 2252 sed
2271 2219 2350 2252 re¬

1332 2290 1542 2338 feratur
1578 2288 1676 2334 hoc
1714 2288 1774 2334 ad
1808 2286 1933 2333 illud
1971 2295 2239 2330 summum
2267 2281 2350 2328 bo¬

1332 2381 1474 2420 num,
1499 2367 1585 2413 cui
1614 2365 1715 2411 soli
1745 2363 1958 2411 omnino
1987 2359 2350 2407 inhaerendum

1333 2447 1430 2497 est,
1475 2444 1595 2504 quia
1629 2442 1757 2488 illud
1804 2442 2028 2501 propter
2060 2452 2115 2485 se
2142 2439 2350 2485 tantum

1335 2521 1615 2566 amandum
1650 2521 1746 2571 est,
1783 2518 1834 2564 et
1868 2517 2013 2563 ultra
2052 2513 2178 2560 illud
2218 2511 2350 2558 nihil

1337 2595 1671 2655 quaerendum
1695 2595 1802 2644 est;
1833 2590 1960 2637 illud
1998 2591 2077 2636 est
2105 2587 2245 2634 enim
2269 2600 2349 2632 su¬

1337 2685 1552 2731 premus
1566 2669 1702 2715 finis.
1724 2669 1842 2714 Ideo
1859 2664 2188 2725 Augustinus
2204 2662 2348 2715 dicit,

1339 2747 1471 2806 quod
1493 2759 1582 2792 eas
1610 2744 1879 2803 diligimus
1915 2742 2135 2801 propter
2182 2739 2351 2784 solam

1337 2822 1729 2874 beatitudinem,
1755 2833 1858 2866 non
1881 2818 2003 2879 quin
2025 2829 2113 2863 eas
2131 2816 2354 2875 propter

1340 2912 1393 2944 se
1409 2897 1709 2956 diligamus,
1727 2896 1813 2942 sed
1831 2893 1952 2953 quia
1968 2893 2015 2938 id
2035 2890 2354 2951 ipsumquod

1340 2988 1429 3021 eas
1468 2973 1755 3033 diligimus,
1802 2970 2086 3018 referimus
2128 2967 2189 3014 ad
2229 2966 2355 3014 illud

1343 3062 1608 3096 summum
1629 3048 1840 3100 bonum,
1867 3046 1952 3093 cui
1974 3044 2075 3092 soli
2098 3042 2355 3090 inhaeren¬

1341 3128 1462 3173 dum
1508 3128 1604 3178 est,
1646 3126 1697 3170 et
1731 3123 1785 3169 in
1829 3137 1889 3170 eo
1941 3119 2354 3181 permanendum

1343 3202 1565 3261 finisque
1596 3200 1799 3247 laetitiae
1841 3197 2108 3259 ponendus
2132 3212 2142 3248 ;
2191 3206 2355 3253 quare

1344 3277 1636 3325 virtutibus
1664 3289 1769 3322 non
1797 3276 1875 3321 est
1916 3272 2211 3319 fruendum.
2261 3269 2356 3317 Sed

1345 3356 1482 3402 dicet
1515 3353 1706 3414 aliquis
1731 3369 1740 3398 :
1779 3350 1908 3398 Frui
1941 3352 2022 3397 est
2059 3360 2241 3395 amore
2282 3347 2357 3392 in¬

1346 3431 1553 3477 haerere
1581 3428 1739 3476 alicui
1763 3428 1840 3474 rei
1865 3429 2085 3487 propter
2108 3424 2355 3482 seipsam,

1349 3510 1406 3555 ut
1440 3507 1751 3566 praedictum
1778 3507 1886 3557 est;
1912 3502 1956 3549 si
1977 3514 2107 3560 ergo
2127 3499 2358 3546 virtutes

1350 3584 1573 3647 propter
1618 3595 1672 3629 se
1724 3580 1958 3627 amandae
1992 3579 2141 3632 sunt,
2195 3577 2246 3624 et
2283 3574 2359 3622 eis
