2624 3979
270 310 547 360 fruendum
576 318 672 362 est.
721 317 796 363 Ad
841 318 972 377 quod
1016 317 1238 364 dicimus
1267 334 1278 362 :

269 388 322 434 in
369 388 460 435 illa
511 390 894 452 descriptione,
946 393 1030 439 ubi
1087 393 1283 440 dicitur

265 474 447 522 propter
487 469 673 525 seipscim
694 504 702 520 ,
759 469 1157 528 intelligendum
1203 473 1283 516 est

270 542 650 596 tantummodo,
715 546 766 590 ut
816 545 1019 592 scilicet
1073 549 1284 592 ametur

271 619 493 677 propter
522 618 748 679 seipsam
803 624 1028 674 tantum,
1078 626 1135 669 ut
1180 635 1283 668 non

274 693 544 741 referatur
565 696 626 742 ad
659 697 816 751 aliud,
843 699 927 744 sed
956 698 1025 744 ibi
1056 702 1285 758 ponatur

269 770 405 823 finis,
431 772 487 817 ut
521 785 684 832 supra
708 774 932 820 ostendit
956 774 1284 833 Augustinus

271 847 446 894 dicens
472 863 480 892 :
511 867 528 889 «
561 848 614 896 Si
644 849 920 897 inhaeseris
966 852 1122 910 atque
1168 865 1284 912 per¬

272 935 475 970 manser
475 923 505 971 q
512 938 534 971 s
558 961 568 979 ?
614 924 770 971 finem
831 939 1025 984 ponens
1084 927 1284 976 laetitiae

272 1003 374 1047 tu8e
245 1003 246 1065 chr.
382 1038 392 1055 ’
429 1004 552 1049 iunc
587 1016 712 1048 vere
739 1005 788 1050 et
821 1003 1038 1062 proprie
1071 1004 1178 1052 frui
1216 1006 1284 1052 di-

271 1078 460 1124 oendus
483 1091 554 1124 es.
581 1079 723 1131 Quod
750 1093 855 1125 non
881 1081 960 1126 est
990 1080 1284 1128 faciendum

270 1166 301 1197 n
308 1152 320 1197 i
329 1167 350 1198 s
359 1153 372 1198 i
396 1153 409 1198 i
415 1167 446 1198 n
467 1153 523 1200 iii
529 1167 560 1200 a
581 1154 862 1209 Trinitate,
886 1155 933 1202 id
953 1158 1050 1208 est,
1078 1170 1284 1202 summo

269 1230 322 1276 et
245 1235 252 1276 7.
350 1228 771 1277 incommutabili
798 1231 950 1277 bono.
978 1250 996 1272 »
1026 1233 1285 1280 Utendum

270 1308 350 1351 est
408 1317 536 1363 ergo
593 1308 883 1353 virtutibus
940 1310 991 1354 et
1051 1320 1145 1366 per
1195 1321 1284 1354 eas

271 1379 549 1426 fruendum
595 1395 800 1428 summo
829 1381 993 1435 bono;
1026 1383 1101 1430 ita
1137 1386 1188 1431 et
1227 1384 1285 1430 de

265 1456 543 1504 voluntate
565 1457 702 1504 bona
735 1458 973 1505 dicimus.
1003 1459 1145 1506 Unde
1185 1460 1284 1505 Au¬

268 1533 514 1592 gustinus
544 1534 594 1579 in
623 1534 710 1580 lib.
741 1537 810 1582 10.
847 1535 905 1581 de
939 1536 1128 1582 Trinit.
1166 1536 1240 1582 ait
1271 1554 1280 1582 :

272 1609 570 1656 «Voluntas
593 1613 674 1658 est
689 1624 783 1670 per
807 1624 961 1670 quam
992 1610 1239 1664 fruimur,
1264 1631 1280 1652 »

268 1684 343 1732 ita
375 1687 426 1731 et
474 1698 567 1744 per
622 1686 852 1733 virtutes
883 1686 1136 1738 fruimur;
1179 1700 1284 1732 non

267 1760 360 1813 eis,
404 1760 506 1807 nisi
557 1761 698 1809 forte
747 1762 925 1821 aliqua
982 1762 1156 1810 virtus
1216 1763 1282 1809 sit

268 1837 425 1890 Deus,
458 1840 514 1885 ut
536 1837 790 1893 charitas,
820 1839 879 1886 de
907 1852 1008 1898 qua
1030 1841 1149 1899 post
1176 1842 1285 1886 tra¬

269 1914 519 1962 ctabitur.

665 2064 893 2121 Epilogus.

331 2209 577 2256 Omnium
605 2209 788 2269 igitur,
826 2225 939 2270 quae
973 2210 1113 2258 dicta
1143 2213 1280 2264 sunt,

269 2299 334 2331 ex
363 2299 464 2345 quo
491 2286 550 2332 de
582 2287 736 2333 rebus
761 2287 1066 2347 specialiter
1087 2289 1284 2334 tracta-

270 2361 462 2417 vimus,
486 2361 596 2409 haec
621 2377 829 2410 summa
849 2366 928 2410 est
959 2380 968 2408 :
1000 2365 1133 2424 quod
1166 2364 1284 2410 aliae

245 2452 252 2485 .
273 2452 295 2485 S
301 2440 410 2491 unt,
461 2437 647 2497 quibus
683 2438 959 2486 fruendum
1011 2442 1121 2492 est,
1165 2440 1284 2486 aliae

276 2515 461 2574 quibus
491 2516 742 2562 utendum
766 2518 862 2569 est,
893 2516 1010 2562 aliae
1035 2530 1148 2576 quae
1181 2517 1285 2562 fru-

275 2594 438 2638 untur
459 2595 510 2639 et
534 2594 786 2648 utuntur;
815 2594 865 2638 et
895 2593 1037 2642 inter
1058 2606 1148 2639 eas
1179 2593 1287 2652 qui¬

273 2668 368 2714 bus
409 2669 658 2715 utendum
697 2670 793 2721 est,
837 2668 998 2715 etiam
1050 2670 1285 2728 quaedam

275 2748 396 2791 sunt
425 2758 520 2804 per
548 2759 676 2804 quas
705 2745 954 2799 fruimur,
979 2748 1036 2793 ut
1056 2746 1286 2792 virtutes

273 2823 325 2868 et
361 2821 610 2881 potentiae
632 2822 811 2874 animi,
843 2836 956 2881 quae
985 2825 1106 2869 sunt
1139 2825 1288 2869 natu¬

275 2897 414 2944 ralia
462 2898 613 2944 bona.
662 2899 736 2944 De
795 2898 979 2958 quibus
1028 2898 1284 2949 omnibus,

273 2976 557 3033 antequam
613 2974 671 3020 de
741 2974 908 3032 signis
974 2976 1284 3027 tractemus,

273 3050 531 3109 agendum
553 3052 650 3103 est,
687 3063 746 3097 ac
773 3050 1003 3110 primum
1031 3051 1089 3096 de
1112 3051 1284 3103 rebus,

275 3126 462 3186 quibus
503 3126 782 3172 fruendum
833 3129 936 3181 est,
986 3127 1187 3174 scilicet
1228 3127 1286 3172 de

275 3205 459 3250 sancta
482 3203 638 3261 atque
661 3201 925 3249 individua
947 3202 1224 3249 Trinitate.

493 3280 642 3337 (Finis
674 3287 817 3321 textus
837 3279 1080 3338 Magistri.)

1662 453 1965 506 QUESTIO
2033 455 2069 500 I.

1363 599 1515 642 Utrum
1540 613 1616 656 per
1641 613 1683 642 se
1709 600 1918 656 objectum
1950 599 2016 657 (a)
2047 601 2278 655 fruitionis
2316 602 2371 642 sil

1682 677 1862 718 ultimus
1897 677 2002 730 finis
2024 676 2044 718 ?

1421 1147 1578 1196 Circa
1605 1149 1998 1197 distinctionem
2031 1150 2274 1209 primam,
2320 1138 2371 1196 in

1362 1238 1462 1284 qua
1491 1224 1752 1283 Magister
1778 1227 1980 1273 tractat
2007 1226 2066 1283 de
2088 1228 2190 1283 frui
2215 1229 2268 1273 et
2288 1228 2368 1281 uti,

1362 1315 1538 1360 quaero
1566 1301 1737 1360 primo
1760 1302 1818 1347 de
1842 1302 2046 1362 objecto
2071 1301 2237 1361 ipsius
2257 1305 2370 1359 frui,

1359 1380 1411 1424 et
1452 1378 1626 1437 primo
1653 1392 1662 1419 :
1686 1379 1866 1423 utrum
1903 1391 1995 1437 per
2023 1391 2077 1424 se
2107 1378 2371 1437 objectum

1360 1454 1635 1502 fruitionis
1659 1453 1727 1501 sit
1748 1454 1867 1500 finis
1896 1455 2148 1501 ultimus?

1418 1534 1483 1579 Et
1517 1532 1769 1591 arguitur
1808 1532 1873 1591 (b)
1901 1532 2037 1591 quod
2076 1545 2195 1584 non,
2249 1532 2371 1590 quia

1360 1609 1643 1656 secundum
1677 1607 2034 1667 Augustinum
2068 1610 2138 1654 83.
2177 1610 2368 1661 Quaest.

1361 1698 1406 1736 q.
1436 1686 1507 1732 30.
1537 1686 1789 1728 Fruendum
1816 1694 1874 1727 est
1908 1686 2029 1727 bonis
2062 1686 2353 1728 invisibilibus
2361 1720 2370 1734 ,

1360 1760 1446 1806 sed
1487 1760 1642 1820 plura
1687 1762 1809 1806 sunt
1860 1760 1997 1805 bona
2048 1759 2336 1806 invisibilia
2360 1776 2368 1837 ;

1358 1849 1488 1895 ergo
1511 1849 1617 1882 non
1640 1839 1720 1883 est
1747 1835 2026 1882 fruendum
2053 1837 2262 1883 tantum
2297 1836 2371 1882 ul-

2393 1928 2394 1960 frui
1358 1910 1490 1958 timo
1520 1910 1637 1959 fine.

1417 1987 1567 2039 Item,
1615 1985 1887 2044 capacitas
1932 1984 2159 2031 fruentis
2204 1985 2286 2031 est
2314 1985 2369 2041 fi-

1356 2063 1616 2121 nita,quia
1636 2065 1832 2110 natura
1853 2062 2076 2123 subjecti
2097 2064 2178 2109 est
2198 2062 2372 2124 finita;

1357 2151 1486 2197 ergo
1527 2138 1799 2198 capacitas
1838 2138 1929 2183 illa
1963 2139 2139 2197 potest
2179 2138 2373 2185 satiari

1358 2215 1535 2274 aliquo
1567 2215 1771 2274 objecto
1794 2214 1961 2267 finito,
1987 2214 2073 2260 sed
2094 2213 2369 2260 fruendum

1358 2294 1438 2338 est
1483 2305 1816 2351 quocumque
1850 2291 2080 2338 satiante
2107 2291 2375 2350 capacita-

1360 2371 1467 2416 tem
1489 2368 1718 2415 fruentis
1739 2384 1748 2420 ;
1784 2379 1932 2425 ergo,
1963 2369 2064 2414 etc.

1421 2447 1571 2497 Item,
1611 2446 1807 2503 aliquid
1841 2447 1922 2491 est
1963 2456 2135 2504 majus
2175 2456 2376 2503 capaci-

1360 2523 1470 2569 tate
1521 2521 1710 2567 animae
1751 2523 1808 2567 ut
1842 2521 1997 2569 Deus,
2047 2519 2134 2578 qui
2175 2518 2373 2573 sufficit

1363 2597 1462 2643 sibi
1491 2596 1620 2657 ipsi;
1657 2599 1708 2643 et
1748 2596 1945 2654 aliquid
1971 2597 2052 2642 est
2093 2595 2265 2641 minus
2295 2608 2376 2655 ca-

1362 2673 1595 2734 pacitate
1623 2673 1736 2733 ejus
1765 2676 1822 2719 ut
1856 2685 2080 2731 corpus;
2116 2684 2244 2730 ergo
2285 2671 2377 2717 ali-

1363 2750 1482 2804 quid
1521 2752 1601 2796 est
1643 2749 1884 2800 medium,
1934 2747 2139 2795 scilicet
2172 2747 2374 2804 aequale

1362 2824 1652 2884 capacitati
1697 2823 1836 2884 ejus;
1880 2823 2006 2868 illud
2044 2822 2149 2869 erit
2201 2822 2372 2868 minus

1361 2903 1486 2955 Deo,
1507 2914 1652 2960 ergo,
1689 2902 1788 2946 etc.

1421 2978 1572 3030 Item,
1595 2975 1804 3022 firmius
1826 2974 2052 3021 assentit
2074 2973 2375 3020 intellectus

1362 3054 1453 3102 alii
1486 3068 1614 3101 vero
1656 3066 1812 3112 quam
1841 3052 2014 3112 primo
2053 3064 2181 3097 vero
2207 3068 2214 3102 ;
2246 3064 2375 3110 ergo

1363 3145 1392 3178 a
1421 3131 1601 3183 simili,
1640 3129 1898 3176 intensius
1927 3130 2100 3188 potest
2126 3127 2374 3175 voluntas

1362 3207 1626 3255 assentire
1678 3206 1770 3252 alii
1820 3205 1954 3251 bono
2003 3216 2159 3262 quam
2200 3203 2372 3263 primo

1361 3285 1513 3331 bono.

1422 3359 1573 3410 Item,
1623 3368 1963 3415 quaecumque
2007 3354 2182 3400 forma
2225 3356 2375 3401 natu¬

1364 3432 1494 3478 ralis
1530 3430 1691 3478 satiat
1720 3428 2073 3488 capacitatem
2102 3427 2370 3480 materiae;

1364 3508 1532 3568 igitur
1580 3506 1940 3566 quodeumque
1991 3504 2256 3564 objectum
2297 3517 2374 3550 sa¬

1362 3586 1462 3636 tiat
1497 3583 1850 3648 capacitatem
1883 3580 2150 3642 potentiae.
2183 3582 2375 3628 Conse-
