2624 3979
286 356 455 408 objecta
511 355 738 396 includunt
784 356 1119 407 perfectionem;
1171 355 1287 406 quod

284 432 378 471 dico
417 435 593 481 propter
630 433 864 473 relationes
902 433 1066 473 divinas
1107 435 1149 471 et
1184 430 1293 471 forte

285 511 466 555 creatas,
489 520 581 559 qure
614 510 775 548 nullam
805 508 1039 551 formaliter
1069 508 1293 548 includunt

284 584 608 633 perfectionem,
630 596 721 635 qua;
745 589 886 625 tamen
909 597 987 636 per
1005 595 1052 624 se
1075 585 1293 623 continen¬

284 664 350 699 tur
377 661 457 700 sub
492 665 600 700 ente.
635 663 752 700 Tunc
785 673 919 713 arguo
949 663 1009 700 sic
1045 673 1053 699 :
1086 660 1292 706 Potentia,

282 746 379 787 quae
402 736 520 785 plura
545 747 622 785 per
651 748 698 776 se
718 738 895 787 respicit
922 738 1107 788 objecta,
1130 734 1189 787 (id
1213 739 1293 780 est,

285 823 378 863 qute
414 814 587 862 respicit
625 813 746 863 plura
785 813 955 864 objecta
1000 823 1093 863 quae
1132 822 1210 861 per
1248 822 1294 850 se

285 890 561 929 continentur
589 890 668 929 sub
702 890 837 940 primo
872 889 1040 940 objecto
1075 888 1184 937 illius
1217 898 1296 937 po¬

289 964 444 1017 tentiae)
463 976 548 1005 non
581 969 724 1015 potest
752 966 794 1005 in
825 977 907 1006 uno
935 966 1100 1004 illorum
1124 965 1295 1014 proprie

290 1041 484 1092 quietari,
534 1042 616 1081 nisi
659 1042 902 1081 eminenter
950 1041 1016 1080 vel
1064 1040 1298 1079 virtualiler

286 1119 504 1157 contineat
542 1116 853 1167 perfectionem
892 1118 1061 1156 illorum
1101 1116 1296 1166 objecto¬

284 1205 393 1239 rum,
419 1196 551 1243 patet,
584 1194 681 1243 quia
714 1193 814 1232 dum
845 1194 1019 1242 respicit
1040 1202 1174 1230 unum
1202 1191 1295 1229 illo¬

284 1282 378 1310 rum
401 1269 608 1309 diminute
631 1268 860 1319 perficitur,
887 1270 983 1319 quia
1004 1279 1090 1308 non
1108 1269 1298 1307 continet

284 1345 596 1396 perfectionem
612 1345 787 1384 alterius
806 1356 932 1395 quam
955 1344 1081 1384 etiam
1105 1343 1297 1393 respicit,

286 1422 385 1463 ideo
419 1422 637 1473 singulum
670 1415 846 1471 semper
881 1415 1088 1469 diminute
1119 1418 1298 1469 perficit.

287 1500 325 1539 Si
363 1509 465 1549 ergo
496 1509 632 1537 unum
666 1498 833 1537 illorum
862 1496 1021 1537 debeat
1040 1496 1235 1536 ultimate
1259 1498 1302 1534 et

288 1574 542 1625 completive
578 1575 797 1624 perficere,
833 1573 1001 1623 oportet
1027 1573 1170 1621 ipsum
1202 1582 1301 1610 con¬

289 1654 424 1691 tinere
474 1649 789 1700 perfectionem
841 1650 1016 1689 aliorum
1064 1648 1301 1687 virtualiter

286 1728 353 1767 vel
376 1728 641 1773 eminenter;
663 1726 742 1766 sed
761 1726 960 1766 voluntas
989 1727 1132 1764 creata
1165 1723 1300 1773 respi¬

289 1805 343 1843 cit
371 1803 458 1843 sive
481 1803 706 1842 inclinatur
737 1803 789 1842 ad
821 1813 948 1842 omne
980 1811 1071 1846 ens,
1105 1801 1215 1839 sicut
1245 1799 1299 1838 ad

287 1891 365 1930 per
383 1891 430 1919 se
451 1879 637 1931 objecta,
668 1880 765 1930 quia
797 1879 927 1918 habet
958 1888 1034 1917 ens
1067 1887 1299 1915 commune

288 1968 363 2006 pro
385 1956 572 2005 objecto,
593 1959 640 2004 ut
659 1958 779 2004 patet
799 1955 822 1993 a
844 1953 1029 1993 Doctore
1061 1951 1170 1991 infra
1203 1953 1298 1991 dist.

287 2034 324 2082 3.
349 2036 489 2082 quaest.
513 2032 551 2071 3.
575 2033 611 2070 et
636 2033 680 2070 in
704 2032 741 2069 4.
771 2032 862 2071 dist.
898 2032 962 2071 49-
1006 2033 1047 2069 et
1080 2028 1299 2078 praecipue

284 2110 513 2150 inclinatur
533 2108 586 2147 ad
608 2108 722 2147 entia
744 2118 841 2157 quae
862 2106 1089 2146 includunt
1113 2105 1300 2155 aliquam

283 2186 538 2231 bonitatem,
589 2184 686 2234 quia
732 2184 950 2233 objectum
1000 2179 1167 2220 fruibile
1209 2180 1297 2219 sive

284 2261 468 2302 amabile
516 2271 690 2309 semper
734 2259 914 2298 includit
958 2257 1027 2296 vel
1064 2256 1299 2296 bonitatem

284 2338 560 2380 essentialem
595 2336 664 2375 vel
698 2336 1006 2378 attributalem,
1035 2337 1084 2373 ut
1121 2332 1299 2383 exposui

284 2425 411 2465 supra
433 2425 470 2463 q.
494 2413 569 2452 ult.
599 2412 772 2461 prologi
803 2414 846 2450 et
870 2410 979 2450 infra
1016 2409 1148 2460 magis
1183 2411 1299 2458 pate¬

282 2491 344 2531 bit
364 2492 403 2530 d.
433 2490 643 2537 praesenti,
681 2500 719 2537 q.
757 2489 794 2527 3.
833 2498 936 2537 ergo
970 2485 1065 2524 talis
1099 2486 1299 2524 voluntas

282 2573 370 2604 non
390 2568 532 2615 potest
553 2564 746 2603 ultimate
765 2561 929 2612 perfici,
968 2565 1010 2600 et
1038 2561 1298 2610 completive

285 2645 327 2680 et
346 2640 538 2691 perfecte
562 2638 745 2691 quietari
776 2650 855 2679 seu
883 2638 1027 2677 satiari
1049 2638 1129 2676 nisi
1151 2648 1174 2675 a
1194 2648 1295 2686 per¬

284 2716 515 2756 fectissimo
539 2718 666 2761 ente;
707 2718 744 2753 el
785 2715 866 2753 tale
902 2716 968 2753 est
998 2712 1180 2762 primum
1204 2723 1297 2760 ens,

284 2792 401 2844 quod
424 2793 615 2831 continet
626 2790 863 2830 virtualiter
885 2792 927 2828 et
949 2789 1190 2828 eminenter
1205 2799 1301 2838 per¬

283 2868 517 2909 fectionem
539 2867 731 2908 omnium
752 2867 946 2906 aliorum.

335 2945 473 2984 Tertia
493 2945 600 2982 ratio
623 2943 734 2982 clara
765 2945 846 2988 est,
870 2942 970 2992 quia
992 2940 1026 2979 si
1048 2939 1299 2991 Intelligen-

286 3022 340 3060 tia
368 3018 546 3060 inferior
577 3018 695 3058 videt
727 3017 996 3068 superiorem
1028 3021 1074 3055 ut
1106 3015 1298 3062 finitam;

285 3107 388 3147 ergo
419 3097 564 3144 potest
596 3097 802 3143 appetere
825 3093 1133 3144 perfectiorem
1170 3094 1213 3130 et
1241 3091 1302 3129 sic

283 3182 372 3211 non
400 3170 585 3222 quietari
604 3170 648 3208 in
667 3170 737 3207 illa
756 3168 892 3209 finita.
917 3169 958 3207 Si
978 3167 1095 3207 videt
1115 3178 1213 3206 eam
1235 3167 1305 3205 vel

285 3247 422 3287 credit
442 3244 665 3292 infinitam,
691 3247 734 3284 et
753 3255 840 3284 non
861 3245 929 3291 sit,
951 3254 1055 3295 ergo
1073 3242 1301 3292 decipitur,

285 3327 328 3363 et
347 3326 407 3364 sic
428 3333 517 3362 non
536 3323 666 3361 beata
687 3334 695 3367 ;
727 3324 801 3360 aut
828 3320 944 3360 videt
969 3331 1080 3366 eam,
1104 3330 1185 3359 nec
1203 3318 1303 3357 fini¬

287 3403 387 3445 tam,
420 3409 501 3437 nec
537 3396 775 3443 infinitam;
818 3406 923 3447 ergo
973 3406 1060 3435 non
1107 3393 1301 3444 perfecte

282 3475 417 3522 videt,
440 3476 484 3512 et
504 3474 563 3512 sic
590 3484 677 3513 non
706 3473 850 3511 beata.

337 3551 496 3598 Quarta
526 3549 634 3588 ratio
668 3551 753 3588 stat
784 3549 826 3588 in
859 3547 956 3593 hoc,
988 3547 1084 3597 quia
1104 3544 1303 3586 secunda

287 3625 570 3675 Intelligentia
605 3622 698 3663 finit
735 3626 879 3662 actum
907 3620 1119 3661 fruitionis
1160 3622 1297 3660 tertiae

1368 367 1452 396 non
1474 358 1627 397 virtute
1664 360 1846 409 propria,
1881 357 1960 398 sed
1993 358 2146 397 virtute
2181 357 2371 402 alterius,

1368 433 1528 472 scilicet
1548 434 1705 483 primae,
1730 434 1773 474 id
1795 437 1874 478 est,
1898 434 2014 484 quod
2044 435 2175 474 habet
2196 444 2219 482 a
2242 433 2378 482 prima

1368 510 1589 548 entilatem
1612 509 1754 556 talem,
1778 521 1870 561 quae
1892 512 2024 560 possit
2046 520 2139 549 esse
2158 508 2374 561 objectum

1367 583 1578 626 fruitionis
1596 597 1605 630 ;
1630 589 1670 624 et
1691 589 1790 626 tunc
1809 586 1878 626 illa
1909 597 2003 636 quae
2025 586 2097 625 dat
2120 586 2247 624 talem
2271 584 2378 623 enli-

1371 664 1499 700 lalem
1521 664 1685 702 videtur
1705 662 1842 713 magis
1872 662 2031 702 habere
2063 662 2274 702 rationem
2301 661 2374 699 ob¬

1362 736 1468 786 jecti
1503 737 1699 779 fruibilis.
1724 742 1767 777 et
1787 739 1848 777 sic
1868 740 1909 777 te
1925 738 2000 776 rtia
2014 738 2151 788 magis
2170 734 2379 786 quietabi-

1371 816 1437 851 tur
1473 814 1515 852 in
1551 815 1685 863 prima
1728 825 1856 865 quam
1893 814 1933 853 in
1975 812 2183 855 secunda.
2215 811 2264 852 Et
2294 811 2381 851 haec

1371 892 1519 939 quarta
1539 888 1643 929 ratio
1675 892 1807 936 tenet,
1832 888 2118 940 supponendo
2141 887 2257 939 quod
2289 886 2376 937 pri¬

1371 974 1436 1002 ma
1487 965 1768 1015 Intelligentia
1809 966 2076 1004 contineatur
2122 966 2200 1004 sub
2242 963 2376 1013 primo

1371 1040 1541 1092 objecto
1567 1039 1696 1079 terliae
1717 1039 2021 1091 Intelligenliae,

1424 1115 1468 1154 In
1500 1115 1582 1155 hoc
1616 1125 1746 1165 passu
1777 1116 2000 1155 voluerunt
2035 1114 2207 1164 quidam
2237 1113 2380 1153 dicere

1372 1191 1464 1230 dist.
1509 1193 1544 1242 1.
1585 1203 1623 1242 q.
1666 1190 1702 1229 4.
1746 1190 1864 1241 quod
1894 1191 2052 1230 Doctor
2084 1189 2267 1230 intendit
2300 1189 2382 1228 hoc

1372 1267 1556 1316 probare
1576 1267 1811 1306 rationibus
1844 1267 2123 1313 naturalibus,
2159 1269 2203 1305 et
2235 1264 2382 1304 dicunt

1373 1342 1490 1392 quod
1510 1342 1597 1382 istae
1615 1342 1804 1383 rationes
1823 1343 1905 1382 hoc
1925 1353 2011 1382 non
2034 1341 2299 1381 concludunt
2314 1341 2380 1380 via

1374 1420 1571 1460 naturali.

1426 1496 1490 1536 Ad
1512 1495 1628 1547 quod
1651 1495 1744 1536 dico
1766 1496 1918 1546 primo,
1942 1496 2058 1546 quod
2087 1497 2245 1535 Doctor
2277 1505 2378 1544 sup¬

1375 1574 1493 1622 ponit
1512 1583 1646 1611 unum
1674 1572 1717 1610 in
1750 1573 1882 1621 prima
1915 1574 1958 1612 et
1990 1571 2179 1612 secunda
2200 1570 2381 1616 ratione,

1375 1648 1490 1699 quod
1511 1648 1754 1687 intellectus
1778 1652 1944 1687 creatus
1966 1651 2008 1688 et
2027 1648 2220 1688 similiter
2234 1647 2381 1686 volun¬

1375 1728 1436 1764 tas
1459 1724 1614 1769 creata,
1636 1724 1800 1763 habent
1821 1734 1896 1763 ens
1915 1724 2172 1774 inquantum
2194 1733 2271 1762 ens
2304 1734 2379 1772 pro

1373 1800 1544 1852 objecto
1567 1799 1788 1850 adaequato
1813 1811 1822 1847 ;
1843 1802 1883 1838 et
1913 1800 1950 1838 si
1982 1800 2062 1839 hoc
2098 1802 2212 1839 esset
2232 1803 2383 1837 notum

1372 1876 1437 1915 via
1476 1875 1673 1921 naturali,
1712 1877 1902 1915 rationes
1933 1876 2127 1915 Doctoris
2162 1873 2385 1915 evidenter

1374 1955 1416 1990 et
1446 1952 1698 1991 naturaliter
1728 1951 2051 1998 concluderent,
2082 1954 2130 1990 ut
2163 1953 2283 2000 patet
2319 1949 2382 1989 in-

1375 2028 1511 2066 tuenli
1548 2026 1836 2077 supponendo
1878 2037 2028 2071 unum,
2071 2026 2188 2077 quod
2227 2025 2385 2075 duplex

1375 2107 1440 2142 est
1460 2102 1666 2153 perfectio
1690 2105 1907 2152 potentiae,
1931 2102 2133 2143 videlicet
2153 2103 2383 2142 intrinseca

1374 2183 1417 2218 et
1433 2181 1686 2218 extrinseca.
1707 2179 1940 2218 Intrinseca
1957 2181 2001 2218 ut
2019 2179 2210 2229 operatio
2227 2178 2380 2229 ipsius;

1373 2257 1614 2295 extrinseca
1655 2257 1701 2293 ut
1739 2254 1960 2305 objectum
2001 2255 2231 2293 terminans
2267 2253 2384 2293 illam

1372 2332 1682 2382 operationem.
1707 2332 1792 2370 Hoc
1814 2334 1933 2380 patet
1961 2342 1983 2369 a
2015 2332 2200 2371 Doctore
2229 2332 2272 2369 in
2303 2332 2384 2370 ista

1372 2408 1595 2456 quaestione
1601 2417 1609 2453 ,
1649 2410 1685 2444 et
1723 2408 1767 2445 in
1802 2407 1842 2446 4.
1885 2407 1979 2446 dist.
2019 2408 2083 2446 49.
2126 2407 2242 2446 Sicut
2279 2417 2383 2457 ergo

1372 2483 1563 2533 potentia
1593 2491 1681 2521 non
1711 2481 1864 2521 dicitur
1894 2481 2203 2532 perfectissime
2222 2482 2384 2533 quieta¬

1371 2560 1406 2597 ri
1424 2559 1468 2598 in
1489 2559 1631 2609 aliqua
1650 2556 1916 2607 perfectione
1948 2558 2195 2607 intrinseca,
2228 2558 2311 2596 nisi
2341 2558 2385 2596 in

1375 2635 1684 2685 perfectissima
1705 2636 1955 2685 operatione
1978 2639 2078 2675 nata
2111 2636 2191 2675 sibi
2225 2645 2383 2674 conve¬

1373 2714 1480 2758 nire,
1504 2713 1563 2750 sic
1593 2721 1679 2750 non
1702 2710 1857 2749 dicitur
1876 2709 2188 2760 perfectissime
2218 2711 2387 2761 quieta¬

1373 2789 1408 2825 ri
1444 2785 1711 2837 perfectione
1745 2787 1999 2832 extrinseca,
2034 2787 2114 2824 nisi
2143 2787 2184 2824 in
2215 2785 2383 2834 objecto

1374 2861 1683 2912 perfectissimo
1720 2864 1819 2901 nato
1853 2863 2003 2913 attingi
2025 2872 2047 2899 a
2071 2862 2140 2901 tali
2161 2861 2351 2911 potentia
2372 2873 2382 2908 ;

1376 2949 1473 2977 Gum
1494 2948 1596 2988 ergo
1618 2938 1696 2976 sub
1720 2939 1820 2976 ente
1851 2938 2108 2987 inquantum
2142 2947 2219 2977 ens
2253 2936 2385 2977 conti¬

1376 3018 1527 3054 neatur
1559 3024 1636 3053 ens
1670 3012 1898 3061 infinitum,
1929 3016 2125 3064 sequitur
2158 3013 2275 3064 quod
2309 3024 2386 3062 po¬

1378 3090 1510 3129 tentia
1554 3090 1722 3129 habens
1772 3100 1848 3129 ens
1894 3090 2150 3139 inquantum
2190 3099 2265 3128 ens
2312 3100 2388 3138 pro

1375 3166 1564 3217 objecto,
1587 3176 1674 3205 non
1694 3168 1842 3214 potest
1867 3164 2179 3214 perfectissime
2207 3164 2390 3215 quietari

1377 3242 1455 3280 nisi
1488 3242 1529 3280 in
1567 3245 1666 3280 ente
1704 3240 1884 3280 infinito.
1912 3242 1960 3280 Et
1986 3241 2085 3280 ideo
2109 3240 2284 3280 admitto
2309 3241 2390 3280 dis¬

1378 3317 1638 3365 tinctionem,
1664 3329 1790 3368 quam
1811 3316 1912 3357 facit
1941 3318 2174 3358 Gulielmus
2203 3318 2390 3358 0celiam

1377 3393 1430 3432 de
1465 3394 1634 3444 objecto
1668 3393 1891 3443 adaequato
1923 3394 2184 3441 intellectus,
2221 3395 2387 3434 scilicet

1376 3469 1493 3518 quod
1516 3470 1609 3509 talis
1630 3469 1867 3519 adaequatio
1891 3470 1953 3508 sic
1973 3470 2251 3521 inlelligatur,
2270 3470 2387 3520 quod

1375 3545 1600 3596 quodlibet
1623 3549 1873 3584 contentum
1891 3546 1934 3584 in
1954 3548 2197 3596 particulari
2227 3549 2269 3584 et
2302 3547 2381 3585 sub

1374 3623 1545 3671 propria
1573 3621 1739 3661 ratione
1768 3625 1831 3660 est
1860 3622 2206 3672 apprehensibile
2238 3621 2289 3660 ab
2323 3622 2385 3660 in-
