2624 3979
292 370 376 409 Sed
397 373 628 410 occurrunt
653 370 746 409 duie
776 367 1059 408 difficultates.
1095 366 1249 410 Prima,

240 448 337 496 quia
361 446 529 485 videtur
550 446 666 496 quod
695 448 851 486 Doctor
879 445 959 484 sibi
991 441 1253 482 contradicat

239 521 280 561 in
311 522 390 561 hoc
423 522 538 572 quod
560 521 674 568 dicit,
708 520 824 574 quod
864 530 992 560 omne
1030 518 1254 558 relativum

239 597 474 649 (loquendo
505 609 680 648 semper
701 598 755 637 de
776 598 952 636 relativo
982 594 1102 645 reali)
1122 593 1254 632 inclu¬

243 673 302 714 dit
341 674 514 725 aliquod
559 675 816 714 absolutum.
874 674 979 712 Nam
1016 669 1255 711 secundum

238 751 379 800 ipsum
401 780 410 798 ,
446 749 816 801 proportionalitas
856 753 920 788 est
957 748 1106 787 relatio
1152 756 1253 785 vere

239 824 415 866 fundata
436 826 478 864 in
505 826 584 865 alia
614 826 838 870 relatione,
875 824 1037 863 scilicet
1076 824 1119 862 in
1152 832 1251 871 pro¬

240 902 454 952 portione,
475 906 524 943 ut
550 902 766 943 declaravi
799 902 842 941 in
873 905 1013 950 quaest.
1052 899 1087 940 1.
1126 898 1255 948 hujus

241 979 333 1018 dist.
356 989 459 1030 ergo
481 980 800 1029 proportionale
822 977 900 1015 erit
934 976 1172 1022 relativum,
1215 976 1257 1012 et

242 1058 386 1094 tamen
406 1065 493 1094 non
514 1053 693 1094 includit
723 1052 884 1103 aliquid
905 1052 1164 1091 absolutum.

295 1131 619 1180 Praeterea,ipse
643 1130 730 1168 vult
765 1131 807 1168 in
836 1130 915 1168 isto
933 1128 1067 1177 primo
1091 1128 1183 1166 dist.
1195 1126 1255 1165 19.

243 1209 384 1255 quaest.
463 1210 499 1244 et
537 1207 633 1245 dist.
668 1206 731 1245 31.
771 1207 807 1244 et
828 1207 970 1254 quaest.
990 1203 1029 1248 6.
1064 1201 1256 1248 Quodlib.

244 1281 360 1332 quod
407 1281 646 1332 aequalitas,
687 1279 916 1320 similitudo
975 1282 1017 1317 et
1054 1277 1259 1318 identitas

241 1356 552 1397 transferantur
581 1356 634 1396 ad
668 1357 744 1396 alia
775 1355 1112 1395 Praedicamenta
1131 1364 1261 1404 quam

241 1434 294 1473 ad
337 1433 644 1480 Substantiam,
695 1433 740 1473 in
795 1442 879 1482 qua
917 1432 1092 1481 proprie
1130 1440 1258 1480 repe-

240 1509 348 1548 ritur
391 1509 595 1549 identitas
614 1521 624 1555 ;
657 1512 700 1549 et
740 1507 1040 1559 quantitatem,
1102 1508 1146 1546 in
1177 1518 1260 1557 qua

243 1586 416 1636 proprie
462 1585 673 1634 reperitur
723 1584 966 1635 aequalitas;
1003 1586 1045 1621 et
1078 1583 1258 1632 qualita¬

247 1664 347 1707 tem,
371 1662 413 1700 in
452 1672 535 1712 qua
567 1660 738 1711 proprie
771 1661 985 1709 reperitur
1014 1657 1258 1706 similitudo,

243 1740 291 1776 ut
313 1740 430 1787 patet
449 1748 472 1776 a
502 1737 776 1787 Philosopho,
797 1737 837 1775 5.
877 1736 1060 1784 Metaph.
1084 1746 1177 1784 cap.
1207 1736 1263 1774 ad

245 1814 413 1863 aliquid
414 1844 424 1860 ,
464 1814 543 1854 sed
573 1818 738 1854 certum
773 1815 853 1859 est,
896 1811 1014 1863 quod
1062 1822 1147 1851 una
1184 1822 1261 1861 pa¬

245 1889 422 1929 ternitas
463 1893 527 1929 est
585 1890 728 1929 similis
775 1888 896 1927 alteri
933 1887 1188 1937 paternitati,
1222 1890 1263 1926 et

244 1966 424 2016 aequalis
453 1966 697 2005 secundum
734 1964 1080 2015 magnitudinem
1119 1966 1162 2003 et
1190 1974 1262 2003 ve¬

243 2052 290 2080 re
321 2042 438 2082 idem
473 2042 618 2089 alteri;
660 2045 702 2081 et
739 2043 799 2081 sic
819 2042 1015 2091 sequitur
1040 2039 1158 2090 quod
1185 2051 1261 2089 pa¬

249 2118 424 2157 ternitas
482 2118 560 2157 erit
622 2117 871 2157 immediate
933 2116 1266 2156 fundamentum

247 2192 533 2232 similitudinis
555 2193 746 2239 realis,et
792 2191 1060 2242 aequalitatis,
1084 2194 1127 2230 et
1146 2190 1265 2229 iden¬

250 2268 393 2314 titatis,
426 2271 468 2307 et
505 2270 565 2308 sic
607 2268 742 2307 simile
774 2278 875 2308 vere
898 2268 1073 2307 relative
1096 2267 1264 2312 dicitur,

253 2348 294 2383 et
335 2348 478 2384 tamen
508 2355 593 2384 non
630 2343 730 2383 dicit
767 2343 928 2393 aliquid
966 2343 1021 2382 ad
1047 2354 1109 2382 se.

309 2420 509 2460 Secunda
564 2419 791 2460 difficultas
838 2422 916 2466 est,
961 2419 1101 2469 posito
1152 2418 1269 2469 quod

256 2497 392 2537 viator
425 2508 529 2536 vere
560 2497 773 2546 concipiat
810 2496 1038 2535 essentiam
1069 2495 1269 2543 divinam,

256 2576 298 2613 et
346 2573 469 2613 etiam
509 2583 717 2623 personas
772 2572 914 2619 simul,
974 2583 1027 2611 an
1075 2572 1271 2613 ordinate

254 2650 390 2700 possit
426 2649 509 2688 frui
541 2649 728 2688 essentia
765 2648 905 2688 divina
947 2659 1034 2687 non
1084 2648 1269 2688 fruendo

255 2725 398 2775 aliqua
439 2736 626 2775 persona
648 2726 665 2763 ?

303 2792 368 2832 Ad
425 2794 606 2843 primam
654 2792 950 2832 difficultatem
1003 2794 1269 2843 respondeo,

251 2862 368 2912 quod
395 2863 555 2902 Doctor
593 2863 794 2914 intelligit
834 2863 951 2913 quod
982 2864 1153 2902 nullum
1193 2874 1270 2903 ens

248 2931 476 2971 relativum
515 2935 595 2979 est,
621 2932 738 2984 quod
769 2943 854 2971 non
887 2933 1002 2972 dicat
1035 2932 1088 2972 de
1121 2944 1272 2973 neces¬

249 3003 376 3041 sitate
419 3002 595 3052 aliquod
626 3002 964 3043 fundamentum
1005 3003 1275 3050 absolutum,

252 3073 295 3109 et
334 3071 414 3109 hoc
446 3070 632 3110 mediale
669 3072 737 3110 vel
762 3071 1027 3111 immediate.
1060 3073 1168 3110 Nam
1196 3071 1273 3110 im¬

248 3140 453 3190 possibile
504 3144 568 3180 est
610 3142 725 3192 apud
773 3141 914 3190 ipsum
970 3143 1013 3180 in
1044 3145 1191 3191 quarto
1230 3141 1277 3181 in

251 3212 435 3250 materia
496 3212 546 3250 de
594 3212 877 3259 Eucharistia,
936 3214 972 3249 et
1013 3212 1059 3250 in
1113 3211 1277 3256 Quolib.

251 3281 439 3332 aliquam
474 3283 729 3322 relationem
768 3293 864 3322 esse
895 3284 989 3322 sine
1010 3281 1274 3322 fundamen¬

257 3353 297 3390 to
338 3351 552 3390 absoluto.
593 3352 642 3390 Et
681 3350 892 3397 concedo,
942 3351 1060 3400 quod
1099 3363 1279 3402 propor¬

256 3420 485 3466 tionalitas,
536 3419 785 3467 similitudo,
826 3420 1045 3469 aequalitas
1078 3423 1120 3459 et
1156 3419 1279 3460 iden¬

258 3490 353 3529 titas
383 3493 563 3540 possunt
591 3490 837 3529 immediate
871 3488 1042 3529 fundari
1079 3490 1122 3529 in
1162 3491 1280 3529 rela¬

259 3561 392 3607 tione,
430 3560 616 3600 mediate
668 3564 812 3600 tamen
862 3558 1072 3598 fundatur
1126 3559 1170 3597 in
1209 3560 1283 3600 ali¬

263 3640 348 3679 quo
384 3630 600 3669 absoluto.

1380 363 1443 402 Ad
1478 363 1715 403 secundam
1754 362 2047 403 difficultatem
2070 361 2180 408 dico,
2220 362 2336 412 quod

1328 449 1413 478 non
1452 443 1518 479 est
1548 439 1856 481 inconveniens
1894 437 2011 489 quod
2049 439 2200 489 aliquis
2237 441 2337 477 actu

1327 515 1490 555 frualur
1535 518 1720 556 essentia
1761 516 1918 562 divina,
1943 518 1986 554 et
2023 515 2104 554 hoc
2142 514 2336 553 ordinate

1329 602 1407 630 non
1444 590 1626 632 fruendo
1679 593 1819 642 aliqua
1858 600 2058 641 persona,
2115 591 2151 630 si
2195 594 2338 637 tamen

1327 667 1528 707 habituali
1536 672 1599 708 ter
1635 667 1801 708 fruatur
1838 667 1931 717 ipsa
1964 677 2166 717 persona,
2197 670 2244 705 ut
2265 676 2339 716 pa-

1329 749 1433 789 lebit
1460 749 1566 788 infra
1607 761 1629 789 a
1658 752 1840 791 Doctore
1881 750 1924 788 in
1977 748 2115 788 simili.
2156 748 2257 787 Nam
2297 737 2339 787 in

1328 824 1469 876 aliquo
1517 826 1690 866 instanti
1722 829 1867 876 potest
1903 824 1985 865 frui
2025 823 2212 864 essentia
2235 823 2339 864 divi¬

2375 2225 2376 2264 habitualis,

1328 912 1399 948 na,
1443 906 1485 942 et
1521 903 1566 942 in
1616 906 1809 953 tempore
1847 901 2094 942 immediato
2124 901 2237 941 illius
2275 900 2342 940 in¬

1331 976 1482 1016 stantis
1507 980 1658 1026 postea
1687 977 1768 1017 frui
1807 987 2009 1026 persona.

1384 1051 1630 1093 Secundum
1681 1052 1841 1091 dictum
1871 1050 2107 1101 principale
2150 1052 2216 1089 est
2252 1049 2311 1088 ibi
2333 1061 2341 1087 :

1383 1127 1443 1180 (b)
1481 1129 1672 1168 Secundo
1720 1131 1846 1168 etiam
1887 1128 1994 1173 dico,
2047 1127 2161 1176 quod
2211 1126 2347 1165 viator

1326 1208 1460 1254 potest
1493 1206 1590 1254 frui
1624 1216 1710 1244 una
1750 1214 1946 1253 persona.
1993 1204 2038 1241 In
2083 1201 2163 1241 ista
2205 1201 2345 1240 littera

1335 1280 1435 1320 dicit
1481 1280 1581 1320 duo.
1630 1280 1816 1319 Primum
1873 1278 1990 1329 quod
2028 1278 2165 1317 viator
2204 1279 2348 1327 potest

1336 1354 1537 1395 distincte
1571 1355 1800 1405 concipere
1837 1365 1970 1394 unam
1997 1364 2230 1403 personam
2259 1362 2348 1392 non

1335 1430 1619 1481 concipiendo
1658 1431 1799 1478 aliam,
1843 1433 1887 1470 et
1923 1430 1984 1469 sic
2032 1429 2227 1469 ordinate
2264 1427 2348 1467 frui

1334 1517 1418 1546 una
1441 1506 1554 1558 (cum
1592 1507 1635 1545 in
1676 1507 1768 1556 ipsa
1806 1508 1860 1546 sit
1896 1504 2207 1555 perfectissima
2238 1504 2346 1543 ratio

1334 1581 1607 1629 fruibilitatis,
1655 1583 1819 1621 ratione
1858 1582 2038 1620 Deitatis
2088 1580 2266 1620 inclusae
2307 1580 2349 1619 in

1334 1657 1443 1710 ipsa)
1464 1669 1551 1697 non
1590 1657 1771 1697 fruendo
1802 1657 1898 1696 alia.

1389 1733 1635 1773 Secundum
1675 1736 1754 1781 est,
1786 1736 1834 1772 ut
1871 1734 2014 1781 potest
2053 1730 2149 1770 elici
2193 1740 2245 1770 ex
2285 1729 2346 1778 in-

1337 1809 1529 1849 tentione
1594 1809 1805 1856 Doctoris,
1854 1808 1972 1858 quod
2029 1809 2157 1847 etiam
2206 1806 2343 1856 posito

2366 1919 2373 1953 qu
1337 1887 1454 1937 quod
1494 1886 1631 1926 viator
1683 1886 1810 1926 simul
1858 1889 2091 1933 cognoscat
2139 1892 2347 1953 personas

1338 1961 1517 2010 divinas,
1559 1961 1698 2001 adhuc
1735 1960 1932 2001 ordinate
1959 1962 2103 2010 potest
2135 1957 2217 1998 frui
2263 1969 2349 1997 una

1337 2048 1426 2077 non
1467 2037 1649 2078 fruendo
1689 2038 1784 2077 alia.
1837 2036 1963 2085 Quod
2002 2036 2165 2075 dictum
2211 2038 2354 2084 potest

1337 2115 1499 2154 habere
1531 2114 1746 2164 duplicem
1780 2123 1958 2153 sensum
1982 2124 1990 2150 :

1392 2190 1555 2228 Primus
1603 2193 1668 2228 est
1723 2188 1841 2237 quod
1879 2189 2018 2227 viator
2056 2189 2155 2225 actu
2192 2185 2358 2226 fruatur

1340 2266 1464 2305 Patre
1494 2265 1676 2306 amando
1709 2265 1829 2304 illum
1858 2267 2034 2313 propter
2053 2262 2355 2311 semetipsum,

1345 2346 1386 2380 et
1416 2340 1532 2390 quod
1553 2351 1641 2379 non
1672 2340 1812 2379 eliciat
1834 2349 2028 2378 amorem
2052 2348 2156 2388 erga
2189 2338 2355 2390 Filium,

2378 2392 2379 2462 ^ima™
1344 2416 1423 2456 sed
1460 2417 1513 2456 sit
1532 2418 1575 2455 in
1604 2417 1795 2465 proxima
1827 2414 2111 2464 dispositione
2141 2415 2187 2451 ut
2217 2414 2359 2463 ipsum

2379 2471 2379 2511 dlsp
1347 2493 1496 2543 diligat
1545 2497 1587 2532 et
1640 2503 1816 2542 semper
1879 2489 2085 2529 habituali
2091 2491 2156 2527 ter
2213 2472 2363 2540 diligat

1345 2571 1501 2619 ipsum,
1545 2571 1588 2607 et
1623 2568 1690 2606 hic
1711 2578 1865 2607 sensus
1911 2570 1976 2606 est
2022 2578 2150 2607 verus
2172 2571 2215 2608 et
2251 2563 2361 2606 mul-

1349 2645 1473 2684 toties
1519 2645 1601 2683 hoc
1651 2643 1872 2695 contingit.
1908 2644 2012 2682 Nam
2063 2644 2185 2684 multi
2225 2642 2365 2683 devoti

1349 2720 1524 2760 eliciunt
1573 2721 1718 2759 actum
1776 2718 1932 2759 amoris
1984 2729 2088 2768 erga
2128 2719 2274 2759 Filium
2319 2721 2367 2757 ut

1348 2795 1390 2834 in
1420 2795 1695 2834 Sacramento
1723 2793 2015 2841 Eucharistiae,
2050 2796 2093 2833 et
2131 2797 2230 2833 actu
2278 2803 2364 2832 non

1351 2873 1524 2912 eliciunt
1557 2883 1661 2922 erga
1698 2871 1884 2918 Patrem,
1924 2875 2023 2910 sunt
2055 2873 2199 2910 tamen
2228 2871 2366 2920 parati

1352 2952 1411 2987 et'
1440 2949 1625 2997 prompti
1659 2946 1840 2997 diligere
1880 2946 2036 2996 ipsum.

1404 3023 1632 3063 Secundus
1667 3033 1821 3061 sensus
1857 3025 1923 3061 est
1958 3021 2075 3072 quod
2116 3024 2251 3061 viator
2288 3033 2370 3071 po¬

1356 3103 1441 3140 test
1478 3103 1577 3139 actu
1614 3099 1698 3139 frui
1730 3099 1852 3138 Patre
1907 3108 1993 3138 non
2034 3097 2218 3137 fruendo
2254 3098 2370 3145 Filio,

1354 3178 1412 3216 ita
1460 3175 1579 3226 quod
1625 3176 1798 3226 negatio
1837 3173 2048 3214 fruitionis
2086 3185 2190 3225 erga
2224 3175 2370 3214 Filium

1355 3263 1442 3292 non
1481 3255 1646 3291 tantum
1672 3251 1905 3300 accipiatur
1942 3261 2017 3300 pro
2048 3261 2135 3289 non
2175 3249 2370 3301 diligere,

1356 3327 1435 3367 sed
1485 3339 1561 3377 pro
1616 3327 1752 3375 odire,
1793 3327 1850 3365 ita
1902 3325 2020 3376 quod
2069 3326 2222 3376 aliquis
2273 3328 2374 3365 actu

1359 3405 1509 3455 diligat
1546 3404 1714 3442 Patrem
1753 3406 1794 3442 et
1822 3404 1922 3441 actu
1968 3401 2086 3441 odiat
2125 3402 2288 3449 Filium,
2332 3405 2375 3440 et

1357 3477 1428 3517 hic
1491 3487 1646 3516 sensus
1697 3480 1762 3516 est
1815 3474 2044 3514 manifeste
2104 3475 2251 3522 falsus,
2304 3474 2375 3515 vel

1359 3554 1487 3593 etiam
1527 3552 1644 3603 quod
1673 3555 1771 3591 actu
1811 3551 1958 3601 diligat
1996 3552 2144 3591 Filium
2178 3555 2219 3590 et
2259 3550 2376 3601 quod

1358 3639 1445 3668 non
1506 3629 1606 3668 velit
1663 3627 1842 3678 diligere
1896 3627 2101 3676 Spiritum
2157 3632 2369 3674 sanctum,
