2624 3979
429 414 502 460 Ad
550 411 711 458 aliam
767 405 1127 456 deductionem
1161 400 1383 448 ulterio¬

376 496 504 535 rem,
531 483 589 529 de
635 480 909 527 voluntate
946 475 1046 524 etsi
1083 487 1187 519 non
1230 482 1386 530 opor¬

376 556 487 601 teat
524 552 861 612 respondere,
906 548 1029 607 quia
1074 542 1386 591 antecedens

378 627 459 672 est
492 622 687 670 falsum
709 625 762 668 et
778 621 889 680 jam
910 619 1178 676 negatum,
1209 615 1389 659 tamen

383 694 505 754 quia
528 713 542 739 c
561 690 904 751 onsequentia
929 700 1036 735 non
1074 686 1286 732 videtur
1308 694 1392 727 ne¬

383 764 620 812 cessaria
667 763 844 821 potest
892 754 1220 817 responderi,
1270 764 1389 798 cum

383 828 512 878 dicit
558 827 691 887 quod
710 825 960 872 voluntas
988 834 1092 868 non
1121 820 1239 879 plus
1279 816 1395 862 abs¬

390 898 561 948 trahit
596 909 751 956 quam
798 893 1101 941 intellectus
1149 886 1394 939 ostendit,

387 970 501 1017 dico
532 967 664 1027 quod
698 964 999 1013 intellectus
1028 962 1203 1020 potest
1232 959 1399 1003 osten¬

390 1041 511 1087 dere
538 1036 750 1096 aliquod
779 1033 1040 1092 objectum
1065 1030 1296 1089 primum
1318 1039 1403 1071 vo¬

392 1108 602 1160 luntati,
649 1109 701 1153 et
740 1105 791 1150 in
832 1104 934 1150 isto
977 1100 1150 1161 primo
1200 1097 1402 1157 objecto

397 1179 671 1227 ostendere
723 1175 898 1234 potest
955 1169 1167 1229 aliquod
1213 1180 1306 1227 per
1352 1177 1406 1211 se

399 1247 677 1308 objectum,
709 1246 794 1291 sed
834 1256 936 1289 non
959 1240 1209 1301 primum,
1240 1238 1291 1283 et
1323 1248 1408 1281 vo¬

400 1322 554 1367 catur
578 1317 661 1364 hic
685 1314 948 1375 objectum
978 1309 1209 1371 primum
1236 1308 1411 1353 totum

401 1389 527 1436 illud
563 1388 626 1434 ad
656 1385 790 1445 quod
810 1382 1137 1430 terminatur
1163 1379 1331 1427 actus,
1361 1376 1414 1421 et

406 1459 668 1519 objectum
709 1469 803 1515 per
843 1467 898 1500 se
943 1451 1077 1512 quod
1128 1447 1416 1495 includitur

406 1541 501 1590 per
541 1541 596 1574 se
641 1526 842 1573 unitive
889 1524 941 1569 in
989 1521 1191 1581 objecto
1237 1516 1417 1565 termi¬

407 1601 566 1646 nante
589 1597 781 1658 primo.
809 1595 1048 1651 Utraque
1070 1593 1247 1638 autem
1275 1587 1417 1634 ratio

409 1669 479 1717 ibi
526 1672 739 1716 ostensa
779 1663 975 1712 sufficit
1009 1662 1070 1708 ad
1122 1661 1236 1712 hoc,
1287 1657 1421 1718 quod

409 1739 657 1787 voluntas
697 1736 887 1783 habeat
921 1735 1101 1780 actum
1141 1742 1294 1776 suum
1323 1728 1421 1773 cir¬

413 1823 473 1857 ca
514 1809 655 1855 illud.
698 1808 815 1853 Non
853 1805 994 1850 enim
1034 1801 1246 1861 oportet
1292 1797 1425 1858 quod

413 1880 660 1927 voluntas
700 1877 828 1923 velit
866 1877 1039 1921 totum
1074 1872 1306 1931 primum
1349 1882 1426 1914 os¬

416 1955 643 2002 tensum,
703 1948 792 1994 sed
855 1946 1031 2005 potest
1087 1942 1222 1988 velle
1282 1939 1425 1990 illud,

421 2021 556 2080 quod
585 2017 882 2066 ostenditur
922 2016 974 2061 in
1002 2013 1092 2061 illo
1137 2014 1349 2059 ostenso
1379 2010 1430 2055 et

421 2090 582 2137 etiam
621 2102 724 2135 non
752 2087 902 2134 velle.
935 2083 1249 2143 Exemplum
1289 2080 1431 2140 poni¬

421 2164 513 2209 tur
531 2160 639 2206 tale
664 2174 672 2201 :
698 2160 757 2205 In
789 2156 1115 2216 Episcopatu
1139 2151 1434 2199 ostenditur

425 2229 806 2282 Sacerdotium,
830 2227 955 2274 talis
980 2225 1213 2272 ostensio
1243 2220 1437 2269 sufficit

427 2301 487 2346 ad
518 2301 616 2347 hoc
645 2299 779 2358 quod
803 2297 1051 2343 voluntas
1085 2294 1275 2340 habeat
1302 2291 1438 2337 velle

427 2370 508 2416 vel
566 2369 706 2416 nolle
755 2369 898 2415 circa
938 2364 1320 2414 Sacerdotium,
1364 2361 1440 2408 ita

429 2441 563 2500 quod
579 2455 642 2486 ex
664 2440 760 2487 tali
784 2438 1085 2485 ostensione
1108 2434 1278 2495 possit
1291 2432 1441 2478 habe¬

432 2525 489 2558 re
509 2512 644 2557 velle
683 2510 828 2556 circa
852 2507 1231 2567 Episcopatum
1253 2507 1305 2550 et
1336 2515 1442 2549 non

432 2582 577 2628 circa
606 2578 986 2629 Sacerdotium;
1015 2578 1194 2623 tamen
1232 2587 1337 2619 non
1363 2574 1444 2619 est

432 2652 536 2698 nisi
558 2663 662 2697 una
685 2648 935 2699 ostensio,
956 2649 1006 2693 et
1031 2644 1264 2692 ostensio
1289 2644 1444 2689 unius

435 2721 627 2781 objecti
661 2719 822 2779 primi
855 2717 908 2762 in
937 2729 1038 2775 quo
1069 2720 1248 2762 tamen
1283 2714 1444 2759 inclu¬

434 2791 576 2837 ditur
614 2789 811 2848 aliquid
845 2790 903 2834 ut
938 2799 1032 2846 per
1066 2799 1119 2832 se
1161 2784 1442 2843 objectum.

435 2861 564 2908 Dico
620 2864 771 2912 tunc,
834 2857 969 2918 quod
1033 2856 1283 2902 voluntas
1342 2867 1446 2899 non

434 2931 700 2978 abstrahit
734 2928 1036 2976 universale
1070 2940 1100 2972 a
1129 2923 1447 2985 particulari

433 3001 518 3047 vel
545 2999 822 3059 singulari,
860 2998 946 3044 sed
982 2995 1248 3043 voluntati
1277 2998 1448 3042 osten¬

435 3071 631 3118 duntur
670 3070 825 3129 plura
867 3067 1072 3127 objecta
1107 3079 1201 3126 per
1241 3065 1449 3111 intelle¬

436 3144 597 3193 ctum,
639 3140 724 3201 qui
758 3141 839 3187 est
879 3138 1183 3196 aliquorum
1212 3135 1448 3195 plurium

438 3212 770 3259 inclusorum
800 3210 851 3255 in
874 3208 1048 3268 primo
1073 3206 1295 3266 objecto,
1328 3217 1451 3264 quo¬

441 3295 561 3328 rum
600 3282 884 3338 utrumque
927 3281 986 3324 ut
1039 3276 1114 3322 sic
1161 3277 1448 3324 ostensum,

443 3354 619 3413 potest
639 3350 887 3397 voluntas
909 3348 1060 3400 velle,
1084 3347 1167 3393 vel
1182 3359 1287 3392 non
1300 3345 1451 3391 velle.

504 3423 577 3469 Ad
605 3418 1065 3468 confirmationem
1088 3430 1207 3463 cum
1240 3415 1451 3467 dicitur,

449 3493 714 3552 objectum
741 3494 832 3537 aut
864 3488 1040 3535 differt
1073 3501 1146 3540 re,
1190 3488 1283 3533 aut
1328 3483 1456 3531 rati-

451 3577 562 3611 one.
592 3561 720 3609 Dico
745 3560 879 3616 quod
899 3558 1072 3604 differt
1108 3557 1334 3603 ratione.

508 3635 573 3680 Et
595 3643 714 3679 cum
741 3629 1000 3690 probatur
1029 3628 1164 3686 quod
1190 3639 1309 3677 non,
1337 3637 1458 3683 quia

1459 393 1758 442 intellectus
1800 402 1905 435 non
1943 385 2189 433 distincte
2235 378 2464 439 concipit

1461 464 1559 510 hoc
1588 463 1650 510 ab
1685 463 1807 514 isto,
1843 458 1976 510 dico,
2018 469 2123 502 non
2164 452 2374 513 oportet
2407 449 2467 503 ad

2489 564 2489 583 cu
1461 532 1855 581 distinctionem
1894 525 2124 575 rationis
2165 522 2293 584 quod
2322 518 2469 583 intel-

1463 603 1632 650 lectus
1664 600 1854 648 habeat
1883 598 1973 644 illa
2001 597 2138 642 sicut
2174 593 2377 653 objecta
2403 591 2472 636 di-

1467 679 1680 730 stincta,
1712 675 1799 722 sed
1827 672 2020 720 sufficit
2054 670 2186 730 quod
2222 669 2272 715 in
2301 667 2472 728 primo

1470 754 1674 814 objecto
1698 750 1963 810 concipiat
1997 746 2208 808 aliquid.

1529 830 1603 876 Ad
1655 828 1795 875 aliud
1844 827 1904 874 de
1964 821 2291 885 quietatione
2345 819 2476 870 dico,

1475 906 1607 964 quod
1645 905 1805 951 Pater
1837 905 2070 950 aeternus
2112 899 2384 960 quietatur
2430 894 2484 940 in

1475 980 1707 1028 essentia
1729 992 1823 1026 sua
1844 981 1901 1025 ut
1923 980 2003 1025 est
2027 977 2079 1023 in
2107 990 2161 1023 se
2182 991 2191 1027 ;
2220 986 2325 1020 non
2354 984 2483 1030 ergo

1480 1056 1736 1116 sequitur,
1796 1067 1926 1113 ergo
1985 1066 2090 1099 non
2146 1052 2323 1111 potest
2381 1047 2488 1106 qui-

1481 1132 1619 1178 etari
1644 1131 1696 1177 in
1718 1130 1949 1178 essentia
1977 1131 2035 1176 ut
2061 1130 2142 1175 est
2170 1126 2221 1172 in
2250 1124 2386 1171 Filio
2407 1123 2490 1169 vel

1483 1207 1686 1267 Spiritu
1730 1209 1943 1258 sancto;
1986 1205 2094 1251 imo
2135 1203 2406 1264 quietatur
2439 1201 2492 1246 in

1485 1283 1719 1331 essentia
1760 1296 1855 1329 sua
1894 1285 1952 1329 ut
1985 1279 2379 1327 communicata
2415 1277 2495 1322 est

1486 1361 1578 1413 eis,
1609 1362 1659 1406 et
1687 1360 1785 1406 hoc
1813 1359 1992 1405 eadem
2033 1355 2357 1417 quietatione
2397 1365 2497 1413 qua

1492 1438 1764 1496 quietatur
1802 1435 1854 1481 in
1888 1430 2120 1482 essentia
2147 1435 2204 1479 ut
2231 1434 2311 1478 est
2339 1432 2392 1477 in
2425 1443 2496 1476 se.

1493 1512 1635 1566 Quod
1685 1512 1825 1557 enim
1883 1510 2154 1569 quietatur
2217 1507 2390 1567 primo
2449 1505 2500 1550 in

1495 1588 1672 1648 aliquo
1720 1586 1943 1647 objecto,
1999 1585 2273 1644 quietatur
2312 1584 2365 1629 in
2410 1581 2503 1627 illo

1496 1666 1550 1711 in
1577 1675 1905 1723 quocumque
1931 1664 2012 1708 est
2041 1660 2322 1707 secundum
2356 1658 2506 1705 illum

1499 1739 1708 1786 modum
1734 1755 1742 1791 ;
1803 1738 1879 1785 ita
1916 1737 2019 1789 hic,
2063 1737 2108 1782 si
2147 1735 2331 1782 beatus
2361 1733 2509 1794 prius

1500 1810 1716 1856 fruatur
1754 1808 2003 1860 essentia,
2040 1810 2226 1866 postea
2264 1817 2509 1865 persona,

1500 1892 1606 1926 non
1652 1878 1923 1937 quietatur
1968 1875 2218 1923 ulteriori
2270 1874 2515 1934 quietati¬

1504 1962 1601 1995 one
1644 1961 1802 2006 quam
1844 1947 1995 2007 prius
2042 1946 2397 2005 quietabatur,
2428 1944 2516 1990 sed

1505 2020 1684 2065 eadem
1719 2017 2061 2077 quietatione,
2093 2016 2406 2075 inquantum
2437 2014 2518 2060 ob¬

1502 2091 1705 2150 jectum
1763 2088 2003 2148 quietans
2054 2086 2312 2134 terminat
2362 2088 2420 2132 ut
2465 2086 2519 2131 in

1508 2160 1703 2217 aliquo,
1731 2161 1784 2205 et
1811 2158 1961 2217 prius
1982 2171 2089 2204 non
2109 2155 2434 2204 terminabat
2462 2157 2518 2201 ut

1511 2229 1565 2276 in
1585 2228 1694 2274 illo.

1572 2299 1673 2344 Per
1715 2298 1815 2345 hoc
1855 2298 1917 2344 ad
1957 2297 2204 2344 ultimum
2244 2309 2523 2355 argumen¬

1511 2371 1628 2416 tum
1660 2369 1792 2422 dico,
1831 2370 1966 2427 quod
2000 2381 2104 2414 non
2136 2369 2292 2414 erunt
2328 2367 2399 2413 ibi
2426 2367 2525 2413 duo

1515 2442 1682 2491 actus,
1728 2437 1850 2497 quia
1899 2438 2216 2497 quicumque
2256 2439 2407 2484 actus
2447 2440 2527 2484 est

1517 2509 1585 2555 ibi
1623 2508 1895 2556 fruitionis
1927 2508 2011 2555 vel
2043 2507 2284 2560 visionis,
2325 2509 2405 2554 est
2447 2507 2528 2553 ob¬

1513 2579 1642 2639 jecti
1677 2579 1839 2638 primi
1862 2579 1955 2625 sub
1978 2592 2081 2624 una
2104 2578 2313 2626 ratione
2334 2578 2528 2624 forma¬

1518 2650 1570 2696 li.
1609 2650 1704 2697 Sed
1737 2648 1837 2697 iste
1865 2651 2016 2696 actus
2047 2662 2180 2694 unus
2203 2649 2379 2707 potest
2413 2661 2528 2693 esse

1522 2719 1715 2778 objecti
1749 2732 1845 2778 per
1878 2733 1933 2765 se
1959 2718 2160 2766 virtute
2195 2718 2356 2777 primi
2391 2717 2531 2777 obje¬

1520 2791 1607 2844 cti,
1642 2791 1726 2836 vel
1756 2792 1930 2849 potest
1966 2803 2081 2836 esse
2120 2791 2329 2837 tantum
2362 2788 2530 2848 ipsius

1523 2860 1715 2920 objecti
1742 2859 1930 2919 primi;
1968 2872 2063 2906 nec
2092 2872 2221 2918 ergo
2249 2860 2405 2905 erunt
2433 2860 2531 2904 duo

1522 2932 1673 2976 actus
1711 2928 1945 2988 ejusdem
1998 2929 2192 2987 speciei
2240 2927 2397 2974 simul
2439 2941 2534 2974 nec

1524 2998 1838 3046 successive.

1581 3070 1656 3116 Ad
1702 3069 1829 3115 illud
1871 3070 1931 3115 de
1977 3069 2223 3127 imagine,
2274 3067 2536 3129 responsi¬

1528 3153 1681 3186 onem
1706 3152 1897 3199 quaere.

1584 3210 1729 3252 Potest
1772 3210 1864 3252 dici
1907 3208 2020 3264 quod
2065 3209 2285 3252 concludit
2329 3210 2382 3253 de
2417 3211 2534 3265 facto

1525 3279 1794 3336 regulariter
1819 3285 1858 3320 et
1884 3278 1937 3320 de
1963 3281 2155 3335 'potentia
2182 3278 2389 3321 ordinata
2395 3281 2405 3330 ,
2438 3281 2536 3322 licet

1528 3349 1771 3404 oppositum
1812 3361 1898 3390 esse
1948 3355 2088 3405 posset
2119 3349 2172 3391 de
2212 3350 2408 3403 potentia
2459 3350 2539 3391 Dei

1527 3418 1738 3461 absoluta.

1595 3488 1667 3530 Vel
1709 3488 1885 3530 dicatur
1935 3488 2050 3543 quod
2104 3490 2408 3544 consequentia
2449 3504 2539 3533 non

1530 3559 1645 3600 valet
1651 3571 1659 3613 ,
1696 3558 1798 3613 quia
1823 3558 1920 3599 licet
1941 3558 2030 3600 Deo
2057 3559 2171 3600 trino
2192 3559 2392 3602 voluntas
2411 3561 2535 3613 frua¬

1532 3635 1601 3670 tur
1606 3641 1616 3680 ,
1653 3641 1741 3670 non
1780 3635 1922 3670 tamen
1961 3635 2008 3670 ut
2046 3630 2176 3671 trino.
2222 3630 2374 3678 Qucere
2411 3630 2537 3683 infra
