2624 3979
384 288 450 325 ret
480 285 640 333 Filium,
676 290 718 326 et
757 289 825 328 hic
856 298 1009 328 sensus
1040 288 1141 329 licet
1181 289 1234 328 sit
1271 299 1398 328 verus

383 360 499 411 (quia
521 371 649 401 omne
669 362 816 403 dicens
838 363 1145 414 perfectionem
1176 364 1218 403 in
1248 363 1396 404 divinis

382 438 446 474 est
467 436 583 485 prius
605 440 758 476 natura
787 439 982 488 personis
1010 439 1175 484 divinis,
1205 442 1252 478 ut
1276 441 1396 488 patet

383 522 403 549 a
436 512 618 552 Doctore
648 513 694 552 in
727 513 920 563 pluribus
957 514 1076 566 locis)
1111 513 1216 553 forte
1249 517 1394 554 tamen

384 597 471 626 non
501 592 616 627 esset
652 588 706 628 ad
744 593 935 629 mentem
970 590 1179 637 Doctoris,
1216 593 1259 630 et
1294 590 1392 630 ideo

387 665 451 702 est
471 661 641 702 difficile
663 664 730 703 hic
748 663 966 704 declarare
985 666 1076 715 ejus
1093 666 1390 704 intentionem.

386 737 490 777 Nam
529 738 698 778 videtur
735 750 936 790 expresse
974 740 1200 790 implicatio
1233 740 1392 788 dicere,

363 800 374 862 contradictio
391 813 513 853 Pater
532 817 648 864 prius
669 816 832 866 origine
856 820 921 856 est
939 817 1091 856 beatus
1113 827 1240 867 quam
1261 827 1392 868 gene¬

386 893 451 929 ret
472 890 634 938 Filium,
665 902 757 930 cum
786 902 996 942 generare
1030 892 1146 942 prius
1167 893 1266 932 insit
1284 893 1392 932 Patri

385 976 514 1016 quam
546 966 789 1014 beatitudo;
819 970 951 1016 patet,
975 968 1073 1018 quia
1103 979 1180 1017 per
1206 978 1392 1018 genera¬

384 1042 545 1080 tionem
577 1043 756 1081 activam
786 1043 1057 1082 constituitur
1076 1043 1120 1081 in
1140 1054 1223 1083 esse
1243 1044 1390 1091 Patris,

381 1116 635 1156 sustinendo
659 1127 928 1156 communem
960 1118 1204 1166 opinionem
1227 1119 1280 1158 de
1297 1130 1391 1168 per¬

382 1203 502 1240 sona,
541 1196 588 1232 ut
619 1203 826 1242 expresse
864 1196 984 1243 patet
1013 1205 1035 1232 a
1066 1195 1246 1235 Doctore
1277 1196 1320 1235 in
1356 1197 1388 1235 1.

381 1270 423 1308 d.
457 1269 518 1317 28.
543 1272 683 1317 quaesi.
717 1269 753 1308 3.
785 1270 868 1308 sive
897 1270 1050 1309 ultima
1071 1274 1108 1310 et
1137 1271 1177 1310 d.
1201 1271 1264 1310 26.
1290 1275 1324 1310 et
1348 1283 1386 1321 q.

383 1345 422 1383 4.
457 1345 648 1390 Quodlib.

440 1439 540 1478 Dico
565 1448 667 1490 ergo
689 1437 820 1490 (salvo
843 1449 1018 1490 semper
1033 1440 1197 1480 meliori
1212 1440 1391 1492 judicio)

385 1513 499 1564 quod
363 1523 367 1564 Pater
521 1514 682 1553 dictum
701 1515 896 1554 Doctoris
917 1516 976 1554 sic
1005 1516 1136 1556 debet
1167 1517 1346 1569 intelligi
1380 1530 1388 1556 :

385 1591 511 1628 Pater
523 1600 646 1639 prius
665 1601 825 1640 origine
850 1596 905 1630 est
933 1592 1079 1631 beatus
1109 1604 1238 1641 quam
1265 1604 1391 1642 gene¬

382 1668 444 1704 ret
483 1665 651 1710 Filium,
681 1666 724 1704 id
761 1668 835 1712 est,
877 1678 1006 1717 quam
1048 1667 1207 1707 habeat
1244 1669 1391 1708 Filium

379 1741 593 1791 genitum,
617 1741 673 1779 ita
693 1741 811 1791 quod
840 1742 880 1780 in
902 1743 1042 1793 aliquo
1066 1746 1195 1793 priori
1215 1745 1389 1796 originis

380 1817 503 1856 Pater
542 1819 606 1855 est
643 1816 833 1866 perfecte
872 1817 1040 1866 beatus,
1086 1823 1129 1859 et
1165 1822 1208 1860 in
1246 1822 1388 1872 aliquo

378 1893 606 1943 posteriori
627 1893 802 1944 originis
832 1894 955 1933 Filius
988 1895 1119 1934 habet
1148 1908 1241 1936 esse
1262 1900 1386 1949 geni¬

379 1972 482 2008 tum.
508 1968 631 2017 Quod
651 1971 712 2009 sic
733 1979 919 2019 expono,
944 1971 1039 2021 quia
1062 1972 1104 2010 in
1127 1983 1209 2022 quo
1230 1974 1387 2014 instan¬

379 2048 405 2086 ti
453 2046 577 2086 Paler
622 2046 752 2086 habet
798 2058 896 2096 esse,
936 2049 977 2087 in
1018 2048 1174 2089 eodem
1215 2052 1389 2092 instanti

376 2121 508 2160 habet
553 2131 727 2160 omnem
764 2121 1077 2172 perfectionem
1116 2125 1312 2175 divinam;
1347 2132 1389 2168 et

378 2198 477 2247 quia
506 2198 551 2237 in
579 2198 722 2248 aliquo
760 2200 888 2248 priori
927 2200 1102 2251 originis
1138 2202 1268 2243 habet
1305 2216 1388 2245 esse

375 2283 455 2322 per
473 2273 799 2324 generationem
821 2275 1002 2314 activam
1031 2277 1119 2315 sive
1144 2288 1219 2326 per
1242 2281 1382 2327 pater¬

374 2350 567 2396 nitatem,
600 2348 716 2400 quod
736 2349 853 2389 idem
873 2353 952 2398 est,
975 2354 1171 2402 sequitur
1200 2353 1317 2402 quod
1345 2354 1388 2392 in

374 2424 444 2464 illo
470 2424 598 2474 priori
620 2428 685 2463 est
706 2424 898 2474 perfecte
919 2427 1087 2472 beatus,
1113 2436 1156 2467 et
1176 2430 1235 2468 sic
1255 2429 1298 2468 in
1316 2430 1385 2469 illo

376 2500 505 2548 priori
542 2497 728 2549 perfecte
770 2500 888 2539 videt
931 2503 1176 2550 essentiam,
1209 2515 1293 2543 non
1323 2506 1386 2544 vi¬

377 2574 521 2614 dendo
554 2586 648 2614 eam
669 2580 715 2615 ut
735 2575 778 2616 in
798 2577 914 2625 Filio,
946 2577 1044 2628 quia
1077 2579 1119 2618 in
1154 2579 1223 2619 illo
1256 2582 1386 2630 priori

374 2652 500 2691 Filius
542 2662 628 2691 non
670 2655 750 2699 est,
782 2656 825 2691 et
853 2655 914 2692 sic
942 2653 1127 2693 habetur
1155 2655 1382 2696 intentum.

372 2729 420 2766 Et
451 2727 562 2777 dico,
598 2728 715 2779 quod
749 2728 888 2778 ipsum
915 2740 1122 2778 generare
1156 2731 1290 2770 Patris
1321 2736 1386 2771 est

372 2814 474 2842 vere
504 2805 622 2853 prius
653 2805 747 2854 ipso
773 2805 887 2852 Filio,
910 2806 1008 2856 quia
1032 2807 1279 2856 producens
1298 2819 1386 2847 non

372 2882 539 2919 tantum
586 2883 651 2920 est
697 2881 812 2931 prius
858 2882 1088 2931 producto,
1133 2883 1382 2933 accipiendo

372 2956 509 3006 ipsum
532 2967 609 3006 pro
632 2957 828 2996 absoluto
850 2957 1144 3007 producentis,
1162 2958 1239 2997 sed
1257 2961 1384 2999 etiam

371 3031 618 3081 producens
650 3034 907 3082 inquantum
943 3035 1039 3072 actu
1071 3032 1284 3083 producit,
1321 3038 1385 3075 est

371 3107 488 3156 prius
527 3106 754 3156 producto,
787 3111 835 3147 ut
868 3112 985 3158 patet
1012 3120 1035 3148 a
1064 3111 1244 3149 Doctore
1273 3112 1316 3150 in
1343 3112 1380 3150 2.

373 3184 414 3222 d.
435 3183 473 3222 2.
507 3186 543 3221 et
561 3183 624 3222 25.
657 3183 724 3222 Sic
744 3184 787 3222 in
806 3185 1043 3235 proposito,
1066 3185 1188 3224 Pater
1212 3189 1260 3224 ut
1288 3197 1384 3235 pro¬

375 3258 492 3298 ducit
512 3259 656 3299 Filium
686 3263 751 3298 est
781 3260 896 3310 prior
929 3261 1021 3310 ipso
1056 3261 1176 3308 Filio,
1213 3265 1255 3300 et
1285 3263 1382 3312 quia

375 3334 648 3374 constituitur
670 3334 714 3373 in
735 3346 820 3374 esse
837 3346 916 3385 per
936 3335 1261 3386 productionem
1284 3338 1382 3376 acti¬

373 3422 485 3459 vam,
516 3413 713 3462 sequitur
733 3411 850 3462 quod
874 3413 965 3452 talis
992 3413 1217 3463 productio
1249 3415 1382 3454 activa

375 3491 440 3527 est
459 3487 574 3536 prior
600 3487 692 3537 ipso
714 3487 831 3526 Filio.

427 3562 512 3603 Sed
542 3566 642 3602 tunc
675 3562 844 3603 videtur
877 3563 1154 3604 contradictio
1185 3565 1227 3604 in
1261 3564 1381 3604 dictis

1469 289 1677 336 Doctoris,
1713 290 1807 340 quia
1858 292 1949 339 ipse
1985 290 2073 329 vult
2119 289 2234 339 quod
2283 288 2474 339 quamvis

1469 365 1592 404 Pater
1625 366 1739 416 prius
1777 366 1941 416 origine
1980 364 2189 414 producat
2218 368 2470 410 creaturam,

1469 445 1510 480 et
1548 442 1670 480 Filius
1709 442 1922 491 posterius
1966 440 2146 490 origine,
2193 450 2282 481 non
2333 444 2476 479 tamen

1467 518 1662 567 sequitur
1682 517 1799 568 quod
1819 518 1861 556 in
1882 517 2023 568 aliquo
2047 517 2173 566 priori
2195 517 2246 555 sit
2276 516 2411 566 posita
2432 518 2473 555 in

1467 603 1551 631 esse
1579 603 1602 630 a
1636 593 1757 632 Patre
1780 594 1822 632 in
1843 604 1926 642 quo
1954 601 2040 632 non
2070 592 2123 630 sit
2151 591 2288 642 posita
2321 592 2363 630 in
2394 601 2479 630 esse

1467 677 1489 705 a
1528 667 1643 714 Filio,
1674 668 1752 707 sed
1786 668 1884 719 quia
1926 671 2088 706 tantum
2128 667 2252 705 Pater
2289 666 2370 705 hoc
2405 666 2477 704 ha¬

1465 742 1540 782 bet
1573 753 1596 782 a
1629 743 1859 792 semetipso
1892 746 1934 782 et
1966 742 2090 781 Filius
2117 753 2138 780 a
2165 741 2300 787 Patre,
2333 744 2373 780 et
2394 741 2474 780 hoc

1467 829 1672 867 expresse
1712 821 1831 868 patet
1859 828 1882 856 a
1918 818 2102 856 Doctore
2140 818 2183 855 in
2221 817 2258 856 2.
2299 818 2391 856 dist.
2436 817 2471 856 1.

1466 898 1603 943 quaest.
1630 895 1663 933 1.
1688 897 1724 932 et
1743 896 1786 932 in
1815 894 2008 939 Quodlib.
2046 896 2185 942 quaest.
2222 892 2259 932 8.
2295 892 2335 931 Si
2369 903 2472 944 ergo

1466 971 1581 1019 prius
1612 969 1774 1019 origine
1815 968 1926 1008 dicat
1963 967 2135 1018 aliquod
2165 969 2280 1017 prius
2314 968 2356 1006 in
2389 978 2472 1018 quo

1468 1046 1679 1095 posterius
1699 1053 1785 1083 non
1807 1048 1886 1091 est,
1906 1044 2103 1094 sequitur
2123 1043 2237 1093 quod
2261 1046 2472 1089 creatura,

1465 1122 1554 1160 sive
1586 1123 1629 1160 in
1659 1131 1742 1160 esse
1773 1122 1960 1172 cognito,
1994 1121 2083 1159 sive
2120 1120 2262 1166 volito,
2297 1119 2385 1158 sive
2432 1121 2474 1158 in

1465 1209 1546 1236 esse
1566 1197 1692 1236 realis
1714 1196 1960 1243 existentiai,
1983 1195 2061 1234 erit
2080 1195 2290 1245 producta
2310 1206 2332 1234 a
2354 1195 2474 1234 Patre

1464 1273 1507 1312 in
1528 1271 1670 1321 aliquo
1691 1270 1864 1309 instanti
1885 1270 1927 1308 in
1949 1280 2032 1320 quo
2054 1279 2142 1308 non
2164 1269 2243 1308 erit
2262 1269 2472 1319 producta

1466 1358 1488 1385 a
1528 1347 1641 1393 Filio,
1675 1348 1731 1386 et.
1749 1349 1848 1384 tunc
1883 1346 1919 1384 si
1954 1345 2206 1395 producitur
2244 1355 2268 1383 a
2297 1344 2396 1384 Filio
2431 1346 2472 1383 in

1464 1422 1691 1472 posteriori
1711 1420 1885 1471 originis
1907 1420 1985 1459 erit
2011 1420 2082 1459 bis-
2101 1419 2324 1470 producta,
2357 1418 2472 1469 quod

1466 1501 1531 1536 est
1550 1496 1826 1546 impossibile.

1517 1590 1714 1630 Similiter
1749 1589 1916 1629 videtur
1957 1591 2080 1640 sequi
2129 1589 2246 1640 quod
2293 1590 2471 1640 Spiritus

1463 1670 1635 1706 sanctus
1667 1668 1721 1705 sit
1749 1676 1850 1705 vere
1882 1664 2116 1714 productus
2143 1677 2167 1704 a
2186 1666 2308 1705 Patre
2329 1667 2372 1705 in
2393 1666 2467 1704 ali¬

1464 1755 1549 1794 quo
1570 1743 1699 1793 priori
1726 1743 1770 1780 in
1803 1752 1889 1792 quo
1917 1753 2004 1782 non
2032 1741 2293 1792 producatur
2313 1753 2335 1781 a
2357 1743 2470 1792 Filio,

1464 1821 1561 1871 quia
1582 1820 1704 1858 Pater
1723 1819 1840 1868 prius
1861 1819 2027 1870 origine
2050 1819 2250 1869 producit
2270 1819 2470 1869 Spiritum

1463 1899 1657 1936 sanctum
1681 1898 1723 1934 et
1740 1895 1865 1933 Filius
1893 1895 2107 1944 posterius
2137 1895 2317 1947 origine,
2355 1896 2470 1946 quod

1462 1975 1581 2023 patet
1602 1983 1625 2010 a
1644 1972 1827 2010 Doctore
1851 1973 1945 2011 dist.
1971 1972 2030 2019 12.
2058 1972 2207 2019 primi.

1514 2046 1787 2096 Respondeo,
1826 2045 1944 2096 quod
1985 2045 2099 2085 aliud
2139 2049 2204 2085 est
2250 2047 2368 2097 loqui
2415 2048 2469 2087 de

1460 2125 1588 2175 priori
1609 2123 1792 2173 origine,
1826 2133 1909 2172 quo
1944 2122 2069 2161 Paler
2099 2122 2296 2172 producit
2323 2123 2470 2162 Filium

1460 2203 1504 2240 in
1525 2211 1609 2240 esse
1629 2199 1892 2248 simpliciter,
1918 2200 1960 2237 et
1980 2208 2064 2248 quo
2086 2197 2284 2248 producit
2307 2203 2469 2238 creatu¬

1458 2288 1546 2315 ram
1579 2276 1647 2315 vel
1683 2275 1886 2324 Spiritum
1920 2277 2129 2320 sanctum,
2164 2275 2261 2324 quia
2297 2276 2469 2324 quando

1458 2352 1657 2403 producit
1678 2352 1840 2398 Filium,
1867 2356 2139 2400 comparatur
2159 2350 2212 2389 ad
2233 2352 2374 2400 ipsum
2395 2353 2469 2400 sic,

1460 2427 1577 2478 quod
1607 2430 1672 2466 est
1693 2426 1945 2475 simpliciter
1964 2426 2079 2476 prior
2099 2426 2341 2466 secundum
2361 2427 2473 2477 prin¬

1459 2504 1616 2553 cipium
1635 2503 1815 2542 formale
1837 2501 2150 2552 productivum,
2171 2505 2213 2541 et
2233 2503 2474 2542 secundum

1459 2580 1785 2630 productionem
1814 2590 1898 2629 qua
1929 2579 2200 2618 constituitur
2226 2580 2270 2619 in
2299 2592 2400 2628 esse,
2432 2585 2474 2621 et

1457 2656 1516 2694 sic
1536 2666 1624 2694 non
1657 2658 1820 2693 tantum
1842 2654 1994 2694 dicitur
2024 2655 2138 2704 prior
2167 2657 2348 2706 origine,
2372 2657 2471 2706 quia

1457 2730 1658 2781 producit
1687 2742 1710 2769 a
1739 2730 1988 2780 semetipso,
2044 2731 2122 2770 sed
2165 2731 2293 2770 etiam
2329 2734 2467 2781 posito

1457 2817 1536 2856 per
1563 2806 1839 2856 impossibile,
1874 2805 1990 2855 quod
2019 2806 2099 2844 hoc
2119 2817 2206 2846 non
2234 2807 2414 2847 haberet
2443 2819 2465 2846 a

1458 2883 1704 2932 semetipso,
1727 2881 1868 2921 adhuc
1888 2883 1947 2921 sic
1969 2882 2229 2931 produceret
2256 2884 2401 2922 Filium
2424 2886 2466 2923 et

1456 2959 1712 3009 inquantum
1752 2957 2026 3006 produceret,
2078 2962 2191 2997 esset
2222 2958 2337 3008 prior
2366 2959 2463 2999 Filio

1457 3035 1702 3085 productio.
1726 3033 1811 3073 Sed
1840 3044 1924 3072 non
1945 3036 2010 3073 est
2031 3034 2106 3080 sic,
2137 3035 2310 3085 quando
2347 3047 2463 3075 com¬

1456 3113 1632 3160 paratur
1672 3110 1725 3148 ad
1766 3113 2004 3148 creaturam
2040 3112 2083 3148 et
2129 3110 2325 3160 Spiritum
2366 3122 2462 3151 san¬

1459 3191 1588 3233 ctum,
1613 3186 1707 3236 quia
1730 3185 1977 3236 simpliciter
1999 3185 2153 3224 eadem
2172 3189 2278 3226 ratio
2307 3187 2467 3227 forma¬

1455 3263 1505 3302 lis
1527 3261 1794 3313 producendi
1817 3267 2057 3301 creaturam
2079 3265 2121 3301 et
2143 3263 2345 3312 Spiritum
2366 3275 2462 3304 san¬

1458 3341 1570 3377 ctum
1594 3342 1658 3376 est
1677 3339 1720 3377 in
1741 3339 1857 3384 Filio,
1881 3336 1959 3376 sed
1987 3341 2086 3376 tunc
2116 3340 2281 3377 tantum
2315 3338 2466 3379 dicitur

1454 3414 1580 3453 Pater
1599 3413 1714 3463 prius
1737 3414 1900 3464 origine
1922 3413 2180 3462 producere,
2212 3414 2310 3464 quia
2341 3425 2364 3453 a
2392 3426 2465 3454 se¬

1454 3491 1652 3540 metipso,
1688 3491 1730 3528 et
1762 3489 1885 3528 Filius
1914 3490 2130 3538 posterius
2152 3490 2329 3541 origine,
2364 3493 2461 3541 quia

1454 3575 1477 3603 a
1506 3565 1643 3613 Patre,
1679 3568 1720 3604 et
1752 3566 1893 3603 tamen
1925 3566 1966 3603 in
1995 3575 2267 3615 quocumque
2288 3565 2460 3605 instanti
