2653 3979
164 345 215 383 tia
239 343 374 383 divina
398 348 462 385 est
488 346 655 385 bonitas
676 341 966 394 quidditativa,
990 345 1032 381 et
1050 342 1165 380 simi-

162 419 256 459 liter
292 423 431 463 unitas
462 421 760 475 quidditativa,
813 422 855 458 et
898 422 944 457 ut
981 418 1056 464 sic,
1103 419 1168 455 est

162 496 266 535 ratio
296 497 456 548 objecti
476 498 651 538 fruibilis
668 508 677 544 ;
711 494 941 545 paternitas
961 502 1062 532 vero
1084 501 1164 531 nec

307 575 514 614 unilslsm
557 570 894 624 quidditativam,
924 578 1006 608 nec
1045 568 1164 607 boni-

161 650 304 694 latem,
337 652 380 688 et
415 651 474 689 sic
502 653 621 701 patet
657 649 798 687 littera
835 645 1046 684 Doctoris.

208 720 265 773 (e)
285 724 347 762 Ad
363 726 532 763 tertium
569 724 675 762 dico.
699 721 804 760 Dicit
824 720 960 770 primo
983 718 1100 769 quod
1119 719 1163 759 lv

155 798 403 846 inquantum
435 802 577 850 potest
599 798 690 848 capi
714 797 953 845 dupliciter.
1003 794 1158 840 Primo,

153 875 200 911 ut
238 872 413 914 denotat
438 874 543 914 illud
574 872 690 924 quod
731 871 974 911 immediate
1019 872 1158 920 sequi-

158 956 223 992 tur
259 954 395 1004 accipi
423 953 663 993 secundum
684 961 805 992 suam
842 954 1049 989 rationem
1070 951 1153 988 lor-

151 1028 320 1069 malem.
350 1029 600 1078 Exemplum
626 1030 634 1068 :
665 1030 795 1067 Homo
814 1027 1065 1076 inquantum
1081 1036 1155 1064 ra¬

147 1102 317 1141 tionalis
345 1107 401 1143 est
427 1104 550 1143 albus
553 1133 563 1150 ,
611 1112 764 1142 sensus
808 1105 887 1148 est,
928 1099 1045 1150 quod
1076 1100 1150 1140 ho¬

146 1177 249 1217 mini
280 1182 450 1230 sumpto
486 1181 528 1219 in
571 1179 735 1218 ratione
772 1177 937 1217 formali
968 1177 1152 1216 rationa¬

144 1253 272 1294 litatis
309 1264 396 1295 non
433 1258 645 1306 repugnat
673 1253 826 1293 albedo
847 1267 856 1301 ;
897 1256 938 1292 et
958 1253 1038 1293 hoc
1058 1263 1152 1291 mo¬

147 1328 200 1367 do
231 1329 274 1380 ly
310 1330 559 1380 inquantum
606 1329 813 1378 accipitur
849 1327 1150 1378 specificative,

146 1406 243 1456 quia
267 1408 429 1444 tantum
450 1404 667 1456 specificat
687 1406 896 1443 rationem
925 1402 1149 1443 formalem

143 1481 254 1520 illius
294 1480 410 1530 quod
447 1481 694 1520 immediate
742 1481 950 1529 sequitur.
983 1479 1144 1518 Secun¬

142 1557 194 1597 do
234 1557 440 1607 accipitur
475 1557 520 1608 ly
555 1558 806 1606 inquantum
810 1585 819 1601 ,
851 1559 898 1594 ut
934 1566 1021 1595 non
1060 1558 1147 1594 tan¬

138 1636 227 1671 tum
270 1631 489 1681 specificat
525 1633 735 1671 rationem
772 1630 993 1670 formalem
1036 1631 1146 1670 illius

134 1708 245 1762 quod
309 1707 556 1747 immediate
613 1707 824 1757 sequitur,
874 1707 954 1747 sed
1015 1708 1145 1746 etiam

132 1785 310 1825 denotat
356 1784 461 1822 illud
501 1783 618 1834 quod
654 1782 899 1822 immediate
949 1785 1145 1834 sequitur

134 1872 233 1901 esse
299 1870 469 1900 causam
526 1860 782 1899 inhaerenti®
827 1859 1043 1909 praedicati
1087 1860 1142 1899 ad

134 1937 392 1988 subjectum,
430 1936 519 1975 sive
565 1936 668 1975 illud
723 1935 1037 1986 reduplicatum
1073 1947 1141 1975 su¬

136 2016 276 2052 matur
306 2023 380 2062 pro
402 2013 547 2062 seipso
571 2015 655 2052 toto
679 2012 831 2062 primo.
854 2013 1106 2063 Exemplum
1129 2025 1137 2051 :

135 2092 266 2129 Homo
286 2089 537 2138 inquantum
571 2088 696 2126 homo
735 2090 790 2126 est
827 2089 1004 2128 risibilis
1010 2120 1018 2133 ,
1051 2088 1139 2128 sive

136 2168 328 2205 sumatur
363 2176 439 2214 pro
486 2165 627 2214 aliquo
677 2163 792 2214 quod
830 2163 1061 2204 includitur
1097 2166 1140 2204 in

133 2242 355 2281 intellectu
391 2241 587 2292 subjecti.
610 2240 865 2289 Exemplum
114 2238 117 2248 ’
888 2244 895 2280 :
919 2244 1049 2281 Homo
1079 2243 1137 2281 in¬

134 2321 336 2368 quantum
379 2317 605 2356 rationalis
642 2321 698 2355 est
743 2317 932 2366 risibilis,
980 2321 1022 2356 et
1057 2319 1139 2358 hoc

129 2394 257 2434 modo
273 2393 318 2444 ly
327 2393 576 2442 inquantum
597 2393 800 2441 accipitur
812 2392 1135 2443 reduplicative.

127 2471 213 2509 Hoc
251 2468 466 2508 declarato
497 2467 788 2518 respondetur
819 2468 874 2507 ad
909 2480 1136 2520 argumen¬

128 2548 229 2585 tum.
280 2544 385 2593 Quia
431 2544 463 2583 si
494 2544 539 2595 ly
588 2545 840 2593 inquantum
908 2546 1137 2596 accipiatur

124 2620 431 2670 reduplicative
467 2622 509 2658 et
538 2619 824 2669 specificative
857 2620 998 2668 simul,
1016 2621 1136 2674 (nam

125 2695 298 2747 quando
345 2696 551 2746 accipitur
596 2695 921 2745 reduplicative,
962 2709 1136 2749 semper

125 2773 331 2821 accipitur
360 2770 662 2823 specificative)
705 2771 802 2812 dicit
839 2774 994 2814 Doctor
1016 2775 1133 2825 quod

126 2848 262 2899 major
281 2850 347 2886 est
364 2858 480 2894 vera,
504 2850 547 2886 et
565 2857 717 2886 sensus
738 2848 910 2899 majoris
931 2853 996 2889 est
1016 2852 1132 2901 quod

125 2926 160 2964 si
199 2923 416 2974 objectum
455 2924 670 2962 numerari
705 2927 770 2962 est
820 2936 962 2973 causa,
999 2938 1130 2977 quare

125 3000 208 3040 hoc
236 2998 525 3049 praedicatum,
557 3000 719 3040 scilicet
755 3001 871 3050 quod
901 3003 1005 3043 ratio
1042 3004 1128 3045 for¬

122 3076 245 3115 malis
284 3075 442 3127 objecti
499 3079 751 3115 numeretur
780 3077 879 3117 insit
915 3080 1128 3131 subjecto,

121 3153 354 3202 propositio
393 3155 458 3192 est
476 3163 594 3200 vera,
628 3153 705 3193 sed
737 3156 876 3195 minor
909 3161 973 3196 est
1008 3157 1127 3199 falsa.

120 3229 167 3267 Et
213 3238 367 3267 sensus
414 3232 493 3275 est,
545 3228 659 3278 quod
704 3228 884 3269 Trinitas
919 3232 972 3271 sit
1002 3245 1130 3274 causa

121 3301 384 3342 inhaerenti®
418 3303 632 3352 praedicati
668 3305 722 3344 ad
759 3305 1017 3357 subjectum,
1051 3309 1128 3348 sci¬

119 3375 220 3415 licet
259 3375 504 3417 fruitionem
549 3379 616 3418 vel
648 3378 871 3430 visionem,
897 3386 940 3421 et
975 3382 1130 3423 forme¬

128 3453 195 3489 tur
232 3451 291 3490 sic
329 3455 377 3492 ut
410 3454 562 3493 clarius
595 3455 859 3507 intelligatur
881 3470 889 3496 :
929 3459 1014 3498 Sed
1046 3464 1131 3500 tres

122 3536 331 3575 personae,
353 3528 606 3578 inquantum
637 3533 722 3569 tres
743 3534 969 3573 terminant
989 3538 1131 3574 actum

126 3599 352 3652 fruitionis,
382 3603 426 3644 id
464 3608 543 3654 est,
578 3605 694 3656 quod
719 3607 898 3651 Trinitas
923 3620 1128 3660 persona¬

1247 351 1342 380 rum
1377 342 1625 392 inquantum
1663 343 1855 390 Trinitas,
1881 347 1945 383 est
1975 355 2101 382 causa
2123 355 2255 394 quare

1244 416 1326 455 hoc
1349 417 1627 467 praedicatum
1648 418 1746 456 insit
1769 418 1978 468 subjecto,
2000 419 2069 458 hic
2101 429 2254 458 sensus

1241 487 1373 530 falsus
1395 494 1473 538 est,
1510 494 1552 529 et
1570 490 1630 529 sic
1659 494 1779 540 patet
1800 494 2022 542 responsio
2046 491 2099 532 ad
2119 502 2252 543 argu¬

1238 568 1442 604 mentum.

1595 704 1855 744 SGHOLIUM.

1278 822 1404 859 Solvit
1442 824 1619 860 rationes
1658 823 1782 860 factas
1817 833 1888 870 pro
1926 826 2060 870 prima
2081 826 2246 862 conclu¬

1230 886 1341 922 sione
1362 886 1410 922 de
1450 888 1603 923 unitate
1625 887 1768 932 objecti
1810 888 2008 932 fruibilis,
2045 891 2245 935 quatenus

1229 953 1386 995 possent
1423 960 1654 996 repugnare
1691 951 2022 989 conclusionibus
2065 962 2243 1000 sequen¬

1230 1013 1341 1051 tibus
1375 1015 1490 1051 tertii
1530 1018 1568 1052 et
1607 1016 1741 1061 quarti
1776 1016 1954 1058 articuli,
1989 1016 2082 1062 quia
2104 1016 2245 1061 plura¬

1230 1078 1322 1113 litas
1359 1087 1627 1123 personarum
1668 1088 1746 1114 non
1767 1079 1938 1125 objectat
1960 1080 2107 1116 unitati
2135 1080 2243 1125 obje¬

1227 1142 1279 1178 cti
1307 1142 1490 1178 formalis
1511 1142 1736 1185 fruitionis,
1759 1143 1864 1188 quod
1879 1145 1939 1179 est
1954 1143 2036 1180 sola
2051 1145 2238 1179 essentia.

1291 1263 1364 1309 Ad
1394 1263 1629 1310 rationes
1657 1263 1710 1309 in
1734 1263 2057 1323 oppositum.

2254 1364 2264 1395 ad
1288 1337 1363 1384 Ad
1391 1337 1623 1397 primam
1667 1337 1798 1391 dico,
1834 1338 1966 1398 quod
2009 1340 2090 1385 est
2129 1342 2238 1386 tan-

1223 1413 1335 1458 tum
1376 1426 1509 1459 unus
1555 1412 1775 1460 ultimus
1820 1413 1937 1459 finis
1984 1413 2036 1459 in
2063 1427 2135 1468 se,
2163 1417 2236 1462 ta-

1224 1501 1341 1533 men
1369 1488 1456 1535 ille
1497 1488 1654 1536 habet
1682 1489 1733 1534 in
1762 1503 1816 1535 se
1844 1490 2126 1537 distinctas
2157 1504 2236 1537 ra-

1219 1564 1392 1611 tiones
1422 1565 1643 1624 aliquas,
1683 1578 1795 1624 quse
1825 1579 1929 1612 non
1970 1569 2089 1613 sunt
2130 1567 2234 1613 for-

1222 1640 1437 1688 maliter
1494 1641 1734 1688 rationes
1779 1641 1955 1689 ultimi
1998 1642 2134 1695 finis,
2182 1646 2233 1691 et

1218 1714 1294 1762 ita
1343 1716 1594 1776 possibile
1637 1719 1718 1764 est
1755 1717 1863 1764 frui
1906 1732 1967 1764 eo
2001 1719 2096 1764 sub
2147 1731 2232 1765 ra¬

1217 1790 1359 1838 tione
1392 1792 1568 1839 ultimi
1617 1792 1737 1838 finis
1775 1792 2094 1848 formaliter,
2126 1808 2229 1840 non

1214 1866 1432 1914 fruendo
1486 1868 1577 1914 illo
1624 1869 1718 1915 sub
1762 1868 1869 1916 illis
1911 1870 2224 1917 rationibus.

1284 1943 1358 1990 Ad
1387 1944 1668 1991 secundum
1689 1945 1803 1991 dico
1835 1946 1992 2005 (sicut
2029 1947 2227 2005 dictum

1215 2022 1295 2066 est
1334 2020 1386 2066 in
1414 2021 1731 2080 praecedenti
1761 2022 2072 2080 quaestione)
2095 2023 2227 2082 quod

1215 2109 1309 2154 per
1342 2096 1580 2142 accidens
1631 2098 1728 2150 est,
1771 2099 1904 2157 quod
1954 2098 2006 2144 in
2046 2095 2225 2145 eodem

1214 2175 1540 2219 concurrant
1569 2173 1707 2218 ratio
1745 2172 2023 2221 efficientis
2051 2176 2101 2220 et
2150 2187 2226 2220 ra¬

1213 2247 1289 2294 tio
1329 2248 1465 2300 finis,
1521 2251 1700 2295 tamen
1737 2249 1795 2294 de
1833 2249 1972 2296 facto
2007 2263 2110 2296 una
2143 2253 2223 2297 est

1215 2324 1356 2370 ratio
1402 2324 1647 2370 formalis
1693 2323 1859 2384 ipsius
1903 2325 2039 2378 finis,
2087 2325 2222 2372 sicut

1213 2413 1316 2446 una
1349 2403 1429 2448 est
1452 2401 1592 2448 ratio
1634 2399 1879 2448 formalis
1925 2402 2091 2462 ipsius
2119 2401 2222 2448 effi¬

1212 2476 1417 2529 cientis,
1473 2477 1559 2522 sed
1624 2477 1677 2522 in
1721 2476 1814 2522 illa
1859 2491 1963 2524 una
2016 2477 2221 2525 ratione

1209 2552 1383 2610 potest
1406 2551 1645 2610 potentia
1674 2551 1922 2610 quietari,
1962 2552 2082 2600 licet
2116 2566 2221 2598 non

1212 2626 1479 2685 quietetur
1499 2627 1552 2673 in
1588 2627 1886 2675 rationibus
1930 2629 2219 2688 personali¬

1206 2702 1302 2747 bus
1325 2716 1438 2762 quae
1478 2704 1598 2749 sunt
1638 2703 1691 2749 in
1734 2703 1826 2750 illo
1850 2704 1963 2749 fine.

1282 2778 1356 2824 Ad
1377 2779 1838 2826 confirmationem
1861 2793 1979 2826 cum
2003 2779 2214 2834 dicitur,

1206 2867 1310 2899 non
1363 2856 1537 2914 potest
1598 2868 1702 2901 una
1745 2869 1973 2915 persona
2029 2869 2215 2902 creare

1205 2929 1308 2975 nisi
1348 2930 1453 2976 alia
1497 2934 1658 2984 creet,
1687 2931 1800 2977 dico
1827 2932 1961 2991 quod
1998 2945 2102 2977 non
2139 2946 2212 2978 se¬

1206 3005 1408 3064 quitur;
1445 3019 1573 3065 ergo
1619 3019 1722 3053 una
1760 3021 1864 3053 non
1897 3010 2074 3067 potest
2102 3007 2213 3054 fini¬

1205 3095 1263 3127 re
1289 3084 1466 3129 actum
1489 3083 1761 3129 fruitionis
1789 3084 1893 3130 nisi
1921 3084 2026 3130 alia
2046 3083 2211 3130 finiat.

1204 3158 1343 3204 Bene
1364 3158 1503 3204 enim
1534 3158 1791 3217 sequitur,
1823 3159 1956 3218 quod
1979 3173 2078 3204 una
2102 3172 2216 3218 per¬

1205 3245 1333 3279 sona
1371 3247 1435 3279 ex
1476 3236 1671 3281 natura
1723 3234 1799 3279 rei
1837 3248 1942 3280 non
1983 3237 2065 3282 est
2097 3234 2215 3281 finis

1202 3307 1306 3353 nisi
1338 3309 1443 3354 alia
1471 3323 1698 3368 persona
1733 3309 1801 3355 sit
1825 3310 1961 3362 finis,
1999 3310 2085 3356 sed
2110 3323 2216 3356 non

1205 3384 1446 3441 sequitur
1493 3385 1551 3430 de
1584 3385 1685 3430 fine
1737 3387 1886 3432 actus
1930 3388 1986 3433 ut
2020 3388 2100 3433 est
2122 3385 2214 3431 eli¬

1204 3456 1341 3504 citus
1386 3472 1415 3504 a
1462 3459 1717 3518 potentia,
1755 3460 1877 3518 quia
1913 3460 2031 3506 finis
2060 3463 2211 3508 actus

1205 3536 1262 3580 ut
1289 3533 1469 3587 eliciti,
1500 3537 1580 3582 est
1603 3537 1664 3582 ad
1687 3549 1837 3595 quem
1860 3536 2096 3596 potentia
2124 3537 2210 3584 eli¬

1204 3608 1346 3656 ciens
1398 3610 1606 3658 ordinat
1658 3612 1835 3657 actum
1875 3613 1925 3658 et
1986 3613 2209 3672 propter
