2711 3979
385 334 446 374 Ad
468 335 676 376 rationem
696 336 888 377 Doctoris
907 337 1144 387 respondet
1174 337 1332 387 Grego-

331 412 418 451 rius
439 414 489 451 de
509 415 694 453 Arimino
714 416 757 453 in
773 416 910 461 primo
932 415 972 452 d.
998 415 1032 462 1.
1065 424 1102 462 q.
1129 414 1163 454 I.
1187 416 1268 452 ari.
1295 413 1328 451 1.

329 489 610 528 concedendo
641 490 758 539 quod
787 488 948 540 aliquid
978 492 1119 538 potest
1139 488 1332 528 absolute

326 564 496 603 oslendi
516 565 721 604 voluntati
750 570 798 604 ut
829 566 1006 611 bonum,
1041 567 1084 603 et
1116 562 1231 614 quod
1258 574 1333 601 vo¬

323 641 463 680 luntas
484 645 624 691 potest
643 641 746 680 illud
768 641 944 692 diligere
962 670 970 678 .
998 641 1081 680 Sed
1103 640 1199 679 dicit
1218 639 1333 689 quod

326 714 431 753 illud
464 716 710 755 necessario
751 715 940 767 diligitur
975 715 1043 754 vel
1076 716 1251 764 propter
1286 723 1332 751 se

326 791 395 829 vel
432 793 609 840 propter
645 791 778 838 aliud,
816 792 916 832 licet
955 801 1042 829 non
1086 789 1270 828 dictetur
1309 798 1331 825 a

328 866 492 904 ratione
522 867 662 915 ipsum
694 877 790 905 esse
825 864 1106 916 diligendum,
1135 868 1206 902 aut
1234 874 1332 912 pro¬

331 945 427 991 pter
471 952 518 981 se
557 946 630 981 aut
667 945 840 992 propter
877 941 1006 985 aliud,
1055 942 1163 980 sicut
1210 939 1335 977 etiam

334 1018 494 1067 aliquid
518 1019 656 1067 potest
675 1018 869 1057 absolute
890 1016 1157 1066 apprehendi
1172 1015 1335 1064 absque

333 1094 414 1132 hoc
445 1094 561 1144 quod
583 1094 767 1134 dictetur
784 1096 924 1144 ipsum
946 1103 1041 1132 esse
1073 1091 1336 1143 diligendum

333 1170 401 1208 vel
448 1169 697 1216 odiendum,
739 1174 779 1208 et
820 1173 962 1209 tamen
1008 1169 1205 1208 voluntas
1249 1176 1336 1205 non

333 1248 474 1294 potest
493 1245 653 1283 habere
675 1248 818 1283 actum
841 1243 948 1283 circa
975 1243 1095 1289 illud,
1129 1242 1207 1282 nisi
1243 1241 1337 1279 dili¬

329 1321 473 1371 gendo
521 1321 588 1359 vel
634 1320 837 1359 odiendo.
879 1319 963 1358 Sed
1001 1319 1118 1358 salva
1165 1328 1338 1367 semper

328 1396 568 1436 reverentia
592 1398 694 1435 tanti
717 1397 808 1442 viri,
831 1395 1078 1445 exemplum
1108 1404 1192 1434 non
1214 1393 1335 1431 vide¬

332 1477 400 1512 tur
436 1473 491 1512 ad
528 1473 812 1522 propositum,
847 1472 945 1522 quia
974 1470 1112 1510 omnis
1144 1468 1336 1518 operatio

331 1547 576 1593 voluntatis,
610 1547 679 1585 vel
708 1550 772 1586 est
803 1547 912 1586 velle
945 1546 1015 1585 vel
1044 1549 1106 1585 est
1135 1545 1262 1591 nolle,
1293 1548 1339 1583 ut

333 1626 478 1672 patet;
516 1625 581 1662 est
615 1633 718 1672 ergo
757 1621 1035 1672 impossibile,
1074 1620 1338 1659 voluntatem

332 1700 493 1739 habere
531 1699 716 1749 aliquem
763 1703 902 1737 actum
949 1698 1058 1737 circa
1105 1697 1336 1748 objectum,

334 1776 412 1814 nisi
433 1774 616 1814 volendo
636 1774 738 1812 illud
759 1774 826 1812 vel
848 1771 1203 1822 diligendo,quod
1223 1771 1339 1811 idem

333 1856 412 1899 est,
434 1854 500 1892 vel
520 1851 707 1891 nolendo
739 1849 846 1889 illud
877 1849 964 1888 sive
994 1848 1198 1895 odiendo,
1222 1849 1339 1898 quod

329 1929 440 1968 idem
464 1932 540 1973 est,
575 1927 653 1966 sed
686 1938 774 1966 non
808 1929 873 1965 est
905 1927 965 1964 sic
998 1925 1051 1964 de
1085 1927 1262 1975 propter
1290 1936 1336 1964 se

325 2005 392 2043 vel
415 2003 468 2042 de
491 2005 666 2053 propter
685 2001 818 2041 aliud.
838 2002 943 2040 Nam
964 2000 998 2038 si
1016 2000 1123 2039 ratio
1145 1999 1337 2038 ostendit

325 2081 501 2132 aliquod
520 2080 680 2120 bonum
703 2089 799 2118 esse
822 2077 1104 2128 diligendum,
1129 2080 1171 2116 et
1193 2079 1336 2115 tamen

326 2168 412 2196 non
461 2156 592 2195 dictet
638 2154 742 2193 illud
791 2163 886 2192 esse
930 2152 1213 2203 diligendum,
1264 2156 1337 2190 aut

329 2234 502 2281 propter
533 2240 579 2269 se
621 2232 694 2268 aut
734 2233 911 2278 propter
942 2228 1067 2273 aliud,
1097 2238 1182 2267 non
1211 2227 1335 2267 video

331 2308 504 2360 quando
536 2307 732 2347 voluntas
765 2304 960 2345 absolute
996 2305 1129 2353 possit
1156 2304 1265 2344 velle
1292 2304 1335 2343 il¬

332 2384 422 2430 lud,
445 2385 648 2434 quoniam
668 2381 776 2420 velle
797 2382 974 2431 propter
1001 2389 1047 2417 se
1067 2380 1136 2419 vel
1162 2382 1339 2428 propter

334 2459 466 2506 aliud,
488 2458 730 2499 necessario
746 2456 1037 2507 prsesupponit
1052 2456 1195 2504 ipsum
1213 2453 1336 2501 velle,

334 2536 412 2576 sed
434 2546 516 2576 non
538 2546 560 2576 e
578 2539 737 2580 contra,
754 2533 852 2572 ideo
874 2531 1119 2580 exemplum
1141 2530 1233 2581 ejus
1251 2539 1337 2568 non

335 2616 399 2651 est
419 2612 472 2651 ad
494 2611 775 2661 propositum.
796 2609 1034 2657 Negaretur
1053 2605 1195 2653 etiam,
1220 2604 1335 2653 quod

329 2690 436 2728 ratio
459 2689 606 2739 posset
625 2683 856 2724 ostendere
876 2682 1049 2732 aliquod
1075 2682 1236 2721 bonum
1255 2692 1329 2720 vo¬

327 2764 494 2811 luntati,
529 2766 571 2802 et
600 2771 687 2800 non
720 2760 852 2799 dictet
881 2757 986 2797 illud
1018 2768 1114 2797 esse
1147 2757 1329 2808 diligen¬

329 2840 431 2879 dum
452 2838 521 2878 vel
541 2835 793 2881 odiendum,
818 2835 917 2884 quia
939 2844 1094 2883 quaero,
1126 2837 1198 2872 aut
1225 2833 1330 2872 ratio

329 2916 550 2966 cognoscit
586 2911 690 2951 illud
728 2912 890 2950 bonum
927 2920 1023 2948 esse
1067 2909 1333 2960 diligendum

327 2991 396 3030 vel
418 2999 504 3029 non
525 2987 805 3039 diligendum,
829 2988 902 3025 aut
928 2995 1014 3023 non
1037 2986 1270 3036 cognoscit.
1294 2986 1335 3025 Si

328 3065 464 3116 primo
484 3063 630 3109 modo,
654 3063 744 3102 talis
764 3061 948 3112 cognitio
971 3071 1025 3099 ex
1045 3071 1127 3110 quo
1151 3064 1215 3100 est
1233 3070 1333 3099 vere

332 3141 532 3191 practica,
554 3138 795 3178 necessario
817 3137 947 3176 dictat
962 3137 1045 3174 tale
1059 3137 1218 3174 bonum
1241 3146 1336 3174 esse

334 3215 602 3268 diligendum
621 3214 690 3254 vel
710 3211 946 3253 odiendum
966 3210 1029 3262 (ut
1048 3212 1184 3261 patuit
1207 3221 1335 3260 supra

330 3296 374 3332 in
393 3305 432 3342 q.
454 3292 592 3332 ultim.
612 3288 795 3341 prolog.)
816 3289 856 3328 Si
875 3287 1066 3327 secundo
1083 3287 1225 3334 modo,
1248 3298 1334 3326 non

329 3369 453 3409 video
476 3372 576 3407 tunc
597 3365 713 3416 quod
732 3366 929 3405 voluntas
950 3364 1083 3413 possit
1104 3363 1203 3403 illud
1240 3363 1333 3403 dili¬

330 3455 434 3495 gere
471 3444 540 3483 vel
575 3441 711 3486 odire,
742 3440 822 3479 nisi
857 3438 938 3478 sibi
968 3438 1220 3478 ostendatur
1254 3439 1333 3477 sub

334 3521 495 3559 ratione
527 3515 814 3567 diligibilitatis
843 3515 912 3554 vel
933 3513 1077 3552 odibili
1083 3514 1191 3552 tatis.

1773 341 2035 379 SGHOLIUM.

1451 474 1647 518 Supponit
1674 477 1718 510 ut
1748 475 1905 510 clarum
1940 475 2177 511 fruitionem
2211 483 2288 510 non
2322 483 2411 510 esse

1406 545 1524 572 usum
1546 538 1614 573 vel
1635 541 1768 573 actum
1792 542 1996 582 neutrum,
2019 542 2057 575 et
2077 540 2261 575 adductis
2275 542 2414 574 aucto¬

1405 600 1594 637 ritatibus
1615 600 1878 646 probantibus
1898 611 1984 637 esse
2004 612 2181 638 amorem
2203 601 2294 638 boni
2318 612 2413 647 pro¬

1404 667 1493 710 pter
1513 673 1554 700 se
1585 673 1629 700 ac
1663 665 1756 703 aliis
1789 665 2052 702 suadentibus
2083 672 2169 702 esse
2200 665 2412 702 delectati¬

1404 737 1532 771 onem,
1554 729 1619 765 vel
1642 733 1856 776 utrumque
1877 731 2105 775 complecti,
2122 730 2304 773 resolvit,
2319 739 2410 766 cum

1405 794 1562 829 constet
1589 792 1637 827 de
1671 801 1728 836 re,
1758 803 1834 829 non
1862 803 1949 829 esse
1974 793 2201 829 curandum
2224 792 2271 828 de
2293 802 2414 828 voca¬

1407 857 1520 902 bulo;
1556 856 1736 893 absolute
1766 861 1902 894 tamen
1941 858 2146 894 beatitudo
2186 857 2416 893 formaliter

1407 922 1591 957 consistit
1610 921 1651 956 in
1674 922 1746 958 illo
1773 931 1924 964 amore,
1950 931 2028 957 non
2062 922 2104 957 in
2135 922 2414 964 delectatione,

1408 984 1456 1021 de
1495 994 1572 1031 quo
1599 987 1739 1023 Doctor
1768 988 1804 1024 4.
1839 986 1930 1023 dist.
1970 987 2029 1022 49.
2071 989 2211 1031 qusest.
2249 987 2286 1022 7.
2320 985 2416 1021 vide

1408 1052 1558 1088 ibidem
1580 1055 1721 1097 quaest.
1743 1052 1774 1088 4.
1796 1054 1835 1088 et

1464 1166 1539 1211 De
1563 1164 1787 1210 secundo
1803 1164 1869 1222 (a)
1884 1161 2182 1221 principali,
2207 1161 2291 1208 cui
2314 1161 2412 1215 sci-

1408 1240 1531 1287 licet
1573 1240 1802 1287 istorum
1837 1238 2113 1285 conveniat
2150 1237 2288 1284 istud
2326 1239 2412 1282 no-

1411 1319 1527 1372 men
1570 1318 1680 1372 fnti,
1731 1314 1865 1361 sicut
1911 1315 2086 1373 potest
2132 1313 2310 1372 colligi
2349 1328 2413 1360 ex

1409 1391 1820 1438 auctoritatibus
1850 1390 2174 1449 loquentium
2214 1389 2273 1435 de
2312 1390 2414 1436 isto

1408 1466 1666 1522 vocabulo
1716 1469 1845 1522 frux;
1890 1465 2106 1524 planum
2156 1467 2236 1512 est
2283 1467 2417 1524 quod

1411 1543 1594 1590 fruitio
1634 1556 1738 1588 non
1783 1545 1863 1590 est
1902 1543 2052 1588 actus
2091 1544 2295 1594 neuter,
2326 1555 2419 1589 nec

1411 1622 1562 1666 actus
1595 1633 1738 1671 usus,
1770 1617 1856 1664 sed
1891 1620 2100 1664 tantum
2140 1619 2220 1664 est
2261 1617 2418 1664 alter¬

1411 1694 1550 1741 catio
1584 1694 1642 1740 de
1679 1697 1798 1741 actu
1836 1693 2069 1753 perfecto
2109 1696 2160 1740 et
2193 1693 2251 1738 de
2283 1693 2419 1739 dele¬

1411 1770 1645 1817 ctatione
1666 1770 2018 1828 consequente
2050 1770 2227 1815 actum
2253 1768 2418 1827 perfe¬

1410 1850 1568 1894 ctum.

1470 1922 1766 1982 Responsio
1797 1939 1805 1967 :
1839 1920 2040 1980 Aliqua?
2062 1920 2415 1967 auctoritates

1408 2000 1653 2046 videntur
1679 1998 1851 2045 dicere
1887 1997 2018 2056 quod
2049 1999 2143 2052 frux
2163 1997 2241 2042 est
2265 1997 2415 2042 actus

1409 2074 1676 2134 perfectus
1704 2076 1928 2129 tantum,
1956 2071 2145 2130 aliquae
2173 2071 2306 2130 quod
2338 2071 2416 2117 de¬

1407 2151 1626 2198 lectatio
1644 2151 1868 2201 tantum,
1894 2148 2082 2206 aliquae
2106 2147 2238 2206 quod
2258 2147 2419 2193 inclu¬

1409 2229 1482 2275 dit
1514 2230 1814 2285 utrumque,
1844 2227 1896 2271 et
1922 2227 2047 2270 tunc
2086 2236 2190 2269 non
2223 2222 2421 2281 signifi¬

1411 2308 1496 2352 cat
1522 2302 1735 2362 aliquod
1768 2315 1859 2347 ens
1897 2314 1990 2360 per
2023 2314 2076 2346 se
2112 2312 2290 2351 unum,
2334 2299 2419 2345 sed

1410 2394 1569 2427 unum
1593 2381 1943 2438 aggregatum
1973 2391 2037 2423 ex
2064 2376 2262 2422 duobus
2292 2377 2417 2423 enti¬

1409 2458 1505 2504 bus
1538 2458 1596 2503 ut
1628 2470 1720 2502 ens
1755 2468 1849 2514 per
1887 2452 2143 2500 accidens.
2184 2451 2292 2497 Nec
2319 2451 2416 2498 hoc

1409 2536 1490 2581 est
1513 2531 1885 2579 inconveniens
1904 2529 2035 2588 quod
2051 2539 2210 2574 unum
2229 2540 2418 2573 nomen

1410 2607 1672 2667 significet
1702 2605 1883 2655 multa,
1921 2601 2043 2659 quia
2067 2600 2192 2646 Ilias
2215 2603 2415 2658 (secun¬

1403 2686 1524 2732 dum
1574 2680 1953 2741 Philosophum
2007 2678 2049 2724 7.
2102 2677 2404 2735 Metaphysic.)

1403 2765 1580 2823 potest
1631 2762 1933 2821 significare
1988 2762 2161 2806 totum
2209 2759 2403 2805 bellum

1405 2841 1708 2903 Trojanum.

1467 2918 1608 2972 Quod
1645 2918 1850 2964 tantum
1890 2914 1959 2961 sit
1990 2916 2140 2960 actus
2171 2913 2251 2972 (b),
2280 2913 2415 2960 vide¬

1406 2996 1496 3041 tur
1530 2993 1621 3038 illa
1652 2990 1949 3039 auctoritas
1973 2988 2254 3048 Augustini
2282 2989 2416 3035 dice¬

1409 3084 1466 3116 re
1503 3071 1573 3121 83.
1617 3070 1898 3121 qucestionum
1931 3068 2114 3120 quaest.
2154 3066 2225 3111 30.
2265 3067 2417 3108 Omnis

1408 3156 1553 3204 itaque
1573 3151 1763 3189 humana
1782 3158 2001 3200 perversio
2028 3151 2101 3194 est,
2139 3149 2250 3198 quod
2284 3149 2415 3184 etiam

1409 3225 1563 3266 vitium
1589 3230 1768 3265 vocatur
1772 3223 1781 3274 ,
1819 3220 2021 3274 fruendis
2058 3220 2125 3261 uti
2154 3219 2262 3261 velle
2287 3225 2413 3273 atque

1407 3300 1580 3342 utendis
1599 3299 1710 3353 frui.
1736 3293 2016 3342 Perversio
2042 3294 2125 3340 vel
2153 3285 2411 3352 perversi-

1407 3376 1490 3420 tas
1512 3375 1592 3419 est
1613 3371 1915 3417 formaliter
1942 3369 1994 3415 in
2021 3370 2141 3415 actu
2168 3369 2413 3415 volunta-

1407 3449 1478 3496 tis
1527 3448 1721 3501 elicito,
1780 3460 1885 3493 non
1938 3447 1993 3492 in
2043 3444 2410 3498 delectatione,

1410 3526 1532 3583 quia
1558 3524 1835 3570 delectatio
1868 3535 1971 3568 non
2005 3525 2084 3568 est
2112 3534 2278 3581 prava
2309 3521 2412 3566 nisi

1411 3602 1532 3661 quia
1559 3602 1708 3647 actus
1730 3602 1810 3647 est
1832 3612 2043 3658 pravus,
2074 3612 2167 3646 nec
2195 3598 2414 3645 delecta-
