2624 3979
228 336 303 383 tio
324 339 405 382 est
428 336 478 382 in
507 339 771 396 potestate
798 338 1107 385 delectantis
1134 338 1235 384 nisi

227 412 352 471 quia
372 416 522 460 actus
543 416 623 460 est
646 414 695 459 in
720 417 984 474 potestate
1006 415 1232 473 agentis;

226 492 501 548 peccatum
525 493 700 538 autem
723 490 1035 550 inquantum
1058 504 1236 551 pecca¬

221 568 354 618 tum,
401 568 482 614 est
527 564 831 614 formaliter
872 568 925 614 in
970 569 1235 628 potestate

222 642 508 700 peccantis.

282 715 393 762 Hoc
428 716 590 763 etiam
618 718 680 776 (c)
713 718 922 766 videtur
956 717 1234 764 manifeste

223 791 398 838 dicere
446 793 773 852 Augustinus
825 796 866 840 1.
921 796 974 838 de
1023 796 1233 838 Doctrina

225 869 478 912 Christiana
485 905 494 920 ,
541 882 651 929 cap.
684 871 723 915 1.
756 871 865 913 Frui
897 878 956 913 est
987 885 1134 913 amore
1165 872 1231 913 in¬

221 945 385 988 haerere
414 947 551 988 alicui
582 948 649 989 rei
676 953 857 1003 propter
881 947 1083 1002 seipsum.
1121 946 1232 992 Ista

221 1020 384 1067 etiam
435 1019 653 1067 inhaesio
699 1022 907 1068 videtur
965 1034 1080 1067 esse
1136 1034 1231 1081 per

222 1096 515 1156 potentiam
540 1098 794 1144 motivam
829 1097 1136 1144 inhaerentis
1168 1097 1231 1143 si¬

221 1174 311 1219 cut
338 1172 388 1217 in
411 1173 745 1232 corporibus,
778 1187 808 1219 a
843 1173 1028 1232 quibus
1059 1176 1230 1220 trans¬

221 1249 389 1295 latum
420 1250 499 1295 est
534 1248 630 1295 hoc
665 1252 856 1295 nomen
894 1252 1110 1293 inhaerere
1117 1286 1126 1302 ,
1158 1250 1229 1296 in¬

219 1322 384 1369 haesio
408 1325 487 1370 est
508 1324 708 1371 virtute
738 1324 1062 1372 inhaerentis.

278 1400 539 1447 Similiter
571 1400 792 1448 inhaesio
820 1400 980 1447 alicui
1008 1404 1230 1460 propter

214 1489 274 1522 se
315 1489 419 1521 non
463 1476 671 1524 videtur
715 1490 830 1524 esse
869 1490 964 1537 per
1008 1478 1228 1524 delecta¬

218 1550 434 1604 tionem,
484 1552 606 1611 quia
650 1552 1017 1599 delectationis
1068 1565 1229 1599 causa

218 1626 451 1673 efficiens
480 1630 531 1675 et
558 1641 662 1673 non
682 1628 857 1675 finalis
878 1628 1087 1676 videtur
1112 1643 1228 1676 esse

222 1703 485 1763 objectum
529 1705 852 1759 delectabile,
908 1710 959 1754 et
1005 1706 1080 1753 ita
1124 1720 1228 1752 non

217 1780 383 1827 tendit
409 1781 674 1830 delectans
715 1784 767 1829 in
808 1782 1071 1842 objectum
1110 1796 1228 1843 pro¬

217 1858 336 1916 pter
358 1871 428 1904 se.

274 1934 370 1981 Sed
404 1934 508 1981 ista
545 1936 685 1983 ratio
718 1949 823 1982 non
853 1937 917 1996 (d)
943 1937 1223 1990 concludit,

215 2010 454 2068 procedit
482 2012 622 2058 enim
657 2025 716 2059 ac
747 2012 791 2058 si
821 2012 1084 2073 objectum
1122 2027 1227 2059 non

216 2085 386 2144 possit
426 2100 543 2133 esse
577 2086 808 2134 efficiens
849 2091 900 2135 et
939 2088 1057 2134 finis
1097 2089 1226 2135 dele¬

216 2161 484 2215 ctationis,
514 2165 564 2209 et
601 2164 737 2210 solvi
764 2163 920 2211 habet
954 2177 983 2209 a
1015 2165 1226 2211 tenente

215 2236 268 2282 in
314 2241 520 2296 quarto,
563 2239 969 2287 delectationem
1009 2253 1124 2286 esse
1167 2241 1226 2286 de

214 2314 446 2360 essentia
468 2315 821 2363 beatitudinis.

274 2390 416 2442 Quod
461 2392 523 2449 (e)
570 2395 747 2448 autem
778 2395 875 2448 frui
908 2392 974 2439 sit
1013 2394 1224 2439 tantum

213 2464 512 2519 delectatio,
546 2466 757 2515 videtur
790 2468 964 2515 dicere
1004 2468 1095 2514 illa
1135 2482 1226 2514 au¬

214 2543 442 2590 ctoritas
465 2544 750 2604 Augustini
774 2550 792 2591 1
806 2549 812 2591 .
838 2549 891 2591 de
930 2549 1088 2591 Trinit.
1126 2563 1221 2604 cap.

213 2620 282 2667 10.
322 2620 374 2666 in
407 2621 507 2668 fine
542 2625 550 2667 :
585 2625 671 2666 Hoc
698 2632 758 2667 est
787 2626 901 2668 enim
918 2627 1096 2680 plenum
1120 2640 1225 2681 gau¬

212 2697 334 2740 dium
361 2707 556 2742 nostrum
579 2715 660 2756 quo
693 2703 884 2757 amplius
909 2716 996 2744 non
1023 2710 1097 2754 est,
1129 2704 1225 2757 frui

217 2774 446 2819 Trinitate.
478 2775 530 2822 Si
565 2789 670 2822 non
706 2778 1086 2836 retorqueatur
1120 2778 1224 2824 ista

211 2850 509 2896 auctoritas
544 2852 605 2897 ad
639 2853 1013 2901 causalitatem
1046 2854 1128 2899 vel
1163 2854 1224 2899 ad

211 2923 377 2970 alium
423 2927 752 2974 intellectum
798 2942 949 2988 quem
995 2943 1100 2976 non
1146 2944 1224 2976 so¬

209 3002 336 3046 nant
364 3002 542 3054 verba,
582 3003 830 3062 gaudium
870 3007 950 3051 est
990 3005 1225 3051 formali¬

210 3076 294 3121 ter
314 3076 611 3125 delectatio.

270 3153 533 3201 Similiter
566 3158 617 3202 et
657 3158 706 3199 in
737 3158 806 3214 30.
849 3164 997 3214 qucest.
1041 3157 1226 3215 prseal-

206 3232 399 3289 legata,
423 3233 521 3288 frui
545 3233 735 3277 dicimur
761 3249 809 3276 ea
847 3249 895 3276 re
920 3235 973 3277 de
993 3249 1077 3291 qua
1106 3237 1228 3292 capi¬

211 3323 304 3351 mus
343 3310 611 3363 voluptatem
617 3345 626 3360 ,
677 3309 721 3355 si
769 3308 837 3356 sit
884 3310 1084 3356 locutio
1132 3325 1226 3370 per

210 3382 543 3430 identitatem
608 3384 689 3429 vel
755 3385 906 3443 quasi
971 3385 1220 3438 definitio,

207 3461 332 3506 tunc
378 3472 570 3519 capere
616 3461 944 3520 voluptatem
983 3465 1064 3509 est
1111 3459 1218 3508 frui

207 3535 586 3583 essentialiter.

266 3611 408 3667 Quod
453 3613 630 3676 autem
673 3614 771 3676 frui
813 3612 1111 3675 accipiatur
1162 3613 1218 3673 (f)

1313 352 1408 399 pro
1442 342 1684 401 utroque,
1733 356 1829 403 pro
1870 344 1987 390 actu
2029 342 2230 389 scilicet
2264 344 2315 390 et

1309 415 1656 464 delectatione
1709 419 1882 469 simul,
1943 418 2203 477 probatur
2252 431 2315 464 ex

1309 492 1608 540 definitione
1632 494 1723 540 illa
1743 494 1913 550 defrui
1918 531 1926 546 ,
1953 494 2021 540 10.
2046 494 2104 539 de
2125 494 2312 540 Trinit.

1309 571 1422 627 cap.
1449 571 1518 616 10.
1545 572 1752 614 Fruimur
1771 572 1886 614 enim
1905 571 2088 626 cognitis
2104 572 2151 612 in
2167 571 2317 626 quibus

1307 646 1507 688 voluntas
1544 648 1650 702 ipsis
1691 654 1870 703 propter
1912 647 2056 702 seipsa
2105 646 2314 688 delectata

1306 723 1581 776 conquiescit,
1614 721 1673 766 ad
1702 724 1878 768 actum
1913 720 2051 767 enim
2084 720 2313 780 pertinet

1306 810 1424 843 cum
1469 797 1664 853 dicitur
1707 800 1902 853 fruimur
1944 800 2126 854 cognitis
2132 834 2141 849 ,
2190 796 2312 855 quia

1306 872 1448 920 actui
1515 873 1808 920 voluntatis
1878 873 2312 933 prsesupponitur

1304 949 1454 994 actus
1501 948 1799 995 intellectus
1840 949 1892 994 in
1933 948 2193 1008 objectum
2228 962 2311 995 co¬

1305 1023 1527 1080 gnitum,
1571 1023 1655 1069 sed
1690 1026 1810 1082 post
1846 1023 2016 1070 subdit
2048 1025 2057 1066 :
2085 1025 2134 1066 In
2161 1025 2310 1080 quibus

1303 1100 1501 1142 voluntas
1510 1136 1517 1150 ,
1583 1101 1681 1145 etc.
1746 1099 1879 1158 quod
1935 1099 1978 1146 si
2028 1099 2308 1146 delectatio

1304 1175 1555 1223 acciderit
1623 1175 1866 1223 fruitioni
1940 1190 2044 1222 non
2100 1176 2309 1223 deberet

1304 1251 1426 1310 poni
1450 1251 1501 1297 in
1523 1251 1637 1312 ejus
1659 1252 1975 1299 definitione.

1361 1328 1622 1377 Similiter
1650 1330 1693 1375 si
1733 1331 1963 1388 ponatur
2002 1329 2063 1375 ad
2088 1327 2308 1376 beatitu-

1301 1404 1472 1451 dinem
1491 1404 1759 1463 pertinere
1779 1403 2137 1459 essentialiter
2157 1405 2307 1449 actus

1301 1484 1352 1528 et
1379 1481 1676 1534 delectatio,
1711 1483 1835 1528 tunc
1870 1494 2050 1527 omnes
2083 1479 2308 1527 auctori¬

1301 1559 1441 1605 tates
1489 1568 1600 1617 quae
1651 1557 1829 1615 dicunt
1870 1559 1968 1615 frui
2009 1570 2125 1603 esse
2168 1569 2308 1602 sum¬

1302 1647 1445 1680 mum
1486 1633 1764 1694 praemium
1808 1633 1890 1679 vel
1934 1632 2308 1679 beatitudinem

1302 1712 1562 1762 nostram,
1628 1710 1804 1756 dicunt
1866 1721 1980 1755 eam
2044 1707 2311 1754 includere

1303 1788 1605 1844 utrumque,
1647 1787 1698 1833 et
1744 1787 1919 1832 actum
1959 1786 2011 1830 et
2050 1783 2313 1830 delectati¬

1303 1875 1455 1908 onem
1479 1880 1490 1918 ;
1523 1862 1670 1908 illam
1733 1861 1993 1906 minorem
2044 1860 2169 1907 dicit
2220 1859 2311 1905 illa

1302 1940 1598 1987 auctoritas
1633 1942 1673 1984 1.
1710 1941 1762 1983 cie
1796 1941 2005 1982 Doctrina
2035 1940 2290 1982 Christiana
2297 1974 2305 1990 ,

1303 2016 1452 2076 quasi
1481 2016 1532 2062 in
1558 2016 1660 2062 fine
1690 2019 1699 2060 :
1738 2019 1834 2059 Haec
1863 2030 2029 2059 summa
2060 2030 2218 2058 merces
2249 2022 2309 2058 est

1301 2103 1347 2139 ut
1373 2097 1466 2150 ipso
1490 2110 1570 2151 per
1572 2096 1600 2149 f
1594 2109 1792 2137 ruamur.

1360 2169 1502 2222 Quod
1542 2171 1720 2216 autem
1762 2167 1831 2214 sit
1868 2166 2037 2224 magis
2078 2167 2147 2224 (g)
2189 2179 2307 2224 pro-

1301 2259 1477 2304 prium
1508 2246 1866 2304 significatum
1896 2246 2155 2295 vocabuli,
2181 2246 2308 2288 dim-

1303 2322 1401 2368 cile
1457 2323 1537 2368 est
1585 2322 1812 2380 probare
1837 2336 1846 2372 ;
1899 2322 2078 2365 tamen
2131 2322 2307 2377 aliquo

1301 2396 1452 2442 modo
1495 2397 1669 2455 potest
1711 2408 1901 2455 conjici
1930 2408 1992 2440 ex
2028 2408 2121 2439 usu
2155 2406 2307 2447 voca-

1297 2472 1424 2518 buli.
1478 2472 1624 2518 Istud
1667 2470 1807 2516 enim
1850 2469 2166 2525 vocabulum
2211 2473 2308 2525 frui

1299 2548 1636 2595 construitur
1674 2560 1792 2592 cum
1831 2545 2063 2593 ablativo
2105 2545 2302 2604 signifi-

1299 2621 2322 2695 cante objectum ex vi transitionis, quibu^nui-
1300 2700 1468 2760 qualis
1534 2697 1862 2745 constructio
1920 2697 2304 2757 appropriatur

1297 2777 1473 2824 verbis
1504 2774 1921 2834 significantibus
1955 2776 2132 2820 actum
2152 2790 2159 2826 ;
2200 2787 2303 2820 non

1299 2857 1475 2901 autem
1503 2851 1839 2900 construitur
1866 2864 1984 2898 cum
2021 2851 2224 2910 objecto
2254 2851 2304 2896 in

1299 2930 1530 2977 ablativo
1565 2943 1629 2975 ex
1666 2928 1718 2973 vi
1753 2941 1944 2980 causae,
1981 2927 2152 2986 qualis
2189 2940 2304 2973 con¬

1301 3006 1527 3056 structio
1550 3006 1765 3053 debetur
1785 3004 2117 3064 passionibus
2151 3003 2309 3062 signi¬

1299 3083 1471 3131 ficatis
1494 3096 1588 3142 per
1605 3081 1766 3128 verba
1788 3094 1917 3141 pure
1941 3080 2168 3140 passiva.
2192 3081 2310 3126 Non

1301 3157 1440 3204 enim
1468 3156 1543 3204 ita
1570 3156 1764 3212 dicitur
1795 3158 1924 3212 fruor
1955 3158 2004 3199 in
2034 3158 2135 3208 Deo,
2173 3154 2310 3201 sicut

1302 3233 1497 3280 dicitur
1524 3235 1711 3277 delector
1738 3235 1785 3276 in
1813 3235 1912 3284 Deo,
1944 3231 2027 3277 vel
2052 3234 2163 3274 Deus
2196 3232 2309 3274 dele¬

1301 3318 1387 3352 ctat
1419 3323 1499 3360 me,
1537 3308 1623 3354 sed
1650 3307 1796 3362 dicor
1830 3309 1926 3362 frui
1956 3309 2043 3349 Deo
2069 3305 2309 3352 transiti¬

1299 3399 1378 3437 ve,
1410 3384 1545 3431 sicut
1573 3384 1721 3430 dicor
1747 3398 1894 3426 amare
1915 3385 2048 3425 Deum
2056 3419 2065 3435 ,
2095 3383 2145 3428 et
2169 3381 2308 3428 istud

1297 3461 1505 3507 videtur
1556 3473 1670 3506 esse
1716 3458 1886 3517 magis
1925 3457 2203 3518 proprium
2241 3458 2304 3503 si¬

1297 3537 1603 3596 gnificatum
1623 3535 1881 3582 vocabuli.

1355 3613 1448 3663 Sed
1482 3613 1541 3659 de
1577 3611 1821 3663 vocabuli
1861 3610 2158 3672 significato
2198 3623 2302 3660 non
