2624 3979
211 346 326 387 Pono
350 356 453 397 ergo
475 357 636 395 casum,
659 347 775 397 quod
801 348 997 388 voluntas
1025 348 1080 388 sit
1111 357 1218 397 prae¬

213 433 315 462 sens
352 423 478 462 alicui
511 423 747 463 intellectui
776 425 817 464 in
847 425 1012 464 ratione
1042 425 1215 476 objecti,

214 501 377 538 certum
408 501 472 538 est
503 498 619 548 quod
649 499 740 549 ipsa
777 502 855 540 erit
884 511 1010 540 causa
1032 501 1219 551 partialis

211 575 512 615 intellectionis
527 584 633 623 suae,
652 580 698 615 ut
713 579 856 626 potest
877 576 969 616 elici
991 587 1014 616 a
1036 578 1218 617 Doctore

211 647 255 686 in
279 648 312 686 1.
337 647 429 686 dist.
453 647 491 695 3.
515 648 656 695 qusest.
679 647 717 686 7.
742 650 778 685 et
797 648 842 686 in
858 648 897 686 2.
919 648 1013 687 dist.
1032 649 1069 688 3.
1094 653 1131 688 et
1150 650 1215 689 25.

215 725 256 761 et
276 722 337 760 sic
359 722 530 772 cognita
550 724 695 771 potest
725 732 819 762 esse
852 733 1040 772 praesens
1072 724 1220 763 volun¬

213 798 284 837 tati
331 798 519 844 alterius,
565 800 608 837 et
647 798 706 837 sic
752 796 982 847 partialiter
1028 798 1220 838 causabit

214 872 486 913 dilectionem
519 874 584 913 sui
617 876 659 913 in
692 874 761 914 illa
791 874 1026 913 voluntate.
1057 875 1105 914 Et
1132 884 1219 914 non

214 953 278 988 est
309 948 539 989 dicendum
571 949 688 1000 quod
713 950 862 995 libere,
886 950 981 1000 quia
1004 950 1219 999 objectum

213 1028 258 1064 ut
278 1024 509 1075 objectum,
533 1036 619 1064 non
639 1024 809 1064 videtur
832 1035 1088 1065 concurrere
1109 1026 1216 1066 libe¬

208 1112 254 1140 re
289 1100 341 1140 ad
375 1101 561 1151 aliquem
591 1104 732 1140 actum
752 1113 760 1147 ;
797 1111 900 1152 ergo
931 1111 1010 1150 per
1043 1101 1218 1140 modum

209 1180 371 1216 naturae
388 1189 396 1222 ;
419 1187 519 1216 nam
548 1178 583 1216 si
613 1178 808 1216 causaret
836 1176 951 1215 illam
969 1177 1217 1217 volitionem

209 1252 520 1303 contingenter,
571 1255 670 1292 tunc
719 1252 784 1292 illa
825 1252 971 1292 volitio
1010 1256 1128 1292 esset
1175 1256 1216 1293 in

208 1332 421 1380 potestate
442 1339 534 1375 sua,
559 1332 599 1368 et
618 1339 696 1378 per
725 1339 1000 1380 consequens
1031 1333 1146 1368 esset
1174 1332 1217 1369 in

207 1408 418 1456 potestate
438 1415 515 1444 sua
546 1415 634 1444 non
664 1404 781 1455 diligi
812 1405 863 1444 ab
896 1405 965 1444 illa
998 1406 1216 1445 voluntate

209 1482 450 1523 secundum
470 1494 595 1523 suum
615 1484 796 1530 libitum,
824 1483 941 1534 quod
961 1486 1027 1522 est
1046 1482 1214 1523 falsum.

259 1556 516 1608 Respondeo
557 1560 600 1598 et
639 1558 732 1598 dico
771 1559 921 1608 primo,
972 1558 1089 1610 quod
1128 1570 1216 1599 non

208 1634 390 1674 habetur
428 1643 632 1682 expresse
662 1643 684 1671 a
712 1634 896 1674 Doctore
937 1636 1054 1685 quod
1089 1636 1216 1687 obje¬

209 1714 323 1749 ctum
361 1710 412 1750 sit
459 1721 586 1750 causa
632 1711 818 1760 partialis
858 1711 1086 1760 volitionis,
1134 1723 1216 1752 nec

208 1788 334 1826 etiam
373 1786 490 1837 quod
527 1786 760 1827 intellectio
798 1787 975 1826 actualis
1004 1787 1056 1827 sit
1089 1798 1216 1828 causa

206 1862 392 1912 partialis
425 1862 621 1914 ejusdem
639 1875 647 1909 ;
680 1864 779 1902 nam
808 1864 851 1902 in
878 1864 918 1903 2.
939 1864 1017 1903 dist
1023 1894 1031 1902 .
1053 1864 1117 1903 25.
1142 1864 1214 1902 ubi

208 1939 360 1980 diffuse
381 1942 614 1990 pertractat
633 1939 756 1978 istam
776 1941 1014 1987 materiam,
1039 1941 1216 1980 tandem

208 2014 324 2061 dicit,
348 2013 465 2064 quod
494 2016 528 2054 si
556 2014 776 2065 objectum
798 2017 1006 2055 concurrit
1026 2015 1080 2055 ad
1108 2017 1213 2056 voli¬

209 2092 384 2136 tionem,
405 2091 522 2142 quod
543 2095 706 2131 tantum
728 2092 960 2142 partialiter
987 2096 1214 2133 concurrit.

260 2167 454 2206 Secundo
503 2167 614 2216 dico,
664 2168 780 2218 quod
830 2168 1003 2218 quando
1060 2171 1219 2209 Doctor

205 2241 394 2292 loquitur
438 2241 492 2281 de
531 2240 698 2291 objecto
745 2246 944 2292 respectu
989 2243 1216 2291 volitionis,

206 2315 314 2356 forte
341 2317 530 2367 loquitur
563 2316 617 2356 de
645 2316 939 2357 intellectione
960 2317 1073 2357 illius
1094 2319 1215 2370 obje¬

209 2393 279 2440 cti,
304 2393 420 2443 quod
440 2393 532 2432 talis
552 2392 785 2432 intellectio
818 2393 996 2433 actualis
1030 2398 1093 2433 est
1124 2407 1219 2446 par¬

212 2470 318 2509 tialis
357 2480 500 2510 causa.
540 2470 625 2509 Sed
665 2469 874 2520 quidquid
894 2470 947 2509 sit
975 2471 1140 2517 saltem,
1174 2474 1220 2510 ut

211 2544 305 2584 dicit
325 2545 526 2592 Occham,
549 2546 641 2594 ipsa
667 2544 864 2584 voluntas
895 2549 940 2584 ut
968 2545 1009 2584 in
1042 2556 1088 2584 se
1118 2557 1221 2596 prae¬

210 2631 309 2660 sens
328 2621 577 2668 intellectui,
609 2623 688 2660 erit
721 2631 844 2659 causa
880 2621 1069 2670 partialis
1098 2622 1220 2661 intel¬

209 2696 406 2735 lectionis
441 2707 528 2736 suae
561 2699 604 2736 et
638 2706 725 2736 non
757 2698 837 2736 nisi
875 2698 1135 2743 necessario,
1180 2701 1222 2736 et

212 2773 293 2810 erit
333 2782 462 2811 causa
496 2771 626 2811 libera
671 2772 884 2812 volitionis
904 2784 912 2819 ;
965 2783 1069 2823 ergo
1106 2772 1222 2812 idem

210 2847 508 2887 indistinctum
538 2859 588 2886 ex
626 2851 745 2897 parte
792 2848 855 2886 rei
901 2850 1046 2896 potest
1091 2858 1222 2898 agere

210 2934 289 2973 per
308 2923 483 2963 modum
504 2927 685 2971 naturae,
721 2927 763 2963 et
794 2934 873 2973 per
897 2922 1070 2962 modum
1097 2923 1222 2963 liber¬

213 2998 321 3037 tatis.
354 2999 455 3038 Dico
487 2998 604 3048 quod
630 2999 664 3038 si
690 2999 918 3049 loquamur
949 2999 1003 3039 de
1039 3000 1220 3051 cogniti¬

211 3086 294 3115 one
325 3075 594 3122 abstractiva,
640 3077 733 3126 ipsa
778 3076 977 3115 voluntas
1023 3087 1110 3116 non
1158 3079 1224 3116 est

212 3163 340 3191 causa
360 3152 454 3191 talis
484 3151 753 3202 cognitionis,
777 3152 856 3191 sed
887 3152 1027 3202 aliqua
1053 3153 1224 3202 species

208 3224 504 3279 intelligibilis,
527 3231 575 3266 ut
594 3230 714 3277 patet
735 3239 758 3267 a
778 3229 964 3268 Doctore
992 3228 1101 3269 infra
1128 3232 1221 3269 dist.

212 3306 250 3354 3.
274 3308 415 3354 qusest.
438 3305 473 3343 6.
510 3307 545 3342 et
568 3305 602 3343 7.
628 3307 664 3342 et
685 3305 776 3343 dist.
804 3305 864 3344 17.
890 3309 926 3344 et
944 3306 988 3343 in
1007 3305 1033 3344 2
1071 3306 1163 3344 dist.
1184 3307 1221 3345 3.

265 3380 307 3420 Si
345 3379 526 3428 dicatur,
567 3378 684 3430 quod
721 3381 875 3419 saltem
903 3380 997 3430 ipsa
1029 3381 1224 3420 voluntas

215 3458 294 3496 erit
313 3467 442 3495 causa
470 3455 658 3505 partialis
691 3456 855 3504 speciei
883 3455 1162 3507 intelligibilis
1185 3461 1226 3496 et

213 3543 303 3572 non
331 3531 411 3571 nisi
442 3532 660 3577 naturalis,
695 3533 738 3569 et
765 3531 847 3570 hoc
877 3533 926 3569 ut
957 3536 1226 3581 comparatur

214 3609 450 3651 intellectui
471 3611 686 3660 separato,
710 3607 808 3658 quia
828 3607 918 3646 vult
946 3608 1104 3648 Doctor
1123 3610 1167 3648 in
1185 3611 1223 3648 2.

1293 348 1386 388 dist.
1415 348 1451 398 3.
1485 352 1624 398 qusest.
1659 349 1720 388 11.
1754 348 1869 399 quod
1902 348 2118 400 objectum
2147 359 2295 399 respe¬

1293 427 1363 463 ctu
1381 423 1625 464 intellectus
1655 426 1854 475 separati,
1886 427 2028 474 potest
2055 434 2150 464 esse
2173 436 2301 465 causa

1291 500 1478 550 partialis
1517 501 1766 541 immediata
1800 500 1961 550 speciei
1994 498 2300 552 intelligibilis;

1293 576 1403 624 dico,
1440 577 1553 626 quod
1586 588 1672 617 non
1707 586 1882 626 semper
1910 577 2080 626 species
2101 577 2301 628 intelligi¬

1291 652 1386 692 bilis
1406 653 1585 704 alicujus
1615 653 1772 704 objecti
1795 655 1993 692 causatur
2019 663 2043 691 a
2079 652 2147 691 tali
2179 653 2299 704 obje¬

1294 734 1376 779 cto,
1408 730 1486 770 sed
1513 730 1743 781 aliquando
1776 733 1974 770 causatur
2004 730 2055 769 ab
2087 730 2168 770 alio
2201 741 2301 770 con¬

1293 808 1454 846 tinente
1487 807 1608 855 illud,
1643 806 1709 846 vel
1740 806 1990 856 virtualiter,
2023 807 2090 846 vel
2122 808 2301 848 essenti¬

1292 883 1427 929 aliter,
1459 883 1528 922 vel
1556 883 1704 921 saltem
1727 893 1805 932 per
1825 882 2095 922 identitatem
2125 883 2301 929 realem,

1291 961 1338 997 ut
1366 961 1486 1008 patet
1514 969 1534 997 a
1558 959 1740 999 Doctore
1770 969 1823 998 ex
1851 959 2089 998 intentione
2132 957 2230 999 dist.
2261 960 2300 998 3.

1292 1035 1431 1084 primi.
1466 1035 1516 1074 Et
1552 1035 1613 1074 sic
1660 1035 1702 1072 in
1741 1036 1960 1083 proposito
2000 1034 2095 1073 talis
2131 1034 2301 1084 species

1291 1110 1566 1162 intelligibilis
1606 1113 1722 1149 esset
1760 1109 2005 1150 immediate
2045 1113 2214 1150 causata
2247 1111 2298 1150 ab

1292 1186 1432 1226 anima
1468 1186 1747 1232 intellectiva,
1790 1186 2039 1226 continente
2085 1188 2299 1236 potentias

1291 1279 1368 1308 suo
1392 1268 1522 1308 modo
1542 1268 1780 1308 virtualiter
1810 1271 1853 1307 et
1881 1279 1960 1318 per
1987 1269 2148 1308 realem
2181 1268 2303 1309 iden¬

1292 1345 1469 1392 titatem,
1492 1346 1539 1384 ut
1559 1347 1679 1394 patet
1699 1355 1727 1390 a.
1744 1345 1929 1384 Doctore
1962 1345 2004 1384 in
2031 1346 2071 1384 2.
2106 1346 2200 1384 dist.
2238 1345 2296 1385 16.

1291 1426 1432 1464 Utram
1455 1423 1583 1464 modo
1604 1424 1656 1464 sit
1678 1427 1821 1464 tamen
1842 1435 1928 1464 una
1948 1423 2116 1474 species
2136 1424 2299 1472 animae,

1291 1504 1332 1540 et
1360 1501 1621 1548 intelleclus,
1663 1503 1706 1540 et
1743 1501 1973 1544 voluntatis
1989 1502 2005 1539 ?
2038 1512 2090 1540 an
2122 1501 2267 1550 plures
2285 1502 2302 1540 ?

1289 1588 1376 1617 non
1397 1580 1462 1617 est
1481 1578 1700 1627 praesentis
1734 1578 2055 1627 speculationis,
2093 1579 2188 1628 quia
2219 1578 2300 1616 hoc

1288 1663 1376 1693 non
1396 1652 1498 1692 facit
1527 1652 1581 1692 ad
1614 1653 1848 1704 principale
1870 1653 2099 1693 intentum.
2128 1653 2170 1694 Si
2197 1663 2297 1693 vero

1288 1730 1516 1780 loquamur
1556 1728 1610 1768 de
1660 1729 1905 1780 cognitione
1952 1729 2155 1778 intuitiva,
2206 1729 2300 1770 dico

1290 1805 1475 1846 breviter
1512 1804 1628 1856 quod
1665 1806 1757 1844 talis
1798 1805 1985 1856 cognitio
2027 1817 2114 1845 non
2160 1809 2302 1856 potest

1288 1881 1534 1921 immediate
1567 1882 1730 1921 causari
1759 1891 1780 1919 a
1813 1881 2035 1920 voluntate
2074 1884 2121 1920 ut
2154 1881 2302 1922 volun¬

1290 1959 1368 2004 tas,
1411 1957 1490 1996 sed
1529 1955 1773 1996 immediate
1815 1960 2010 1997 causatur
2059 1958 2110 1997 ab
2160 1957 2300 1996 anima

1287 2033 1561 2081 intellectiva,
1586 2034 1685 2083 quia
1706 2043 1760 2072 ex
1782 2044 1866 2083 quo
1889 2033 2074 2084 cognitio
2106 2033 2298 2073 intuitiva

1289 2108 1534 2149 immediate
1557 2112 1772 2155 causatur,
1800 2109 1952 2148 saltem
1984 2109 2218 2158 partialiter
2247 2110 2299 2148 ab

1290 2185 1459 2236 objecto
1479 2188 1527 2223 ut
1557 2185 1766 2224 existente
1798 2187 1838 2224 et
1861 2190 2084 2235 praesente,
2107 2186 2303 2236 sequitur

1292 2260 1409 2312 quod
1440 2272 1536 2300 cum
1570 2261 1709 2300 anima
1743 2260 1856 2300 dicat
1882 2264 2010 2300 totam
2035 2262 2304 2301 existentiam

1290 2339 1424 2387 ipsius
1470 2337 1712 2384 voluntatis,
1751 2337 1869 2388 quod
1912 2339 2003 2387 ipsa
2051 2337 2302 2378 immediate

1293 2414 1484 2454 causabit
1513 2414 1643 2453 talem
1674 2414 1981 2466 cognitionem.

1345 2509 1386 2549 Si
1416 2508 1555 2548 adhuc
1595 2511 1821 2559 quaeratur,
1864 2508 1898 2547 si
1944 2509 2140 2549 voluntas
2189 2515 2304 2552 esset

1291 2585 1465 2625 realiter
1497 2583 1692 2623 distincta
1727 2584 1777 2623 ab
1811 2584 1952 2623 anima
1973 2598 1982 2633 ;
2018 2595 2122 2636 ergo
2157 2590 2306 2636 posset

1292 2660 1536 2700 immediate
1580 2670 1755 2699 causare
1805 2661 2096 2711 cognitionem
2144 2663 2306 2702 intuiti-

1293 2748 1403 2786 vam,
1427 2737 1526 2787 quia
1547 2740 1649 2776 tunc
1670 2736 1852 2776 haberet
1878 2737 2096 2787 propriam
2124 2739 2307 2778 existen¬

1297 2815 1420 2860 tiam;
1468 2823 1572 2864 ergo
1610 2812 1762 2852 saltem
1801 2812 2043 2852 secundum
2079 2816 2304 2864 rationem,

1293 2893 1392 2932 licet
1410 2893 1462 2930 sit
1491 2890 1608 2930 idem
1638 2890 1811 2929 realiter
1841 2901 1937 2930 cum
1973 2893 2129 2939 anima,
2152 2894 2310 2942 poterit

1296 2977 1491 3007 causare.
1542 2966 1664 3006 Patet
1712 2968 2025 3016 consequentia
2069 2978 2148 3017 per
2179 2980 2307 3009 unam

1295 3045 1637 3095 propositionem
1683 3045 1877 3083 Doctoris
1917 3048 2071 3094 qusest.
2116 3048 2150 3085 1.
2193 3051 2234 3087 et
2270 3048 2307 3086 4.

1297 3120 1451 3170 Quodl.
1488 3120 1688 3160 videlicet
1725 3122 1732 3166 :
1780 3120 1925 3166 Qualis
1965 3125 2021 3160 est
2059 3123 2161 3161 ordo
2202 3125 2312 3162 inter

1297 3197 1445 3246 aliqua
1463 3197 1501 3235 si
1518 3200 1646 3235 essent
1673 3196 1868 3235 distincta
1898 3196 2091 3244 realiter,
2122 3198 2221 3238 talis
2253 3205 2310 3240 est

1298 3274 1372 3312 ubi
1389 3272 1524 3312 solum
1544 3272 1712 3310 ratione
1732 3272 2063 3320 distinguuntur.

1347 3382 1621 3432 Respondeo,
1647 3381 1764 3432 quod
1792 3384 1931 3432 posito
1957 3383 2026 3422 tali
2061 3395 2176 3432 casu,
2206 3387 2307 3432 licet

2325 3480 2326 3514 considerari
1296 3459 1378 3497 hoc
1407 3459 1458 3498 sit
1493 3458 1770 3508 impossibile,
1810 3459 1902 3508 ipsa
1940 3460 2137 3500 voluntas
2169 3466 2306 3512 potest

1299 3535 1526 3584 dupliciter
1556 3533 1830 3574 considerari.
1872 3536 1961 3574 Uno
1999 3537 2127 3576 modo
2156 3542 2204 3578 ut
2243 3544 2308 3579 est

1297 3609 1490 3663 potentia
1537 3609 1670 3648 libera
1718 3612 1760 3649 et
1796 3610 2063 3651 individuum
2109 3616 2309 3666 potentiae
