2624 3979
175 345 341 395 pliciter
377 354 537 389 verum,
570 339 686 392 quod
726 339 874 379 volens
915 336 1179 377 antecedens

175 421 421 460 necessario
450 418 551 457 velit
583 425 872 467 consequens,
905 416 1033 453 etiam
1070 410 1180 452 forte

174 495 311 546 posito
334 493 451 546 quod
484 501 757 543 consequens
787 493 841 531 sit
873 490 926 529 de
959 487 1183 528 intellectu

175 569 487 616 antecedentis,
519 572 562 609 et
594 579 679 608 non
710 568 862 618 loquor
896 566 948 605 de
982 564 1183 604 volitione

177 646 353 693 efficaci,
385 651 426 686 et
460 645 513 685 de
545 645 626 684 hoc
659 643 755 684 vide
797 641 1026 682 vectorem
1067 641 1112 679 in
1142 640 1181 678 2.

177 724 356 762 distinet.
395 722 434 772 6.
476 725 615 771 quaesi.
658 720 697 759 2.
738 720 784 760 in
817 718 1082 768 responsione
1131 715 1188 753 ad

177 799 375 838 ultimum
409 799 709 847 argumentum
736 793 994 845 principale.
1021 790 1105 830 Sed
1145 790 1187 828 in

182 874 425 925 cognitione
447 872 626 923 alicujus
647 872 806 923 objecti
840 879 926 909 non
959 866 1190 907 includitur

179 950 414 990 virlualiter
433 949 575 989 volitio
606 946 818 999 ejusdem,
842 946 963 985 aliter
996 943 1190 983 voluntas

181 1026 235 1066 de
257 1026 514 1066 necessitate
546 1025 674 1063 vellet
695 1032 822 1062 omne
858 1021 1076 1071 objectum
1113 1017 1190 1056 sibi

180 1111 376 1152 praesens
395 1103 437 1140 in
464 1100 628 1139 ratione
660 1098 835 1150 objecti.
871 1094 1051 1144 Quando
1087 1102 1192 1143 ergo

182 1178 340 1217 Doctor
386 1177 500 1224 dicit,
547 1176 582 1214 si
630 1175 769 1224 aliqua
818 1172 1015 1212 voluntas
1051 1168 1195 1219 potest

185 1253 296 1294 velle
334 1251 510 1303 aliquid,
545 1249 763 1290 mediante
796 1250 894 1288 actu
925 1257 1018 1294 suo,
1053 1246 1197 1294 potest

186 1333 309 1370 etiam
349 1327 453 1367 illud
490 1328 600 1367 velle
638 1325 909 1372 immediate;
945 1323 1028 1362 hoc
1068 1320 1198 1360 debet

185 1404 381 1455 intelligi,
426 1403 508 1443 nisi
555 1403 650 1442 talis
683 1401 824 1441 volitio
880 1398 1113 1438 virlualiter
1156 1397 1200 1434 et

188 1478 243 1518 de
264 1479 521 1518 necessitate
541 1476 785 1517 includatur
804 1477 847 1515 in
870 1474 940 1514 tali
958 1475 1070 1512 actu.
1094 1471 1199 1510 Dico

187 1553 379 1595 secundo
422 1552 538 1605 quod
576 1554 734 1592 Doctor
775 1551 962 1601 loquitur
1002 1547 1199 1588 absolute

191 1631 243 1670 de
266 1631 541 1678 necessitate,
567 1629 666 1680 quia
695 1630 765 1668 isti
795 1626 944 1666 dicunt
971 1623 1088 1675 quod
1114 1620 1199 1662 fine

190 1708 250 1747 sic
289 1706 558 1757 apprehenso
607 1705 660 1744 de
702 1703 961 1744 necessitate
1005 1700 1203 1740 voluntas

191 1782 346 1823 fruitur
381 1783 467 1829 illo,
504 1783 562 1820 ita
601 1779 718 1831 quod
746 1779 802 1819 sit
838 1778 919 1818 sibi
956 1775 1204 1825 simpliciter

192 1858 457 1909 impossibile
480 1867 566 1897 non
594 1856 676 1895 frui
704 1855 774 1894 illo
795 1868 804 1902 ;
826 1854 863 1893 si
888 1855 966 1900 sic,
1000 1857 1099 1891 tunc
1134 1860 1202 1888 se

195 1936 402 1985 queretur
448 1932 566 1984 quod
609 1932 805 1972 voluntas
848 1929 902 1968 de
947 1927 1206 1967 necessitate

192 2009 382 2050 firmaret
426 2009 696 2050 intellectum
731 2007 774 2046 in
819 2005 1070 2056 cognitione
1116 2001 1207 2041 talis

189 2084 302 2134 finis,
333 2086 388 2124 ita
412 2084 528 2136 quod
560 2095 648 2123 non
686 2085 804 2122 esset
832 2081 871 2120 in
893 2079 1096 2120 facultate
1116 2077 1209 2127 ejus

198 2162 348 2214 quovis
390 2160 521 2201 modo
553 2162 750 2200 avertere
787 2157 1055 2198 intellectum
1083 2165 1107 2192 a
1140 2152 1209 2192 tali

197 2238 558 2285 consideratione,
589 2241 636 2277 ut
656 2239 748 2287 ipse
772 2235 963 2275 declarat
991 2235 1031 2271 in
1054 2229 1208 2271 confir

197 2316 385 2355 matione
407 2315 625 2364 sequenti,
659 2316 699 2352 et
728 2314 789 2352 sic
823 2311 916 2350 talis
939 2313 1061 2349 actus
1090 2307 1212 2348 intel

198 2393 337 2433 lectus
368 2402 457 2431 non
494 2392 610 2430 esset
648 2390 777 2440 plene
806 2388 848 2427 in
886 2387 1101 2437 potestate
1134 2393 1209 2423 vo

198 2469 393 2509 luntatis.
425 2468 517 2507 Stat
548 2477 652 2517 ergo
685 2464 790 2504 ratio
825 2463 1020 2503 Doctoris
1042 2458 1159 2511 quod
1179 2459 1214 2497 si

202 2546 401 2585 voluntas
419 2547 564 2594 potest
581 2542 799 2582 mediante
817 2544 918 2580 actu
935 2551 1030 2586 suo,
1052 2540 1135 2577 etc.

258 2621 306 2659 Et
328 2631 381 2660 ex
399 2620 463 2660 his
484 2621 633 2667 patent
665 2617 893 2665 sequentia
926 2614 1111 2655 Occham
1144 2622 1217 2660 pa-

208 2707 304 2736 rum
353 2696 496 2736 valere
549 2697 696 2734 contra
745 2693 956 2732 rationem
1007 2690 1216 2728 Doctoris.

212 2773 370 2813 Omitto
403 2783 518 2811 nunc
554 2770 762 2821 quasdam
791 2769 980 2808 rationes
1013 2764 1147 2804 facias
1168 2761 1220 2801 ab

211 2848 306 2898 Alpi
306 2859 428 2889 lonso
448 2848 655 2886 Toletano
675 2846 719 2885 in
742 2844 777 2884 1.
801 2844 988 2883 distinet.
1014 2843 1049 2881 1.
1075 2842 1224 2879 contra

212 2926 295 2964 hoc
327 2922 445 2974 quod
478 2923 579 2962 dicit
609 2923 769 2961 Doctor
801 2920 856 2959 de
888 2918 1088 2957 fruitione
1117 2915 1224 2955 bea

216 3002 372 3044 torum,
414 3010 504 3049 quae
544 2999 644 3037 licet
685 2995 864 3036 faciliter
899 2993 1005 3034 solvi
1043 2990 1224 3042 possint,

220 3077 316 3126 quia
344 3079 488 3114 tamen
520 3076 656 3125 magis
685 3073 901 3123 pertinent
931 3069 984 3108 ad
1005 3068 1229 3108 materiam

218 3152 272 3193 de
293 3150 576 3195 beatitudine,
606 3149 704 3189 ideo
742 3150 830 3188 Deo
864 3147 974 3187 duce
1008 3144 1231 3185 solventur

216 3227 291 3268 ibi.

599 3372 858 3410 SGHOLIUM.

269 3498 466 3533 Convenit
486 3506 577 3532 cum
598 3495 718 3531 dictis
740 3493 974 3530 Doctoribus
995 3493 1037 3527 in
1058 3489 1235 3526 secundo

224 3562 410 3604 articulo,
435 3561 478 3597 id
503 3563 563 3596 est
594 3559 701 3606 quod
733 3558 826 3594 finis
847 3558 890 3592 in
912 3555 1154 3602 particulari
1175 3563 1238 3589 os

223 3630 362 3665 tensus
381 3626 565 3669 obscure,
588 3633 670 3661 non
696 3622 926 3665 necessitat,
960 3618 1032 3655 sed
1061 3616 1240 3654 ostendit

1251 334 1428 370 rationes
1455 332 1603 379 quibus
1634 331 1803 377 probant
1836 330 1953 365 finem
1975 328 2016 363 in
2049 326 2255 364 communi

1253 397 1512 437 necessitare,
1545 395 1651 432 idem
1683 393 1888 431 efficacius
1909 391 2078 437 probare
2110 389 2159 425 de
2180 389 2259 424 fine

1254 461 1296 496 in
1317 460 1569 506 particulari.

1313 590 1381 647 (a)
1412 590 1609 636 Contra
1638 586 1918 633 secundum
1955 582 2260 633 articulum,

1259 678 1411 724 quem
1434 663 1658 711 concedo
1689 675 1804 709 esse
1837 673 2038 711 verum,
2078 658 2163 704 sed
2191 642 2263 702 vi-

1257 740 1410 786 detur
1455 740 1586 798 quod
1642 738 1878 784 rationes
1923 733 2083 795 primi
2136 732 2264 778 arti-

1261 817 1364 863 culi
1407 816 1684 862 destruant
1738 812 2020 860 secundum
2072 809 2266 857 articu-

1263 893 1387 939 lum.
1428 892 1563 937 Nam
1598 890 1690 935 illa
1718 888 1858 936 ratio
1893 887 1953 933 de
1986 886 2102 936 fine,
2134 883 2268 943 quod

1264 969 1316 1014 in
1359 967 1459 1013 fine
1512 965 1700 1012 ultimo
1749 977 1852 1010 non
1909 965 1988 1009 est
2039 957 2269 1007 defectus

1266 1043 1456 1102 aliquis
1489 1041 1626 1093 boni,
1676 1053 1770 1086 nec
1821 1039 1998 1097 aliqua
2049 1035 2270 1087 malitia,

1265 1119 1474 1166 videtur
1511 1130 1656 1176 seque
1693 1113 1981 1162 efficaciter
2008 1109 2276 1157 conclude

1268 1209 1326 1242 re
1375 1195 1435 1242 de
1481 1193 1583 1240 fine
1627 1192 1681 1238 in
1720 1188 2038 1250 particulari
2091 1198 2277 1248 appre

1270 1272 1450 1322 henso,
1493 1269 1629 1317 sicut
1656 1268 1715 1314 de
1747 1266 1849 1312 fine
1894 1264 1947 1309 in
1986 1258 2277 1309 universali

1270 1345 1601 1407 apprehenso
1633 1343 1717 1390 vel
1750 1339 2033 1392 efficacius,
2071 1337 2192 1398 quia
2225 1335 2279 1381 in

1270 1422 1372 1468 fine
1408 1421 1597 1468 ultimo
1645 1419 1697 1465 in
1742 1414 2281 1478 particulari'appre

1271 1497 1518 1545 henditur
1543 1498 1660 1544 tota
1684 1494 1824 1541 ratio
1851 1492 1971 1541 finis
1993 1490 2045 1537 in
2073 1489 2281 1537 univer

1274 1574 1391 1627 sali,
1443 1575 1494 1620 et
1538 1573 1615 1620 ita
1652 1571 1828 1618 nullus
1871 1568 2103 1616 defectus
2141 1563 2280 1617 boni,

1274 1652 1420 1698 nulla
1452 1650 1614 1698 etiam
1655 1646 1878 1699 malitia,
1926 1645 2032 1691 imo
2076 1643 2286 1689 videtur

1278 1727 1413 1788 quod
1446 1727 1499 1772 in
1528 1724 1640 1771 solo
1676 1723 1768 1770 illo
1803 1719 2100 1768 ostenditur
2133 1730 2288 1778 posse

1279 1817 1394 1850 esse
1422 1800 1679 1862 perfectio
1724 1797 1843 1845 finis
1884 1797 1936 1843 in
1980 1792 2287 1841 universali.

1339 1877 1599 1926 Similiter
1637 1876 1730 1921 illa
1772 1873 1912 1920 ratio
1941 1869 2166 1918 secunda
2193 1880 2288 1927 pro

1282 1955 1456 2015 primo
1503 1952 1740 2000 membro
1779 1949 1838 1996 de
1877 1944 2292 2008 participatione

1286 2031 1398 2091 plus
1445 2027 1709 2076 concludit
1754 2026 1812 2072 de
1850 2024 1951 2070 fine
1980 2023 2031 2068 in
2065 2019 2294 2081 particu

1281 2108 1384 2154 lari
1412 2103 1760 2165 apprehenso.
1787 2102 1923 2148 Nam
1943 2100 2080 2146 bona
2107 2099 2290 2144 creata

1281 2181 1381 2230 etsi
1404 2180 1509 2228 sint
1529 2180 1665 2227 bona
1689 2190 1781 2238 per
1803 2174 2288 2236 participationem,

1281 2257 1462 2305 verius
1502 2256 1624 2302 sunt
1658 2254 1795 2300 bona
1827 2264 1922 2310 per
1961 2246 2292 2309 participati

1287 2346 1439 2381 onem
1483 2330 1657 2377 ultimi
1709 2327 1828 2374 finis
1873 2327 1925 2372 in
1972 2321 2290 2386 particulari

1287 2423 1441 2470 quam
1476 2420 1570 2468 per
1593 2402 2060 2466 participationem
2101 2399 2213 2460 ejus
2244 2399 2294 2444 in

1286 2484 1604 2536 universali;
1647 2495 1752 2529 non
1792 2480 1932 2527 enim
1970 2477 2297 2538 participant

1289 2565 1439 2612 illum
1477 2563 1529 2608 in
1558 2557 1848 2607 universali
1881 2556 1983 2602 nisi
2020 2554 2142 2614 quia
2181 2566 2298 2613 par

1290 2640 1516 2700 ticipant
1542 2638 1716 2696 ipsum
1738 2634 1792 2680 in
1814 2630 2146 2692 particulari,
2180 2641 2299 2676 cum

1294 2715 1622 2778 participans
1680 2711 1869 2757 habeat
1921 2706 2302 2768 participatum

1296 2806 1393 2853 pro
1436 2802 1595 2837 causa
1621 2787 1705 2833 vel
1745 2796 1994 2831 mensura
2021 2796 2051 2829 a
2087 2794 2186 2841 qua
2224 2780 2303 2826 de

1297 2868 1483 2930 pendet
1522 2862 1897 2914 essentialiter,
1939 2863 1991 2907 et
2030 2857 2306 2917 dependen

1299 2945 1376 2994 tia
1403 2940 1644 2991 entitatis
1678 2937 1836 2985 realis
1871 2950 1976 2983 non
1996 2938 2077 2982 est
2108 2932 2212 2979 nisi
2245 2931 2305 2977 ad

1299 3035 1391 3068 ens
1440 3018 1599 3070 reale,
1641 3018 1693 3063 et
1731 3015 1806 3060 ita
1847 3013 1910 3059 ad
1955 3010 2167 3069 aliquod
2206 3008 2307 3053 sin

1304 3098 1506 3157 gulare.

1617 3231 2028 3277 COMMENTARIUS.

1356 3382 1412 3434 (a)
1445 3381 1598 3421 Contra
1627 3377 1869 3419 secundum
1909 3375 2134 3415 articulum
2172 3370 2313 3422 arguit

1307 3470 1385 3510 per
1411 3459 1621 3498 rationem
1655 3464 1818 3500 eorum,
1841 3453 1940 3504 quia
1958 3452 1993 3492 si
2011 3451 2207 3491 voluntas
2235 3458 2311 3487 ne

1310 3534 1493 3574 cessario
1524 3531 1677 3571 fruitur
1711 3529 1796 3569 fine
1832 3529 1876 3568 in
1904 3526 2132 3567 universali
2165 3533 2317 3573 appre

1308 3610 1445 3650 henso
1476 3608 1674 3655 obscure,
1713 3607 1847 3646 multo
1883 3603 2022 3655 magis
2053 3601 2205 3642 fruitur
2227 3599 2312 3638 fine
