2624 3979
266 333 462 373 voluntas
482 330 524 370 in
545 329 695 380 patria,
714 327 880 366 habens
898 323 1147 374 simpliciter
1161 331 1274 360 eam-

265 408 366 447 dem
386 406 635 445 charitatem
668 412 797 454 quam
818 405 862 441 et
893 403 934 440 in
967 399 1048 445 via,
1081 397 1277 448 sequitur

263 483 382 534 quod
413 483 449 520 si
485 481 529 521 in
567 482 631 521 via
665 483 730 519 est
758 478 1012 530 principium
1047 475 1275 515 elicitivum

266 559 583 608 conlingenter,
614 554 733 606 quod
761 553 954 593 similiter
974 554 1018 590 et
1047 552 1090 590 in
1121 548 1272 599 patria.

272 634 357 675 Sed
398 634 498 674 licet
535 634 615 674 alia
653 637 696 673 et
731 633 811 672 alia
848 632 1074 682 praesentia
1114 627 1274 679 objecti

264 709 392 750 faciat
419 708 473 749 ad
502 709 710 760 majorem
747 707 815 747 vel
843 708 1052 747 minorem
1073 700 1275 754 perfecti¬

268 796 396 827 onem
416 789 550 835 actus,
573 796 661 825 non
677 789 819 823 tamen
841 785 915 823 dat
938 781 1146 822 voluntati
1166 788 1276 829 quo¬

266 862 583 913 modocumque
609 861 852 906 habitualae,
880 858 998 909 quod
1027 858 1081 896 sit
1117 857 1277 905 princi¬

268 940 384 988 pium
440 936 670 977 elicitivum
705 936 948 975 necessario
995 932 1065 972 vel
1110 931 1276 970 contin-

271 1017 441 1066 genler.

324 1090 389 1129 Ad
434 1090 544 1128 hanc
590 1089 802 1128 rationem
839 1085 1033 1124 Doctoris
1060 1082 1184 1122 multi
1214 1092 1278 1121 re-

271 1165 490 1216 spondent
517 1167 561 1204 et
605 1162 806 1204 videntur
848 1160 1039 1202 incidere
1067 1169 1112 1198 in
1146 1158 1278 1206 idem,

271 1247 280 1252 _
272 1250 296 1280 e
240 1220 251 1262 i.q.
299 1243 315 1280 t
340 1241 525 1280 maxime
561 1237 798 1287 respondet
835 1236 1036 1282 Occham,
1076 1231 1280 1285 negando

271 1316 387 1367 quod
425 1314 621 1354 voluntas
649 1314 693 1352 in
725 1313 862 1362 patria
889 1311 1053 1350 habens
1080 1308 1280 1348 eamdem

269 1392 533 1437 charitatem,
575 1390 732 1430 eodem
765 1387 892 1428 modo
930 1387 985 1426 sit
1020 1384 1279 1436 principium

268 1465 497 1506 elicitivum
534 1463 746 1504 fruitionis
780 1463 891 1503 sicut
916 1462 960 1501 in
989 1463 1067 1508 via,
1103 1460 1202 1510 quia
1223 1458 1279 1499 ad

265 1543 410 1580 actum
487 1538 699 1579 fruitionis
755 1538 799 1576 in
863 1538 998 1586 patria
1063 1535 1280 1575 concurrit

265 1621 368 1662 visio
411 1620 608 1660 essentiae
645 1618 796 1658 divinae
835 1620 883 1657 ut
915 1626 1043 1656 causa
1075 1615 1275 1665 partialis,

263 1699 307 1737 in
338 1699 405 1738 via
433 1707 534 1737 vero
574 1706 675 1735 non.
715 1693 816 1741 Sed,
845 1694 1010 1747 judicio
1035 1702 1148 1738 meo,
1188 1692 1277 1731 haec

265 1774 489 1824 responsio
528 1783 615 1813 non
653 1771 778 1811 solvit
813 1772 1024 1810 rationem
1060 1766 1272 1814 Doctoris,

264 1849 364 1900 quia
384 1849 523 1899 posito
555 1846 672 1898 quod
704 1846 795 1885 talis
832 1846 936 1886 visio
968 1846 1193 1884 concurrat
1230 1846 1277 1881 ut

264 1935 391 1964 causa
420 1922 607 1973 partialis
653 1920 708 1960 ad
745 1924 888 1959 actum
919 1917 1146 1965 fruitionis,
1177 1918 1276 1968 quia

266 2004 409 2040 tamen
439 1999 520 2038 erit
541 2007 669 2038 causa
706 1998 848 2035 minus
877 1994 1120 2046 principalis
1148 2004 1276 2044 quam

263 2077 460 2117 voluntas
505 2075 671 2114 habens
713 2072 978 2118 charitatem,
1012 2072 1058 2108 ut
1087 2070 1207 2119 patet
1251 2078 1275 2106 a

261 2155 445 2193 Doctore
469 2161 523 2191 ex
541 2148 778 2190 intentione
798 2148 843 2188 in
861 2148 902 2187 2.
926 2148 1019 2187 dist.
1041 2146 1107 2185 25.
1124 2143 1269 2195 sequi¬

268 2235 336 2270 tur
354 2228 472 2280 quod
492 2230 613 2268 actus
639 2223 853 2264 fruitionis
873 2223 953 2264 erit
970 2232 1091 2262 mere
1113 2220 1275 2261 contin-

265 2308 423 2357 genter
443 2303 623 2348 elicitus,
655 2300 836 2349 exposui
875 2308 1018 2347 supra.
1051 2297 1276 2341 Praeterea,

264 2392 300 2420 81
319 2389 543 2430 responsio
567 2377 754 2417 Occham
784 2373 1080 2420 concluderet,
1118 2381 1275 2422 seque-

264 2460 385 2497 retur
413 2455 531 2506 quod
559 2454 758 2494 voluntas
784 2454 834 2491 ut
869 2453 913 2491 in
942 2452 1025 2497 via,
1062 2447 1281 2488 frueretur

267 2534 321 2573 de
340 2531 617 2577 necessitate,
653 2531 785 2578 patet,
816 2528 916 2578 quia
942 2526 1051 2565 sicut
1069 2524 1173 2564 visio
1196 2523 1276 2562 cla¬

265 2622 311 2649 ra
332 2607 530 2648 essentiae
549 2604 699 2646 divinae
718 2605 933 2643 concurrit
953 2603 1088 2641 active
1110 2599 1164 2640 ad
1177 2598 1278 2639 frui¬

267 2685 424 2725 tionem
464 2683 508 2722 in
546 2683 697 2732 patria,
738 2681 796 2718 ita
851 2677 1040 2731 cognitio
1080 2675 1281 2727 ejusdem

264 2759 464 2801 essentiae
513 2761 562 2798 ut
595 2758 640 2796 in
677 2756 744 2797 via
783 2754 996 2794 concurrit
1041 2753 1176 2793 active
1224 2750 1279 2789 ad

262 2837 510 2878 fruitionem
538 2835 582 2874 in
603 2834 687 2880 via,
722 2841 820 2871 cum
848 2839 936 2870 non
961 2832 1015 2870 sit
1046 2827 1181 2877 major
1208 2838 1274 2866 ra¬

267 2915 321 2953 tio
351 2914 419 2952 hic
440 2916 484 2950 et
503 2911 581 2957 ibi;
607 2919 711 2960 ergo
741 2910 776 2947 si
804 2907 848 2947 in
869 2908 1008 2956 patria
1038 2904 1116 2944 erit
1139 2902 1279 2943 fruitio

264 2989 510 3029 necessario
533 2985 686 3033 elicita,
717 2984 799 3023 hoc
819 2982 1015 3023 similiter
1035 2979 1115 3020 erit
1132 2979 1176 3020 in
1195 2979 1277 3026 via,

266 3065 385 3117 quod
407 3068 473 3104 est
490 3062 645 3103 falsum
667 3064 709 3101 et
730 3063 873 3099 contra
896 3061 1050 3109 ipsum,

316 3134 376 3187 (b)
400 3136 504 3174 Item
523 3133 636 3183 quod
670 3132 767 3171 dicit
797 3131 839 3169 in
871 3131 948 3169 isto
968 3127 1166 3168 articulo.
1200 3128 1273 3165 Ar¬

265 3214 358 3263 guit
376 3211 538 3250 Doctor
573 3209 719 3247 contra
752 3214 887 3244 unum
916 3203 1078 3244 dictum
1097 3202 1277 3242 istorum

263 3287 382 3341 quod
418 3287 501 3326 tale
541 3288 621 3333 est,
652 3282 770 3334 quod
808 3285 923 3322 tanta
958 3283 1024 3320 est
1062 3279 1276 3319 connexio

262 3366 375 3406 inter
412 3362 622 3403 visionem
655 3360 850 3399 essentiae
885 3357 1032 3397 divinae
1075 3356 1117 3394 et
1143 3352 1272 3393 fruiti¬

258 3450 387 3483 onem
418 3438 637 3490 ejusdem,
679 3435 795 3486 quod
821 3432 1089 3484 impossibile
1122 3434 1191 3471 est
1214 3429 1274 3470 vi¬

253 3520 421 3558 sionem
445 3525 541 3555 esse
570 3514 663 3552 sine
684 3510 900 3550 fruitione.
922 3510 973 3549 Et
1002 3509 1148 3559 arguit
1167 3507 1230 3545 sic
1263 3517 1274 3545 :

253 3597 361 3647 Quia
402 3597 554 3635 natura
590 3590 786 3631 absoluta
837 3589 949 3639 prior
998 3587 1081 3628 alia
1120 3590 1275 3626 natura

1344 319 1542 359 absoluta
1564 320 1708 368 potest
1730 328 1826 357 esse
1842 319 1934 357 sine
1959 317 2032 355 tali
2057 315 2298 366 posteriori,
2320 316 2363 354 et

1346 393 1428 432 hoc
1447 398 1512 433 est
1528 394 1687 433 clarum
1705 396 1747 433 et
1767 392 1920 432 diffuse
1937 392 2126 431 declarat
2142 392 2296 430 Doctor
2324 392 2366 429 in

1343 471 1382 508 2.
1404 471 1497 508 dist.
1523 470 1582 520 12.
1606 474 1751 520 quiBSt.
1773 470 1811 508 2.
1851 472 1894 508 et
1931 467 2031 508 vide
2053 466 2365 517 expositionem

1348 557 1476 596 quam
1512 544 1593 585 feci
1630 546 1701 584 ibi.
1743 544 1828 584 Sed
1858 544 1959 584 visio
2004 546 2046 582 et
2083 542 2226 583 fruitio
2268 543 2370 580 sunt

1349 621 1441 660 duae
1468 624 1626 660 naturae
1650 619 1890 668 -absolutae;
1923 629 2042 670 ergo.
2073 619 2121 657 Et
2149 619 2248 658 licet
2284 617 2367 655 Do¬

1348 700 1438 736 ctor
1469 696 1534 735 hic
1566 706 1652 735 non
1674 695 1828 746 probet
1851 697 1976 735 istam
2015 695 2243 740 minorem,
2265 694 2366 732 satis

1352 776 1492 811 tamen
1514 772 1678 821 patebit
1697 773 1739 811 in
1779 772 1904 810 simili
1938 769 2046 811 infra
2073 772 2112 811 d.
2148 772 2186 820 3.
2223 773 2364 820 quaest.

1346 847 1421 886 ult.
1459 850 1502 887 et
1535 846 1688 886 diffuse
1729 847 1882 896 probat
1919 848 2078 886 Doctor
2120 847 2161 887 in
2202 845 2364 897 quolib.

1351 934 1392 973 q.
1418 922 1479 961 13.
1501 926 1544 961 et
1572 923 1615 962 in
1637 922 1674 962 4.
1699 922 1739 961 d.
1761 923 1823 963 10.

1402 997 1701 1046 Respondetur,
1745 999 1857 1045 quod
1899 998 2043 1046 major
2087 1002 2143 1037 esi
2184 1008 2284 1037 vera
2316 999 2365 1036 de

1350 1071 1437 1110 illis
1478 1072 1695 1111 absolutis.
1728 1072 1837 1111 Dicit
1873 1072 2078 1111 Henricus
2119 1072 2235 1123 quod
2265 1073 2364 1112 licet

1349 1157 1484 1185 unum
1506 1149 1642 1197 possit
1671 1157 1767 1186 esse
1801 1148 1893 1187 sine
1920 1148 2054 1187 allero
2083 1148 2157 1188 ubi
2184 1158 2270 1189 non
2297 1151 2364 1188 est

1353 1220 1646 1271 dependentia
1697 1223 1937 1262 essentialis
1974 1222 2101 1263 unius
2125 1225 2193 1264 -ad
2232 1224 2361 1272 aliud,

1352 1300 1496 1336 tamen
1519 1296 1691 1348 quando
1732 1298 1856 1338 ambo
1881 1302 2110 1338 causantur
2131 1299 2183 1340 de
2213 1311 2364 1339 neces¬

1351 1373 1476 1411 sitate
1498 1384 1520 1412 a
1544 1374 1684 1418 tertio,
1718 1376 1783 1412 est
1815 1375 2079 1424 impossibile
2111 1386 2240 1414 unum
2271 1386 2367 1414 esse

1351 1449 1444 1488 sine
1465 1450 1613 1497 altero,
1654 1449 1714 1488 sic
1748 1449 1788 1488 in
1825 1452 2044 1500 proposito
2073 1451 2174 1491 visio
2198 1456 2238 1492 et
2263 1452 2368 1491 frui¬

1352 1525 1407 1563 tio
1441 1524 1687 1564 necessario
1739 1527 1970 1564 causantur
2007 1525 2056 1564 ab
2087 1529 2272 1567 essentia
2303 1527 2362 1566 di¬

1350 1598 1461 1643 vina,
1504 1608 1590 1637 non
1625 1598 1742 1649 quod
1791 1601 1940 1638 causet
1985 1602 2229 1641 necessario
2273 1601 2369 1641 visi¬

1351 1684 1479 1713 onem
1527 1675 1605 1714 sed
1667 1678 1840 1714 causata
1884 1675 2066 1722 visione,
2120 1677 2367 1717 necessario

1353 1754 1550 1789 causatur
1578 1759 1601 1787 a
1633 1749 1851 1788 voluntate
1884 1749 2023 1788 divina
2051 1748 2211 1791 fruitio.

1402 1827 1573 1871 Contra,
1610 1825 1649 1864 si
1673 1835 1754 1864 non
1774 1825 2000 1874 dependent
2037 1837 2063 1864 a
2082 1829 2219 1868 tertio.
2258 1828 2366 1867 Dicit

1350 1903 1509 1941 Doctor
1528 1902 1645 1952 quod
1665 1902 1696 1941 si
1728 1903 1842 1941 Deus
1871 1912 1956 1942 non
1989 1908 2136 1944 causat
2167 1915 2365 1946 necessa¬

1350 1980 1410 2019 rio
1445 1980 1587 2025 ambo,
1619 1978 1781 2019 scilicet
1800 1980 2008 2020 visionem
2031 1983 2072 2019 et
2101 1979 2364 2032 fruitionem,

1350 2067 1432 2097 nec
1478 2060 1740 2106 utrumque,
1792 2056 1892 2095 licet
1948 2060 2097 2096 causet
2153 2059 2334 2100 alterum
2358 2073 2367 2109 ;

1352 2136 1396 2173 et
1425 2136 1589 2173 certum
1610 2135 1676 2171 est
1696 2132 1813 2181 quod
1832 2135 1949 2173 Deus
1966 2145 2054 2173 non
2075 2141 2222 2176 causat
2241 2139 2368 2178 ambo

1352 2209 1405 2249 de
1464 2210 1739 2257 necessitate,
1795 2211 1896 2260 quia
1955 2213 2058 2250 tunc
2111 2219 2370 2263 sequeretur

1353 2287 1470 2339 quod
1490 2288 1735 2328 necessario
1768 2290 1967 2327 causaret
1994 2290 2216 2338 visionem,
2251 2293 2365 2342 quod

1350 2365 1432 2415 ipsi
1455 2369 1630 2416 negant,
1672 2375 1752 2403 nec
1787 2367 1915 2405 etiam
1937 2369 2084 2405 causat
2114 2371 2366 2420 utrumque,

1351 2440 1388 2479 si
1421 2440 1600 2481 alterum
1631 2444 1797 2489 causat,
1831 2442 1877 2481 id
1915 2447 1996 2490 est,
2033 2444 2150 2494 quod
2184 2455 2272 2485 non
2302 2448 2368 2484 est

1351 2526 1534 2556 necesse
1569 2520 1706 2557 Deum
1745 2529 1923 2558 causare
1966 2518 2227 2569 fruitionem,
2267 2521 2369 2561 licet

1353 2596 1502 2632 causet
1548 2594 1769 2634 visionem.
1805 2597 1854 2635 Et
1887 2597 1968 2635 hoc
2007 2597 2176 2646 probat,
2217 2598 2314 2648 quia
2334 2597 2372 2636 si

1352 2669 1468 2707 Deus
1510 2672 1648 2718 potest
1670 2681 1846 2710 causare
1880 2671 2124 2712 fruitionem
2146 2673 2368 2713 immedia¬

1351 2747 1392 2783 te
1416 2748 1456 2783 et
1470 2746 1784 2797 contingenter,
1804 2748 1933 2787 etiam
1959 2751 2101 2798 potest
2122 2761 2300 2790 causare
2321 2750 2373 2789 il¬

1351 2820 1435 2858 lam
1459 2823 1760 2872 conlingenter
1796 2823 2015 2863 mediante
2053 2825 2231 2873 visione,
2274 2836 2371 2865 con¬

1355 2897 1570 2946 tingenter
1595 2901 1767 2937 causata
1808 2901 1856 2937 ut
1889 2909 2016 2939 causa
2055 2901 2260 2941 secunda.
2295 2902 2369 2941 Hic

1353 2971 1512 3011 Doctor
1533 2974 1736 3021 supponit
1757 2974 1874 3023 quod
1897 2974 1998 3013 visio
2035 2978 2230 3016 essentiae
2263 2976 2366 3015 divi¬

1351 3059 1416 3088 nae
1446 3050 1500 3089 sit
1535 3060 1663 3089 causa
1702 3049 1930 3098 fruitionis,
1967 3051 2118 3091 saltem
2159 3055 2363 3103 partialis,

1351 3134 1449 3162 nam
1489 3125 1524 3164 si
1572 3128 1742 3164 causata
1772 3127 1935 3166 visione
1974 3128 2087 3167 Deus
2120 3132 2366 3171 necessario

1355 3204 1551 3240 causaret
1599 3200 1870 3249 fruitionem,
1924 3207 2181 3253 sequeretur
2233 3217 2369 3247 unum

1353 3276 1602 3324 absurdum,
1633 3277 1747 3329 quod
1783 3289 1909 3318 causa
1947 3280 2083 3328 prima
2121 3283 2256 3331 possit
2296 3283 2370 3323 de¬

1354 3352 1570 3392 terminari
1592 3352 1646 3391 ad
1677 3353 1896 3403 agendum
1935 3365 1956 3393 a
1998 3366 2124 3395 causa
2157 3358 2367 3408 secunda,

1352 3427 1473 3478 quod
1510 3431 1576 3468 est
1614 3432 1761 3468 contra
1799 3430 2012 3470 rationem
2049 3442 2182 3472 causae
2216 3433 2365 3484 primae

1354 3503 1631 3544 determinari
1661 3515 1685 3543 a
1729 3516 1857 3545 causa
1895 3507 2086 3546 secunda
2134 3509 2188 3548 ad
2226 3521 2366 3561 agen¬

1351 3580 1465 3620 dum.
