2624 3979
325 303 433 352 est;
462 313 554 347 nec
589 298 847 357 Spiritum
877 295 1117 342 sanctum
1170 293 1340 350 ipsum

332 389 448 421 esse
478 374 564 434 qui
593 374 757 420 Pater
784 375 862 418 est
900 373 991 417 aut
1016 369 1199 415 Filius.
1230 367 1343 412 Una

326 454 407 498 est
429 450 568 496 enim
591 449 771 496 Patris
803 449 854 494 et
884 446 1006 493 Filii
1032 447 1083 491 et
1112 443 1344 503 Spiritus

330 526 502 572 sancti
534 525 780 578 essentia,
832 535 987 583 quam
1011 520 1178 569 Graeci
1219 538 1344 565 ouaiav

329 604 539 654 vocant,
571 601 622 646 in
663 612 763 660 qua
807 612 910 645 non
950 600 1028 644 est
1069 596 1207 642 aliud
1253 597 1346 642 Pa¬

332 680 430 729 ter,
491 675 630 724 aliud
680 675 863 727 Filius,
918 673 1057 719 aliud
1115 671 1345 732 Spiritus

334 755 564 803 sanctus,
606 751 844 810 quamvis
880 750 948 795 sit
990 747 1347 807 personaliter

333 827 470 876 alius
492 829 668 877 Pater,
700 826 837 872 alius
859 823 1042 876 Filius,
1071 823 1207 869 alius
1236 822 1347 883 Spi¬

342 904 478 952 ritus
525 906 756 951 sanctus.
791 921 808 943 »

344 1030 448 1080 Quis
473 1029 580 1072 ordo
618 1029 674 1070 sit
693 1028 932 1070 servandus
958 1040 1053 1068 cum
1078 1026 1129 1068 de
1155 1025 1348 1068 Trinita¬

731 1110 769 1145 te
807 1104 969 1159 agitur.

404 1209 684 1260 Caeterum,
715 1209 773 1254 ut
805 1206 857 1252 in
895 1204 1070 1266 primo
1112 1205 1248 1251 libro
1293 1204 1353 1251 de

347 1283 608 1330 Trinitate
631 1282 958 1341 Augustinus
986 1280 1134 1328 docet
1163 1298 1172 1326 :
1201 1300 1219 1321 «
1245 1280 1355 1326 Pri¬

346 1372 430 1405 mo
455 1359 738 1406 secundum
767 1358 1121 1405 auctoritates
1151 1360 1353 1404 sancta¬

344 1450 463 1483 rum
517 1436 939 1495 Scripturarum,
999 1437 1179 1481 utrum
1229 1434 1353 1481 fides

343 1514 418 1560 ita
441 1527 495 1559 se
516 1513 721 1566 habeat,
749 1511 1216 1558 demonstrandum
1256 1512 1352 1557 est.

341 1590 536 1637 Deinde
562 1589 815 1635 adversus
854 1587 1109 1647 garrulos
1143 1587 1356 1634 ratioci¬

343 1668 580 1718 natores,
628 1664 882 1712 elatiores
918 1676 1074 1724 quam
1118 1663 1356 1723 capacio¬

345 1756 448 1795 res,
492 1741 787 1789 rationibus
816 1740 1095 1788 catholicis
1123 1743 1173 1788 et
1216 1739 1356 1786 simi¬

345 1817 653 1865 litudinibus
724 1816 974 1876 congruis
1029 1817 1089 1862 ad
1135 1815 1354 1862 defensi¬

349 1907 499 1940 onem
522 1894 571 1940 et
595 1892 948 1940 assertionem
968 1891 1085 1937 fidei
1110 1892 1357 1938 utendum

348 1975 445 2024 est,
464 1974 521 2019 ut
541 1983 729 2018 eorum
751 1969 1182 2029 inquisitionibus
1210 1970 1360 2016 satis¬

349 2046 628 2099 facientes,
679 2049 984 2094 mansuetos
1031 2046 1236 2105 plenius
1283 2047 1358 2092 in¬

352 2127 648 2176 struamus,
696 2126 747 2171 et
795 2124 874 2170 illi
928 2122 971 2169 si
1021 2123 1357 2182 nequiverint

349 2200 591 2247 invenire
639 2201 771 2259 quod
817 2201 1072 2259 quaerunt,
1130 2199 1189 2246 de
1247 2199 1356 2246 suis

349 2276 609 2322 mentibus
644 2275 822 2335 potius
855 2288 1010 2335 quam
1045 2277 1103 2323 de
1131 2275 1246 2335 ipsa
1275 2288 1358 2322 ve¬

348 2352 527 2405 ritate,
564 2351 648 2399 vel
693 2353 752 2398 de
803 2356 991 2400 nostra
1041 2352 1359 2399 dissertione

346 2430 742 2488 conquerantur
778 2446 814 2472 ».

412 2561 673 2604 Testimonia
699 2561 955 2603 Sanctorum
987 2559 1039 2601 de
1070 2560 1298 2603 Trinitate.

409 2673 776 2732 Proponamus
831 2683 961 2729 ergo
1025 2668 1078 2715 in
1135 2669 1359 2716 medium

349 2749 548 2797 veteris
588 2761 648 2795 ac
674 2748 797 2794 novi
823 2745 1148 2794 Testamenti
1182 2747 1363 2793 aucto¬

354 2825 561 2880 ritates,
592 2825 777 2884 quibus
805 2824 992 2871 divinae
1018 2823 1254 2870 Unitatis
1288 2824 1362 2869 at¬

354 2916 451 2961 que
489 2901 771 2948 Trinitatis
804 2900 1006 2948 veritas
1040 2900 1363 2946 demonstre¬

353 2981 464 3025 tur.
500 2979 572 3025 Ac
600 2978 831 3036 primum
857 2977 972 3036 ipsa
992 2975 1124 3035 legis
1145 2975 1364 3021 exordia

358 3055 659 3106 occurrant,
708 3053 794 3100 ubi
298 3069 331 3101 a.
836 3054 1048 3112 Moyses
1094 3052 1168 3099 ait
1203 3054 1212 3097 :
1248 3052 1367 3095 Audi

356 3133 506 3184 Israel,
531 3132 741 3174 Dominus
768 3132 882 3174 Deus
904 3138 1000 3174 tuus
1019 3131 1132 3171 Deus
1157 3143 1269 3172 unus
1289 3135 1364 3171 est.

362 3209 496 3255 Item
526 3208 535 3250 :
565 3208 656 3264 Ego
704 3222 797 3250 sum
840 3208 1050 3249 Dominus
1100 3207 1212 3248 Deus
1256 3213 1352 3248 tuus
1357 3240 1367 3257 ,

333 3302 346 3344 Gratianum
363 3300 435 3344 -ur
468 3285 603 3328 eduxi
630 3291 667 3326 te
686 3282 739 3325 de
763 3291 879 3326 terra
899 3283 1112 3338 JEgypti;
1132 3296 1219 3324 non
1247 3289 1372 3324 erunt

362 3361 440 3406 Mi
464 3361 547 3403 alii
568 3360 645 3401 Dii
660 3366 822 3414 prester
847 3373 927 3402 me.
957 3361 1081 3403 Ecce
1102 3355 1189 3402 hic
1213 3355 1371 3414 signi¬

358 3436 537 3483 ficavit
593 3433 852 3480 unitatem
901 3432 1089 3480 divinae
1144 3434 1368 3479 naturae.

363 3515 381 3555 «
414 3515 525 3556 Deus
589 3510 744 3564 enim,
773 3511 827 3556 ut
858 3509 932 3557 ait
965 3507 1278 3555 Ambrosius
1319 3508 1371 3554 in

362 3589 534 3649 primo
559 3586 693 3634 libro
722 3587 780 3634 de
808 3586 946 3639 Fide,
971 3598 1160 3631 nomen
1183 3586 1262 3632 est
1284 3597 1370 3630 na¬

1417 290 1572 340 turae;
1650 288 1857 331 Dominus
1916 299 2043 331 vero
2117 296 2304 330 nomen
2344 282 2423 328 est

1420 364 1721 423 potestatis.
1769 364 1785 408 »
1843 364 1975 408 Item
2021 360 2145 408 alibi
2189 361 2329 407 Deus
2357 359 2426 404 lo-

1423 453 1585 498 quens
1632 439 1694 485 ad
1740 439 1961 496 Moysen
2010 437 2086 483 ait
2132 438 2142 480 :
2194 438 2285 492 Ego
2332 450 2426 478 sum

1421 519 1496 572 qui
1549 531 1643 559 sum
1670 530 1680 568 ,
1757 523 1797 557 et
1856 516 1895 557 si
1960 514 2210 572 quaesierint
2274 526 2430 555 nomen

1419 607 1573 644 meum,
1621 592 1730 635 vade
1769 598 1807 633 et
1846 591 1916 632 dic
1948 591 2008 633 eis
2043 607 2055 632 :
2099 589 2182 638 Qui
2224 595 2298 638 est,
2348 589 2428 629 mi¬

1419 669 1474 710 sit
1531 682 1596 710 me
1649 667 1707 710 ad
1756 680 1844 709 vos.
1895 663 2086 711 Dicens
2146 661 2286 708 enim
2338 663 2429 719 Ego

1419 759 1511 787 sum
1519 780 1528 796 ,
1564 743 1666 788 non
1705 743 1791 785 lS'os
1827 755 1971 785 sumus
1976 776 1986 793 ,
2017 741 2068 788 et
2112 740 2196 788 Qui
2221 746 2281 781 est
2286 773 2295 790 ,
2324 751 2427 783 non

1425 822 1510 869 Qui
1556 832 1726 869 sumus,
1774 815 2112 876 apertissime
2200 814 2426 860 declara¬

1420 893 1526 945 vit,
1595 905 1754 938 unum
1821 892 1991 938 solum
2051 891 2220 938 Deum
2295 903 2426 936 esse.

1429 970 1482 1014 In
1517 969 1734 1016 Cantico
1779 968 1940 1014 etiam
1979 965 2143 1013 Exodi
2188 965 2385 1023 legitur
2417 983 2426 1011 :

1423 1048 1632 1090 Dominus
1637 1061 1647 1099 ,
1670 1048 1937 1102 omnipotens
1980 1060 2134 1089 nomen
2182 1049 2273 1102 ejus
2283 1062 2299 1098 ;
2324 1057 2430 1090 non

1425 1120 1500 1167 ait
1521 1122 1713 1173 Domini,
1738 1119 1996 1166 unitatem
2024 1118 2206 1165 volens
2238 1118 2433 1177 signifi¬

1425 1210 1567 1244 care.
1615 1198 1974 1243 Personarum
2013 1207 2218 1257 quoque
2258 1196 2432 1254 plura¬

1428 1273 1633 1319 litatem
1662 1274 1714 1319 et
1739 1274 1945 1317 naturae
1984 1270 2241 1318 unitatem
2278 1253 2434 1316 simul

1430 1349 1656 1396 ostendit
1717 1348 1974 1395 Dominus
2033 1348 2084 1393 in
2128 1347 2314 1394 Genesi
2363 1346 2435 1392 di¬

1429 1438 1552 1472 cens
1586 1427 1596 1470 :
1619 1427 1850 1469 Faciamus
1876 1426 2093 1467 hominem
2112 1425 2170 1466 ad
2201 1425 2436 1480 imaginem

1429 1511 1467 1545 et
1486 1502 1821 1545 similitudinem
1851 1508 2059 1544 nostram.
2083 1499 2274 1546 Dicens
2295 1500 2434 1545 enim

1429 1579 1659 1621 Faciamus
1706 1578 1759 1622 et
1807 1584 2015 1628 nostram,
2068 1575 2434 1634 pluralitatem

1432 1663 1782 1713 personarum
1813 1652 2072 1707 ostendit;
2100 1651 2275 1697 dicens
2310 1665 2436 1697 vero

2451 1709 2452 1741 AU
1430 1732 1664 1787 imaginem
1669 1765 1679 1783 ,
1738 1728 1997 1774 unitatem
2056 1727 2316 1774 essentiae.
2368 1727 2438 1775 Ut

1431 1805 1568 1851 enim
1614 1804 1740 1852 dicit
1778 1804 2108 1862 Augustinus
2136 1803 2188 1850 in
2216 1803 2352 1850 libro
2380 1801 2439 1850 de

1432 1882 1553 1928 Fide
1581 1882 1642 1928 ad
1671 1882 1904 1928 Petrum.
1953 1899 1971 1919 «
2004 1881 2056 1928 Si
2080 1880 2131 1926 in
2172 1880 2264 1926 illa
2290 1883 2439 1927 natu¬

1433 1971 1494 2004 ra
1535 1959 1714 2005 Patris
1747 1959 1799 2004 et
1851 1956 1974 2003 Filii
1997 1959 2047 2003 et
2071 1955 2302 2015 Spiritus
2325 1969 2439 2002 san¬

1433 2035 1504 2082 cti
1534 2048 1636 2081 una
1662 2037 1802 2081 esset
1831 2037 2037 2080 tantum
2065 2045 2310 2093 persona,
2339 2046 2442 2080 non

1432 2111 1699 2158 diceretur
1728 2112 1736 2154 :
1761 2112 1989 2154 Faciamus
2011 2112 2226 2153 hominem
2246 2110 2303 2152 ad
2331 2111 2442 2152 ima¬

1430 2189 1574 2244 ginem
1613 2195 1651 2231 et
1687 2187 2022 2230 similitudinem
2066 2192 2273 2228 nostram.
2313 2186 2440 2231 Cum

1432 2263 1571 2309 enim
1628 2261 1755 2309 dicit
1804 2264 1862 2306 ad
1904 2264 2165 2319 imaginem,
2215 2262 2441 2309 ostendit

1432 2351 1591 2384 unam
1607 2340 1858 2385 naturam
1891 2351 2023 2390 esse,
2052 2336 2114 2382 ad
2141 2336 2290 2396 cujus
2318 2337 2442 2383 ima¬

1433 2415 1608 2473 ginem
1630 2414 1786 2461 homo
1813 2414 1987 2467 fieret;
2012 2427 2132 2460 cum
2170 2426 2298 2460 vero
2320 2414 2444 2460 dicit

1432 2499 1641 2544 nostram,
1699 2490 1926 2537 ostendit
1968 2489 2204 2537 eumdem
2255 2490 2439 2543 Deum,

1433 2580 1537 2612 non
1565 2579 1740 2619 unam,
1779 2566 1864 2612 sed
1897 2567 2076 2626 plures
2115 2579 2231 2612 esse
2271 2580 2445 2625 perso¬

1433 2655 1544 2689 nas.
1572 2660 1591 2683 »

1435 2783 1593 2836 Aperte
1630 2777 1845 2828 ostendit,
1875 2778 1988 2833 quod
2030 2791 2107 2820 nec
2134 2777 2337 2829 solitudo,
2369 2791 2446 2820 nec

1494 2857 1741 2905 diversitas,
1769 2868 1846 2896 nec
1870 2854 2157 2909 singularitas
2181 2854 2242 2895 ibi
2267 2861 2341 2905 est,
2370 2855 2444 2897 sed

1434 2946 1443 2977 .
1494 2930 1751 2974 similitudo.

1499 3043 1737 3089 Hilarius
1768 3054 1972 3101 quoque
2009 3040 2062 3086 in
2101 3038 2238 3087 libro
2283 3040 2447 3088 tertio

1441 3118 1852 3170 deTrinit.dicit,
1882 3117 1965 3163 his
1993 3115 2167 3162 verbis
2192 3115 2448 3174 significa-

1447 3196 1508 3250 ri,
1535 3197 1667 3255 quod
1696 3195 1745 3240 in
1770 3193 2031 3241 Trinitate
2051 3205 2144 3238 nec
2166 3191 2448 3240 diversitas

1444 3276 1540 3326 est,
1576 3286 1669 3319 nec
1704 3269 2051 3329 singularitas
2090 3269 2172 3314 vel
2201 3268 2445 3322 solitudo,

1445 3349 1531 3395 sed
1577 3347 1868 3395 similitudo
1907 3346 1957 3391 et
2004 3344 2286 3405 pluralitas
2341 3343 2449 3391 sive

1443 3424 1728 3472 distinctio.
1754 3423 1842 3470 Ait
1880 3422 2019 3468 enim
2045 3421 2118 3468 sic
2142 3437 2151 3466 :
2180 3440 2197 3461 «
2241 3419 2336 3473 Qui
2380 3420 2448 3466 di¬

1444 3501 1523 3549 xit
1537 3503 1545 3546 :
1567 3503 1796 3545 Faciamus
1816 3500 2032 3542 hominem
2056 3498 2114 3541 ad
2146 3497 2379 3553 imaginem
2411 3502 2450 3538 et

1443 3578 1778 3620 similitudinem
1820 3582 2036 3626 nostram,
2075 3571 2296 3618 invicem
2337 3584 2454 3618 esse
