2653 3979
318 304 434 347 Circa
460 304 600 361 aliqua
628 305 736 348 dicta
762 307 949 349 Doctoris
979 314 1080 350 sunt
1111 309 1264 363 aliquae

258 378 542 423 difficultates.
592 381 731 424 Prima
771 382 812 423 in
849 383 925 424 hoc
967 383 1077 437 quod
1112 382 1213 425 dicit
1254 397 1262 426 :

257 455 354 497 licet
383 471 497 499 mens
522 459 577 499 sit
598 458 746 500 eadem
775 459 858 500 sibi
866 472 874 509 ,
911 472 995 500 non
1026 465 1168 500 tamen
1186 472 1267 513 pro

252 538 367 574 statu
414 534 493 574 isto
543 541 603 575 est
649 534 1048 589 propordonabilis
1080 534 1164 575 sibi
1219 537 1268 577 in

252 610 422 650 ratione
442 610 592 664 objecti
625 610 934 666 intelligibilis.
961 612 1045 652 IIoc
1065 610 1176 652 enim
1199 611 1265 652 vi¬

253 684 375 726 detur
395 699 649 740 repugnare,
677 699 833 740 ponere
862 686 1046 727 animam
1085 687 1267 740 perfecte

253 768 510 813 praesentem
533 761 760 804 intellectui
786 770 825 804 et
848 776 928 803 non
954 775 1080 816 posse
1108 776 1266 818 cogno¬

254 835 312 876 sci
335 837 385 877 ah
408 836 494 887 illo,
519 851 613 878 cum
637 837 686 879 ad
708 838 997 893 cognitionem
1022 837 1128 880 nihil
1150 838 1266 881 aliud

254 911 510 966 requiratur,
542 912 623 953 nisi
657 913 884 967 praesentia
918 914 1089 969 objecti,
1120 915 1187 956 vel
1224 915 1264 955 in

255 999 300 1028 se
350 988 416 1029 vel
458 988 500 1029 in
541 989 680 1043 specie
714 988 1000 1045 intelligibili;
1037 989 1116 1031 hoc
1151 990 1263 1032 enim

253 1063 352 1106 facit
391 1065 617 1120 perfectam
664 1066 930 1117 memoriam,
976 1076 1019 1109 ut
1058 1074 1172 1121 patet
1212 1080 1263 1108 ex

254 1142 444 1190 Doctore,
482 1141 591 1183 infra
625 1141 725 1184 dist.
763 1144 802 1197 2.
836 1150 952 1197 pari.
977 1145 1017 1198 2.
1048 1149 1194 1198 qucest.
1219 1145 1258 1183 3.

252 1223 291 1256 et
318 1217 419 1259 dist.
457 1220 497 1271 3.
535 1220 574 1271 q.
606 1220 646 1260 "i.
675 1217 717 1259 Si
754 1232 855 1273 ergo
882 1219 1023 1260 anima
1057 1225 1122 1259 est
1150 1219 1190 1260 in
1218 1232 1265 1261 se

253 1303 443 1345 praesens
466 1292 696 1334 intellectui
731 1295 917 1349 proprio,
955 1293 1108 1348 poterit
1139 1295 1180 1335 in
1214 1307 1262 1335 eo

251 1380 424 1409 causare
448 1368 634 1423 speciem
671 1369 981 1425 intelligibilem
1012 1370 1093 1419 sui,
1128 1378 1167 1411 et
1203 1370 1263 1411 sic

251 1442 509 1485 abstractive
542 1443 720 1499 intelligi
746 1460 754 1495 ;
786 1445 895 1486 sicut
929 1444 1053 1486 etiam
1076 1445 1264 1486 essentia

252 1518 419 1574 Angeli,
451 1527 494 1560 ut
516 1532 707 1574 praesens
737 1520 968 1562 intellectui
996 1533 1091 1571 suo,
1125 1528 1264 1576 potest

252 1594 398 1637 saltem
423 1596 464 1637 in
486 1610 534 1638 eo
557 1596 789 1651 partialiter
804 1610 979 1640 causare
995 1597 1179 1652 speciem
1199 1598 1263 1639 in¬

251 1669 533 1725 telligibilem,
560 1680 604 1712 ut
628 1679 737 1726 patet
760 1686 811 1714 ex
835 1673 1011 1714 Doctore
1033 1673 1081 1714 in
1096 1673 1137 1715 2.
1157 1673 1259 1716 dist.

249 1748 291 1802 3.
311 1754 457 1802 qucest.
487 1747 628 1789 11.Sic
648 1747 774 1790 etiam
796 1748 839 1789 in
856 1761 902 1790 se
916 1762 1106 1803 praesens
1128 1757 1264 1805 potest

250 1820 449 1864 intuitive
469 1823 684 1878 cognosci,
711 1836 806 1865 cum
832 1823 886 1864 ibi
919 1831 1081 1866 tantum
1118 1824 1261 1880 requi¬

250 1905 365 1939 ratur
388 1898 614 1952 praesentia
642 1898 795 1953 objecti
830 1898 872 1939 in
905 1912 966 1950 se,
998 1909 1043 1940 ut
1070 1907 1183 1954 patet
1211 1913 1263 1941 ex

251 1975 427 2016 Doctore
466 1974 573 2016 infra
611 1974 712 2016 dist.
754 1978 787 2030 1.
818 1982 964 2030 qucest.
1002 1975 1041 2017 2.
1080 1975 1182 2018 dist.
1219 1978 1258 2018 8.

252 2056 402 2102 qucest.
444 2051 483 2090 3.
514 2051 599 2090 Nec
624 2048 735 2091 valet
769 2049 923 2100 dicere,
955 2049 1065 2105 quod
1096 2062 1178 2091 non
1201 2058 1264 2092 est

251 2137 441 2178 praesens
481 2125 524 2166 in
563 2124 725 2167 ratione
764 2125 917 2180 objecti
959 2124 1259 2181 intelligibilis,

252 2200 349 2254 quia
365 2213 510 2256 quaero
532 2199 632 2255 quid
649 2200 703 2241 sit
725 2214 818 2242 esse
835 2214 1024 2256 praesens
1043 2201 1084 2241 in
1101 2202 1263 2243 ratione

251 2275 403 2331 objecti
454 2276 737 2331 intelligibilis
757 2275 776 2317 ?
829 2276 871 2318 Si
926 2277 968 2317 in
1019 2277 1265 2332 cognitione

249 2352 520 2404 abstractiva,
545 2352 702 2395 sufficit
716 2353 880 2410 species
898 2352 1204 2408 intelligibilis;
1230 2355 1264 2395 si

251 2428 292 2469 in
315 2430 528 2481 intuitiva,
560 2430 719 2472 sufficit
741 2432 969 2486 praesentia
1007 2431 1048 2471 in
1077 2444 1137 2481 se,
1163 2439 1203 2472 et
1230 2430 1264 2472 si

250 2505 408 2560 aliquid
429 2505 542 2547 aliud
563 2506 821 2560 requiratur,
854 2506 1098 2560 assignetur
1132 2506 1232 2548 illud
1253 2521 1261 2556 ;

249 2580 483 2623 secundum
506 2582 619 2622 enim
648 2584 887 2632 Doctorem,
924 2582 1137 2636 objectum
1159 2582 1263 2623 dici¬

250 2662 318 2697 tur
344 2669 436 2698 esse
458 2669 648 2711 praesens
679 2657 719 2697 in
742 2656 906 2698 ratione
926 2656 1083 2711 objecti
1107 2656 1264 2699 intelli¬

253 2731 413 2785 gibilis,
439 2731 607 2786 quando
624 2731 863 2773 intellectus
890 2742 929 2773 et
955 2731 1036 2773 tale
1051 2732 1264 2786 objectum

254 2806 316 2849 sic
353 2816 453 2850 sunt
496 2807 760 2849 sufficienter
801 2808 1110 2863 approximata,
1154 2809 1264 2864 quod

254 2883 417 2925 nullum
440 2892 613 2938 apparet
635 2882 1002 2937 impedimentum,
1029 2884 1131 2938 quin
1158 2886 1264 2927 actio

253 2967 474 3014 sequatur.
505 2961 589 3000 Nec
605 2969 770 3013 oportet
787 2958 936 3013 fugere
956 2959 1004 3000 ad
1028 2961 1260 3011 sensibilia,

253 3035 351 3089 quia
384 3034 624 3076 intellectus
662 3034 703 3074 in
742 3035 1037 3089 cognoscendo
1077 3048 1160 3077 non
1194 3037 1263 3078 de¬

253 3111 407 3165 pendet
438 3124 460 3152 a
491 3111 702 3152 sensibus.
734 3113 783 3152 Et
811 3111 1008 3166 quamvis
1030 3112 1264 3153 secundum

253 3190 471 3230 Doctorem
506 3187 614 3229 infra
654 3188 754 3230 clist.
794 3190 837 3243 3.
871 3195 1016 3243 qucest.
1061 3190 1095 3229 1.
1129 3188 1266 3243 prima

254 3265 382 3307 motio
410 3265 506 3306 sita
532 3264 820 3315 sensibilibus,
848 3278 931 3306 non
952 3272 1098 3306 tamen
1121 3268 1264 3320 sequi¬

252 3348 320 3382 tur
342 3340 452 3396 quod
474 3340 581 3382 facta
603 3340 738 3394 prima
766 3340 968 3390 motione,
1001 3339 1102 3394 quin
1131 3341 1264 3396 possit

255 3430 299 3459 se
334 3417 571 3471 intelligere
604 3426 774 3471 propter
813 3416 1041 3472 perfectam
1077 3429 1263 3470 praesen¬

253 3492 369 3534 tiam.

312 3567 372 3610 Ad
395 3568 518 3610 istam
539 3567 786 3611 instantiam
808 3568 901 3610 dico
922 3567 1123 3620 breviter,
1150 3567 1262 3624 quod

1343 308 1422 350 etsi
1462 309 1601 352 anima
1623 310 1677 352 sit
1706 310 1937 353 intellectui
1967 313 2136 368 proprio
2172 313 2353 367 perfecte

1343 397 1548 439 praesens,
1586 390 1696 441 (cum
1731 386 1815 428 sint
1837 386 1945 429 idem
1964 401 2030 429 rea
2037 388 2165 442 liter,)
2194 400 2277 430 non
2300 396 2358 429 ta¬

1339 472 1433 500 men
1457 467 1520 502 est
1542 474 1732 515 praesens
1757 462 1797 502 in
1827 462 1989 504 ratione
2012 464 2165 518 objecti
2201 464 2354 506 intelli¬

1337 534 1483 588 gibilis
1503 543 1596 577 actu
1619 535 1751 591 (quod
1780 544 1879 578 tunc
1900 546 1978 589 est,
2011 539 2179 593 quando
2217 547 2356 595 potest

1340 621 1512 651 movere
1535 611 1766 665 potentiam
1790 611 1838 653 ad
1861 613 1925 653 sui
1948 614 2253 668 cognitionem,
2287 614 2354 656 vel

1340 683 1534 736 aliorum,
1571 686 1725 728 Virtual
1736 687 1812 729 iter
1848 687 1913 729 vel
1941 689 2227 731 essentialiter
2253 703 2357 732 con¬

1342 765 1553 802 tentorum
1584 761 1622 802 in
1649 776 1712 813 eo,
1741 770 1784 804 ut
1813 762 1940 805 habet
1968 764 2174 806 rationem
2203 765 2357 821 objecti

1340 835 1657 893 intelligibilis.)
1677 840 1725 880 Et
1761 838 1876 881 nulla
1898 839 1978 882 alia
2009 841 2113 883 ratio
2147 841 2357 896 assignari

1339 919 1494 966 potest,
1539 913 1619 955 nisi
1656 914 1754 969 quia
1789 916 1901 957 Deus
1938 916 2152 958 ordinavit
2192 917 2356 959 intelle¬

1339 996 1454 1028 ctum
1498 996 1690 1031 nostrum
1728 990 1832 1031 nihil
1868 1004 1941 1046 pro
1970 1000 2080 1034 statu
2125 992 2202 1033 isto
2230 1006 2355 1048 posse

1338 1063 1587 1106 naturaliter
1609 1065 1862 1121 intelligere,
1892 1065 1973 1108 nisi
1991 1067 2206 1109 sensibilia
2230 1068 2269 1109 in
2292 1081 2351 1119 se,

1337 1137 1402 1179 vel
1437 1140 1720 1182 essentialiter
1746 1141 1814 1182 vel
1848 1141 2088 1184 virtualiter
2121 1143 2283 1185 inclusa
2312 1144 2352 1185 in

1338 1213 1629 1266 sensibilibus,
1674 1222 1720 1257 ut
1754 1223 1868 1271 patet
1901 1230 1953 1259 ex
1998 1220 2176 1260 Doctore
2223 1218 2346 1268 infra,

1337 1289 1438 1331 clist.
1468 1292 1509 1346 3.
1547 1298 1694 1346 qucest.
1731 1295 1771 1333 3.
1810 1305 1894 1333 non
1924 1300 2064 1336 tamen
2100 1294 2179 1336 sibi
2221 1308 2350 1350 repu¬

1336 1373 1452 1419 gnat,
1502 1379 1578 1408 nec
1614 1374 1658 1408 ut
1690 1375 1754 1409 est
1792 1369 1832 1408 in
1872 1381 1932 1419 se,
1970 1370 2068 1426 quia
2102 1377 2293 1425 separata
2326 1382 2347 1410 a

1335 1454 1510 1496 corpore
1531 1443 1714 1497 perfecte
1742 1444 1958 1500 intelligit,
1997 1459 2073 1489 nec
2109 1454 2153 1488 ut
2184 1447 2223 1487 in
2258 1459 2348 1488 cor¬

1338 1531 1438 1572 pore
1459 1517 1664 1569 absolute,
1690 1520 1788 1574 quia
1822 1529 1866 1562 ut
1896 1521 1936 1561 in
1965 1535 2141 1577 corpore
2161 1522 2350 1578 glorioso

1338 1595 1522 1649 perfecte
1566 1596 1765 1652 intelligit
1811 1611 1870 1639 se.
1919 1600 1991 1640 Est
2029 1612 2131 1654 ergo
2176 1613 2227 1641 ex
2263 1599 2350 1641 sola

1337 1667 1604 1710 ordinatione
1634 1668 1779 1711 divina
1815 1683 1910 1724 quae
1947 1671 2161 1726 disposuit
2187 1678 2350 1714 tantum

1337 1745 1553 1797 cooperari
1577 1745 1854 1787 sensibilibus
1882 1746 1934 1787 ad
1962 1747 2194 1789 motionem
2225 1747 2351 1789 intel¬

1336 1819 1485 1869 lectus,
1523 1833 1607 1861 non
1641 1829 1781 1862 autem
1818 1822 2155 1864 insensibilibus.

1396 1896 1589 1939 Secunda
1617 1897 1844 1940 difficultas
1884 1908 1946 1941 est
1982 1901 2092 1942 circa
2126 1899 2205 1941 hoc
2237 1899 2347 1955 quod

1337 1971 1453 2026 dicit,
1477 1981 1692 2026 peractus
1714 1988 1816 2029 quos
1837 1977 2104 2029 experimur,
2131 1975 2350 2018 concludi¬

1338 2061 1431 2088 mus
1482 2050 1722 2102 potentiam
1784 2051 1996 2104 respicere
2037 2052 2122 2093 tale
2165 2065 2239 2093 ens
2271 2065 2353 2106 pro

1338 2123 1514 2177 objecto.
1564 2126 1626 2166 Ex
1666 2126 1745 2166 hoc
1790 2125 1938 2176 infero,
1987 2128 2098 2182 quod
2131 2136 2234 2170 tunc
2280 2141 2352 2182 per

1337 2198 1463 2239 talem
1486 2208 1625 2242 actum
1648 2200 1943 2244 concludimus
1967 2204 2229 2255 naturaliter,
2257 2203 2355 2244 ulti¬

1340 2287 1457 2316 mum
1492 2274 1620 2317 finem
1645 2290 1739 2318 esse
1760 2278 2085 2320 convenientem
2110 2280 2245 2322 nobis.
2275 2283 2355 2322 Pa¬

1338 2356 1412 2400 tet,
1456 2351 1554 2405 quia
1589 2366 1640 2394 ex
1680 2353 1926 2408 cognitione
1958 2355 2066 2396 entis
2094 2353 2352 2410 imperfecti,

1339 2425 1579 2469 intellectus
1614 2429 1774 2483 appetit
1810 2430 2058 2472 naturaliter
2096 2444 2354 2486 cognoscere

1340 2502 1716 2556 perfectissimum,
1749 2505 1846 2560 quia
1869 2513 2032 2548 tantum
2057 2508 2098 2549 in
2128 2508 2197 2549 illo
2225 2508 2355 2563 perfi¬

1337 2577 1462 2619 citur.
1494 2579 1689 2620 Secundo
1716 2593 1768 2621 ex
1818 2582 1984 2624 actibus
2017 2584 2214 2637 arguitur
2240 2584 2353 2638 quod

1340 2648 1580 2690 intellectus
1621 2649 1747 2691 habet
1783 2651 1974 2693 naturale
2008 2651 2268 2696 desiderium
2303 2655 2354 2696 ad

1339 2731 1464 2759 omne
1491 2731 1566 2760 ens
1586 2733 1594 2769 ;
1638 2733 1741 2774 ergo
1774 2720 1823 2761 ad
1859 2721 2218 2775 perfectissimum
2247 2738 2322 2766 ens
2342 2740 2350 2776 ;

1339 2800 1440 2842 ergo
1481 2801 1532 2829 ex
1571 2790 1736 2831 actibus
1775 2797 1911 2845 potest
1952 2792 2060 2834 scire
2092 2794 2353 2848 perfectissi¬

1339 2871 1455 2898 mum
1484 2871 1558 2900 ens
1587 2872 1682 2901 esse
1716 2860 1930 2915 objectum
1960 2864 2222 2906 conveniens
2253 2865 2348 2906 sibi.

1339 2927 1469 2967 Habet
1505 2928 1632 2969 etiam
1673 2929 1909 2971 naturalem
1951 2932 2268 2975 inclinationem
2302 2934 2351 2976 ad

1337 3010 1507 3038 omnem
1520 2999 1826 3053 cognitionem,
1844 3008 1888 3041 ut
1903 3009 2016 3055 patet
2029 3002 2152 3057 infra,
2167 3017 2352 3057 preesen-

1339 3067 1372 3107 li
1399 3074 1544 3121 qucest.
1571 3075 1611 3109 et
1634 3068 1713 3109 hoc
1735 3069 1955 3124 cognoscit
1982 3085 2026 3113 se
2048 3072 2204 3114 habere
2226 3074 2348 3116 talem

1338 3136 1658 3179 inclinationem
1683 3152 1757 3192 per
1777 3146 1897 3180 actus
1925 3153 2026 3182 suos
2053 3142 2100 3183 ad
2131 3143 2352 3198 perfectis¬

1339 3206 1490 3247 simam
1513 3208 1818 3262 cognitionem,
1845 3222 1940 3263 quae
1968 3218 2031 3252 est
2059 3211 2109 3253 de
2130 3213 2350 3266 perfectis¬

1339 3276 1448 3317 simo
1475 3275 1655 3331 objecto.
1687 3280 1818 3327 Patet,
1850 3279 1947 3333 quia
1971 3294 2238 3336 quacumque
2271 3282 2349 3325 alia

1339 3344 1492 3400 posita,
1516 3355 1556 3388 et
1582 3346 1663 3388 ista
1696 3361 1780 3388 non
1810 3348 1958 3403 posita,
1993 3364 2074 3391 non
2107 3353 2319 3406 quietatur
2338 3368 2346 3402 ;

1336 3428 1438 3470 ergo
1476 3415 1513 3457 si
1553 3430 1625 3471 per
1665 3425 1784 3459 actus
1820 3426 1989 3461 nostros
2034 3421 2344 3475 concludimus,

1336 3491 1417 3532 tale
1456 3491 1669 3546 objectum
1698 3506 1791 3534 esse
1832 3494 2091 3537 conveniens
2130 3498 2345 3551 potentiae,

1336 3566 1632 3609 concludimus
1654 3568 1777 3610 etiam
1802 3567 1851 3611 de
1876 3568 2058 3613 infinito.
