2653 3979
223 324 400 375 cogitari
429 324 582 375 possit;
619 324 755 375 majus
783 328 849 364 est
875 325 988 365 enim
1009 336 1105 365 esse
1125 325 1167 365 in
1188 336 1232 365 re

224 410 352 451 quam
390 400 528 439 solum
566 400 608 438 in
647 400 924 451 cogitatione,
973 402 1071 451 quia
1109 404 1155 440 ut
1191 402 1234 441 in

220 477 480 528 cogitatione
528 477 717 526 praecise,
768 480 833 516 est
877 489 952 517 ens
991 478 1232 518 secundum

222 553 325 602 quid
346 551 695 592 denominatione
717 553 947 593 intrinseca
965 567 974 601 ;
1006 564 1101 593 esse
1129 564 1230 594 vero

220 630 262 667 in
300 638 346 666 re
387 630 452 667 est
490 639 566 668 ens
598 629 847 677 simpliciter
880 630 1230 670 denominatione

220 704 463 743 intrinseca.
496 704 696 754 Sequitur
729 715 832 756 ergo
864 704 981 756 quod
1019 703 1231 746 infinitum

222 789 317 818 esse
340 781 379 819 in
401 790 447 819 re
468 780 521 820 sit
540 780 787 831 simpliciter
806 792 884 831 per
904 792 950 821 se
971 785 1136 822 notum.

275 856 464 896 Tertium
485 861 788 908 argumentum
810 859 970 898 clarum
992 862 1070 900 est.

590 957 849 995 SCHOLIUM.

268 1071 414 1108 Definit
452 1072 767 1118 propositionem
806 1081 880 1118 per
917 1081 958 1108 se
1003 1076 1153 1119 notam,
1192 1078 1230 1110 et

221 1134 335 1171 docet
355 1134 632 1171 definitionem
665 1145 710 1171 ac
744 1135 953 1173 definitum
979 1147 1068 1174 esse
1088 1140 1231 1174 termi¬

221 1208 291 1234 nos
312 1197 533 1235 distinctos.
570 1200 705 1235 Primo
729 1200 825 1245 quia
859 1199 1041 1237 definitio
1061 1204 1121 1237 est
1143 1211 1230 1237 me¬

223 1261 335 1298 dium
357 1263 399 1298 in
421 1262 758 1300 demonstratione
779 1264 987 1308 potissima
1020 1275 1098 1300 non
1131 1265 1232 1301 defi¬

223 1328 368 1362 nitum.
392 1326 573 1362 Secundo
593 1327 694 1362 alias
714 1329 870 1363 tantum
891 1331 1026 1364 essent
1046 1328 1125 1365 duo
1149 1332 1232 1366 ter¬

224 1392 326 1427 mini
367 1392 408 1426 in
424 1391 495 1427 tali
518 1390 871 1435 demonstratione,
895 1402 940 1428 ac
960 1393 1102 1438 petitio
1121 1394 1232 1438 prin¬

221 1455 335 1501 cipii.
376 1455 509 1491 Tertio
548 1455 760 1492 definitum
794 1465 835 1492 se
869 1456 987 1493 habet
1013 1456 1062 1493 ad
1083 1457 1232 1493 defini¬

221 1520 372 1556 tionem
395 1520 500 1556 sicut
518 1522 643 1556 totum
667 1520 716 1555 ad
736 1523 882 1567 partes,
905 1521 1011 1567 quod
1037 1524 1096 1559 est
1114 1523 1231 1568 pejus

221 1583 406 1629 partibus
426 1586 579 1620 notum.

280 1691 537 1744 Quoniam
573 1692 640 1750 (a)
673 1692 956 1738 secundum
997 1692 1230 1740 Philoso¬

224 1766 383 1827 phum
421 1768 463 1814 2.
501 1768 690 1826 Metaph.
726 1770 973 1813 Absurdum
1003 1779 1063 1814 est
1099 1772 1231 1814 simul

222 1859 413 1901 quaerere
460 1845 685 1887 scientiam
739 1853 778 1888 et
821 1846 995 1889 modum
1043 1847 1225 1899 sciendi,

221 1918 333 1965 ideo
357 1919 530 1978 primo
555 1920 844 1979 respondeo
868 1921 930 1967 ad
949 1922 1229 1968 secundam

223 1995 581 2054 quaestionem,
616 2010 728 2055 quae
763 1997 953 2056 quaerit
986 1997 1044 2044 de
1079 1999 1228 2044 modo

222 2072 573 2130 cognoscendi
619 2071 778 2119 istam
825 2076 834 2117 :
882 2076 994 2116 Deus
1039 2082 1127 2127 est;
1177 2076 1227 2120 et

223 2150 476 2207 quantum
506 2148 566 2194 ad
600 2148 775 2201 istam,
808 2150 982 2208 primo
1012 2150 1228 2208 assigno

220 2224 483 2271 rationem
506 2224 892 2285 propositionis
925 2239 1020 2285 per
1053 2240 1107 2272 se
1141 2240 1228 2271 no¬

219 2303 302 2353 tae,
339 2303 390 2348 et
423 2301 536 2348 dico
577 2301 668 2354 sic,
711 2301 845 2360 quod
884 2316 1003 2348 cum
1034 2302 1229 2351 dicitur

221 2376 520 2437 propositio
565 2390 660 2436 per
707 2391 760 2424 se
796 2380 940 2432 nota,
977 2379 1033 2437 ly
1060 2395 1141 2436 per
1168 2396 1226 2434 se,

220 2467 325 2500 non
380 2453 608 2500 excludit
656 2454 942 2512 quamlibet
993 2468 1225 2510 causam,

221 2530 342 2588 quia
362 2542 469 2575 non
493 2529 723 2577 excludit
750 2531 1011 2578 terminos
1040 2546 1229 2592 propo¬

222 2605 448 2652 sitionis.
474 2606 632 2651 Nulla
653 2605 791 2652 enim
816 2608 1114 2667 propositio
1137 2623 1231 2669 per

223 2695 277 2727 se
307 2683 433 2728 nota
468 2684 549 2729 est
579 2683 851 2728 exclusiva
883 2684 1088 2732 notitiae
1127 2686 1229 2732 ter¬

223 2756 506 2809 minorum,
563 2756 683 2817 quia
741 2757 1003 2817 principia
1054 2759 1229 2818 prima

221 2832 596 2890 cognoscimus
622 2833 933 2892 inquantum
968 2835 1229 2881 terminos

221 2908 610 2967 cognoscimus,
648 2909 734 2955 sed
767 2910 1065 2957 excluditur
1093 2925 1230 2970 quae¬

221 2999 444 3044 cumque
485 2998 646 3032 causa
690 2988 741 3033 et
786 2986 942 3039 ratio,
993 3001 1105 3046 quae
1150 2991 1230 3035 est

222 3064 377 3110 extra
417 3075 510 3121 per
550 3075 604 3107 se
637 3064 951 3121 conceptum
979 3063 1230 3110 termino¬

225 3152 344 3185 rum
373 3137 759 3197 propositionis
782 3152 875 3198 per
904 3152 958 3184 se
984 3141 1140 3186 notae.

281 3214 491 3262 Dicitur
525 3213 693 3273 igitur
724 3215 789 3273 (b)
824 3217 834 3260 :
873 3217 1118 3272 Propositio
1152 3232 1232 3273 per

221 3308 264 3336 se
308 3299 427 3343 nota,
458 3306 552 3348 quae
585 3306 639 3334 ex
689 3293 887 3335 terminis
929 3293 1126 3348 propriis
1159 3295 1233 3349 qui

222 3377 323 3413 sunt
359 3368 531 3425 aliquid
576 3371 681 3425 ejus,
729 3376 775 3411 ut
812 3377 911 3411 sunt
950 3371 1055 3425 ejus,
1110 3369 1232 3412 habet

223 3444 447 3487 veritatem
475 3442 732 3485 evidentem.

288 3519 353 3565 Et
404 3530 509 3563 non
560 3517 781 3576 propter
831 3515 1024 3574 aliquid
1075 3515 1229 3569 aliud,

225 3594 357 3658 quod
387 3594 455 3644 sit
486 3594 641 3640 extra
681 3590 940 3641 terminos
981 3591 1232 3656 proprios

1308 323 1462 372 habet
1496 325 1827 379 evidentiam,
1870 327 1956 373 sed
1994 340 2058 372 ex
2104 339 2158 372 se
2203 328 2312 373 tan¬

1306 400 1435 451 tum,
1462 400 1517 444 ut
1539 415 1663 444 omne
1683 409 1815 445 totum
1831 410 1891 444 est
1911 404 2053 458 majus
2073 415 2152 443 sua
2171 408 2308 456 parte.

1361 474 1599 522 Ulterius
1621 477 1700 535 (c),
1731 476 1814 536 qui
1844 478 1965 523 sunt
1992 475 2069 522 illi
2097 474 2313 522 termini

1306 549 1512 608 proprii
1552 564 1615 596 ex
1656 550 1840 610 quibus
1878 550 2025 598 debet
2063 563 2178 596 esse
2212 549 2313 595 evi¬

1305 626 1468 672 dens?
1502 627 1632 679 dico,
1675 628 1808 686 quod
1837 628 2004 687 quoad
2032 626 2147 679 hoc,
2178 626 2313 673 alius

1304 702 1566 749 terminus
1586 705 1667 750 est
1691 702 1942 756 definitio,
1974 703 2110 749 alius
2141 701 2312 749 defini¬

1303 782 1432 833 tum,
1475 782 1526 827 et
1563 780 1662 828 hoc
1703 781 1811 828 sive
1851 780 2184 840 accipiantur
2211 782 2314 826 ter¬

1305 856 1432 902 mini
1501 857 1885 916 propositionis
1945 870 2041 916 pro
2097 855 2312 902 vocibus

1305 933 1744 991 significantibus,
1783 934 1892 980 sive
1924 947 2021 993 pro
2053 932 2312 993 concepti¬

1302 1009 1397 1056 bus
1450 1009 1781 1069 significatis,
1843 1011 1974 1070 quod
2035 1010 2197 1070 probo
2247 1024 2311 1056 ex

1300 1088 1445 1142 primo
1480 1088 1787 1131 Posteriorum,
1827 1086 1949 1145 quia
1983 1087 2096 1143 quod
2123 1087 2228 1143 quid
2254 1094 2312 1129 est

1304 1162 1485 1204 alterius
1523 1163 1707 1205 extremi
1709 1177 1720 1217 ,
1753 1170 1812 1205 est
1846 1162 2034 1205 medium
2063 1163 2110 1204 in
2135 1162 2310 1204 demon¬

1303 1238 1539 1290 stratione;
1561 1249 1688 1296 ergo
1712 1237 1884 1283 altera
1908 1236 2310 1296 praemissarum

1304 1324 1410 1357 non
1431 1311 1604 1360 differt
1627 1327 1656 1360 a
1678 1313 2014 1360 conclusione
2036 1312 2139 1358 nisi
2175 1311 2310 1359 sicut

1304 1387 1573 1434 definitum
1619 1402 1648 1435 a
1692 1389 2009 1442 definitione,
2049 1391 2100 1436 et
2133 1391 2311 1436 tamen

1306 1464 1585 1524 praemissa
1629 1467 1710 1512 est
1756 1465 2072 1525 principium
2122 1478 2215 1524 per
2260 1479 2313 1512 se

1305 1543 1505 1588 notum.
1557 1542 1836 1589 Conclusio
1872 1544 2047 1590 autem
2087 1554 2191 1586 non
2235 1542 2314 1587 est

1305 1629 1401 1676 per
1423 1630 1478 1663 se
1499 1619 1643 1670 nota,
1669 1617 1754 1663 sed
1776 1616 2162 1668 demonstrata;
2187 1628 2314 1675 ergo

1307 1695 1562 1752 quantum
1613 1693 1675 1739 ad
1721 1693 1983 1740 rationem
2030 1692 2315 1752 propositi¬

1307 1768 1420 1815 onis
1469 1783 1560 1829 per
1597 1783 1650 1816 se
1679 1771 1835 1823 notae,
1872 1768 2008 1814 alius
2053 1768 2314 1816 terminus

1304 1848 1384 1894 est
1435 1846 1667 1893 definitio
1719 1859 1749 1892 a
1799 1845 2011 1893 definito
2044 1862 2052 1897 ;
2103 1844 2225 1904 quia
2271 1844 2314 1891 si

1304 1924 1442 1969 esset
1489 1921 1622 1969 idem
1669 1924 1954 1982 conceptus
1993 1921 2312 1968 definitionis

1303 2001 1354 2046 et
1389 1999 1602 2052 definiti,
1640 1999 1692 2045 in
1725 1999 2180 2047 demonstratione
2221 2012 2312 2058 po¬

1301 2074 1514 2122 tissima
1581 2077 1719 2121 esset
1790 2075 1977 2135 petitio
2043 2075 2307 2135 principii,

1304 2151 1436 2198 idem
1476 2154 1600 2198 tunc
1639 2154 1816 2198 essent
1855 2151 1924 2198 ibi
1961 2152 2059 2198 duo
2093 2151 2310 2198 termini

1301 2230 1526 2280 tantum,
1557 2228 1689 2287 quod
1723 2230 1803 2275 est
1831 2226 2041 2274 falsum.

1361 2305 1474 2351 Hoc
1522 2304 1783 2363 probatur
1830 2304 2054 2350 secundo
2099 2303 2173 2350 sic
2220 2317 2313 2363 per

1304 2380 1650 2427 Aristotelem
1674 2383 1714 2426 1.
1740 2379 1949 2439 Physic.
1987 2381 2110 2430 Quod
2133 2383 2312 2424 nomina

1302 2458 1516 2500 sustinent
1554 2457 1611 2499 ad
1651 2457 1949 2510 definitionem
1987 2458 2078 2507 hoc,
2115 2456 2227 2513 quod
2255 2463 2313 2498 to¬

1305 2539 1392 2575 tum
1413 2533 1472 2574 ad
1489 2539 1649 2588 partes,
1677 2531 1722 2576 id
1746 2533 1841 2583 est,
1869 2531 2001 2589 quod
2024 2544 2212 2576 nomen
2235 2532 2315 2576 est

1305 2607 1454 2667 prius
1499 2608 1683 2653 notum
1730 2606 2046 2653 definitione.
2095 2606 2171 2651 Ex
2215 2605 2311 2652 hoc

1306 2682 1569 2741 arguitur,
1602 2682 1927 2742 impossibile
1961 2684 2041 2728 est
2074 2681 2312 2728 eumdem

1304 2761 1616 2818 conceptum
1646 2772 1760 2805 esse
1789 2759 2024 2818 priorem
2059 2760 2110 2804 et
2141 2759 2312 2817 poste¬

1305 2834 1505 2880 riorem
1549 2832 1732 2878 haberi
1789 2834 1840 2878 et
1878 2845 1983 2877 non
2026 2830 2210 2877 haberi
2254 2831 2312 2877 de

1304 2909 1483 2955 eadem
1524 2921 1596 2959 re,
1635 2907 1719 2953 sed
1760 2907 1893 2953 idem
1940 2909 2115 2966 potest
2160 2905 2309 2966 prius

1305 2982 1510 3041 concipi
1571 2981 1852 3027 secundum
1911 2994 2102 3027 nomen
2155 2993 2310 3039 quam

1306 3058 1587 3106 secundum
1609 3057 1992 3109 definitionem;
2017 3070 2205 3102 nomen
2229 3069 2313 3102 au¬

1305 3139 1413 3183 tem
1442 3133 1661 3180 confuse
1689 3133 1948 3192 importat
1978 3132 2109 3191 quod
2144 3132 2315 3178 defini¬

1305 3211 1380 3258 tio
1403 3209 1666 3260 distincte,
1711 3208 1832 3266 quia
1867 3206 2099 3254 definitio
2136 3207 2316 3254 dividit

1306 3286 1358 3332 in
1381 3283 1693 3343 singularia,
1719 3295 1847 3342 ergo
1871 3284 2154 3342 conceptus
2179 3283 2317 3341 quid-

1306 3360 1487 3408 ditatis
1527 3360 1688 3418 prout
1727 3358 2054 3417 importatur
2094 3372 2188 3417 per
2225 3372 2316 3404 no¬

1309 3450 1424 3484 men
1448 3434 1681 3487 confuse,
1712 3436 1791 3480 est
1819 3433 1968 3492 prius
1988 3434 2146 3478 notus
2168 3433 2317 3478 natu¬

1307 3512 1498 3560 raliter
1545 3523 1699 3569 quam
1747 3510 2030 3568 conceptus
2081 3508 2210 3568 ejus,
2258 3510 2315 3555 ut

1308 3589 1638 3653 importatur
1675 3587 1921 3638 distincte
1966 3601 2060 3650 per
2099 3585 2315 3636 definiti-
