2682 3979
353 301 602 359 Respondeo
618 300 667 343 ad
685 299 886 356 primum,
904 295 1173 341 concedendo
1193 294 1305 351 quod

295 380 464 435 cognito
486 385 582 420 ente
610 374 874 431 imperfecto,
899 373 1026 416 habet
1047 370 1306 415 desiderium

295 455 344 499 ad
395 451 741 510 cognoscendum
796 448 1174 505 perfectissimum,
1224 458 1306 488 non

293 539 435 573 tamen
457 527 652 583 sequitur
673 525 785 582 quod
807 525 886 568 sub
908 523 1073 567 ratione
1094 521 1311 579 perfectis¬

295 606 417 656 sima,
451 603 532 646 nisi
562 602 679 658 prius
715 601 916 656 probetur
947 599 1057 655 quod
1091 596 1186 640 talis
1237 609 1309 639 co¬

298 680 435 735 gnitio
449 678 583 734 possit
603 675 835 719 convenire
854 673 1034 724 homini,
1059 671 1169 729 quod
1193 679 1310 713 natu¬

300 756 443 798 raliter
465 754 632 810 probari
657 765 739 794 non
764 757 915 807 potest.
936 751 1144 792 Concesso
1185 747 1310 789 etiam

301 833 411 889 quod
439 832 493 874 sit
526 831 562 874 ei
598 828 800 886 possibile
828 828 890 871 sic
926 834 1126 882 appetere
1155 838 1312 880 cogno¬

302 924 419 954 scere
439 909 563 952 etiam
587 907 727 950 intuiti
735 916 786 948 ve
815 905 933 954 illud,
959 910 1140 960 negatur
1171 910 1313 944 tamen

305 986 414 1041 quod
439 991 658 1040 propterea
682 981 919 1024 intellectus
936 993 1010 1034 per
1025 986 1164 1021 actum
1188 989 1314 1019 suum

308 1061 440 1118 possit
479 1058 726 1102 naturaliter
761 1069 1033 1112 cognoscere,
1076 1068 1121 1096 se
1160 1053 1316 1094 habere

303 1137 386 1179 tale
410 1134 667 1178 desiderium
691 1133 771 1176 sub
799 1132 868 1173 illa
889 1130 1052 1173 ratione
1086 1141 1168 1183 qua
1196 1126 1314 1168 incli¬

307 1219 430 1253 natur
464 1209 512 1252 ad
542 1208 659 1250 illud.
698 1206 758 1249 Ad
794 1204 1028 1248 secundum
1065 1203 1173 1251 dico,
1205 1200 1314 1255 quod

304 1287 373 1328 illa
397 1283 629 1341 propositio
652 1296 735 1325 non
763 1279 1017 1336 intelligitur
1043 1278 1094 1320 de
1116 1290 1316 1333 quacum¬

302 1375 384 1418 que
422 1359 682 1417 cognitione,
724 1357 886 1400 scilicet
930 1355 1041 1410 quod
1087 1352 1317 1395 inclinetur

302 1437 551 1479 naturaliter
573 1435 622 1477 ad
644 1433 932 1490 cognitionem
962 1428 1315 1486 perfectissimam

301 1513 609 1567 cujuscumque
649 1509 785 1560 entis;
836 1515 877 1550 et
922 1506 1059 1563 posito
1099 1503 1209 1560 quod
1257 1503 1318 1545 sic

303 1588 548 1638 inclinetur,
579 1599 662 1628 non
690 1592 829 1627 tamen
854 1584 904 1626 ad
925 1581 1169 1625 intuitivam
1192 1579 1317 1634 primi

305 1664 431 1714 entis,
468 1662 550 1705 nisi
579 1661 780 1717 probetur
814 1659 926 1702 illam
957 1671 1051 1700 esse
1072 1654 1319 1711 possibilem

305 1739 486 1782 homini.
523 1737 663 1780 Posito
691 1734 817 1780 etiam
845 1734 957 1790 quod
979 1733 1041 1775 sic
1072 1731 1316 1781 inclinetur,

309 1829 391 1857 non
433 1814 625 1871 sequitur
655 1812 766 1868 quod
802 1810 1041 1853 intellectus
1076 1821 1149 1863 per
1181 1814 1318 1848 actum

309 1904 436 1934 suum
471 1887 606 1945 possit
633 1886 881 1930 naturaliter
908 1895 1167 1939 cognoscere
1193 1881 1254 1923 sic
1276 1894 1322 1922 se

309 1966 520 2009 inclinari.
552 1967 637 2006 Hoc
662 1963 774 2005 idem
795 1961 889 2003 dico
917 1960 967 2003 ad
994 1959 1108 2001 illam
1131 1956 1325 2013 proposi¬

311 2042 468 2084 tionem
499 2038 706 2090 Doctoris,
743 2037 906 2080 scilicet
938 2035 1050 2091 quod
1085 2033 1324 2076 intellectus

312 2116 561 2159 naturaliter
605 2114 835 2156 inclinatur
873 2112 922 2154 ad
962 2124 1132 2153 omnem
1173 2109 1323 2164 cogni¬

313 2193 489 2242 tionem,
532 2198 570 2233 et
612 2202 881 2246 quacumque
919 2185 1166 2229 naturaliter
1198 2183 1327 2240 perfi¬

318 2268 441 2312 citur.

377 2354 518 2397 Tertia
538 2352 765 2396 difficultas
793 2358 855 2394 est
878 2351 919 2392 in
941 2350 1035 2401 hoc,
1074 2348 1185 2405 quod
1209 2348 1329 2390 vide¬

321 2436 390 2471 tur
423 2427 655 2471 concedere
681 2423 977 2480 respondendo
1004 2423 1054 2465 ad
1081 2425 1328 2473 Averroem,

322 2503 434 2559 quod
462 2504 497 2546 si
520 2501 758 2544 intellectus
786 2501 960 2542 haberet
981 2513 1056 2541 ens
1078 2499 1331 2554 inquantum

321 2595 397 2623 ens
417 2595 493 2636 pro
532 2580 698 2636 objecto
722 2577 960 2633 adaequato,
985 2575 1099 2632 quod
1128 2573 1333 2616 naturali¬

320 2664 384 2699 ter
405 2662 547 2711 posset
568 2656 611 2697 in
632 2654 931 2710 quodcumque
950 2665 1043 2703 ens,
1067 2658 1107 2693 et
1127 2649 1189 2693 sic
1215 2656 1333 2691 natu¬

319 2731 463 2774 raliter
490 2738 632 2787 posset
659 2743 918 2786 cognoscere
949 2726 1146 2769 ultimum
1186 2725 1330 2767 finem.

318 2809 371 2849 Et
401 2807 443 2848 in
473 2808 552 2849 hoc
578 2806 749 2849 videtur
780 2804 863 2847 sibi
890 2802 1194 2852 contradicere,
1238 2800 1336 2856 quia

323 2883 424 2924 dicit
450 2895 652 2938 expresse
685 2880 796 2938 quod
835 2879 1076 2922 intellectus
1111 2882 1336 2931 separatus

321 2971 411 2999 non
434 2963 571 3012 potest
597 2971 652 2998 ex
682 2957 809 3012 puris
834 2953 1108 2997 naturalibus
1136 2952 1336 2995 distincte

323 3045 577 3088 cognoscere
605 3032 807 3072 ultimum
826 3030 958 3082 finem
992 3029 1039 3069 in
1065 3041 1123 3077 se,
1154 3033 1200 3068 ut
1226 3032 1339 3080 patet

324 3114 471 3162 qucest.
517 3107 584 3155 14.
628 3105 784 3155 Quodl.
815 3112 854 3146 et
883 3104 926 3146 d.
969 3105 1009 3158 3.
1052 3117 1091 3158 q.
1134 3104 1174 3145 9.
1218 3103 1258 3142 2.
1288 3102 1339 3142 Et

325 3189 467 3224 tamen
490 3181 684 3225 concedit
705 3182 809 3237 ipse,
836 3178 948 3236 quod
968 3179 1059 3220 Ens
1081 3180 1339 3233 inquantum

328 3272 417 3308 ens,
449 3265 509 3299 est
546 3256 751 3312 objectum
785 3255 1060 3310 adaequatum
1099 3252 1340 3295 intellectus

325 3333 481 3382 nostri,
524 3338 564 3373 et
603 3331 683 3372 hoc
720 3343 772 3372 ex
811 3335 960 3370 natura
998 3327 1251 3377 intellectus,
1297 3332 1340 3367 ut

327 3414 443 3462 patet
469 3405 578 3448 infra
599 3405 701 3448 dist.
731 3408 773 3459 3.
797 3411 944 3459 qucest.
969 3406 1010 3445 3.
1040 3410 1080 3445 et
1108 3403 1210 3445 dist.
1236 3405 1275 3444 1.
1299 3409 1339 3443 et

329 3483 456 3533 alibi;
499 3494 601 3537 ergo
647 3495 696 3523 ex
738 3480 854 3535 puris
896 3479 1160 3521 naturalibus
1203 3483 1340 3532 potest

331 3571 589 3613 cognoscere
618 3555 759 3599 Deum
781 3555 859 3597 sub
882 3554 1044 3597 ratione
1071 3552 1259 3595 Deitatis.

1438 293 1702 349 Respondeo,
1727 292 1837 350 quod
1859 293 1939 335 ista
1958 299 2073 334 stant
2098 291 2242 341 simul,
2272 289 2383 346 quod

1382 370 1618 412 intellectus
1645 370 1795 413 habeat
1829 384 1904 413 ens
1933 370 2183 425 inquantum
2213 381 2288 409 ens
2311 380 2385 422 pro

1379 443 1544 498 objecto
1571 442 1807 498 adaequato,
1839 449 1878 484 et
1904 441 2014 498 quod
2038 440 2282 482 naturaliter
2305 451 2387 480 non

1381 524 1611 574 cognoscat
1637 518 1854 573 quodlibet
1890 530 1967 560 ens
1997 523 2260 566 contentum,
2290 514 2390 570 quia

1381 592 1431 634 ad
1455 593 1739 648 cognitionem
1763 593 1917 648 objecti
1946 605 2029 634 non
2061 601 2224 634 tantum
2247 590 2390 646 requi¬

1384 668 1489 710 ritur
1525 668 1725 724 potentia,
1763 667 1835 710 sed
1869 668 1994 710 etiam
2027 666 2259 722 requiritur
2281 679 2392 720 prae¬

1384 744 1520 786 sentia
1565 744 1735 800 objecti,
1771 743 1837 786 vel
1879 744 1920 784 in
1960 757 2006 785 se
2062 743 2128 784 vel
2171 741 2213 782 in
2254 740 2395 797 aliquo

1387 819 1753 874 repraesentativo,
1802 825 1845 860 ut
1892 824 2004 873 patet
2049 817 2156 860 infra
2201 817 2302 860 dist.
2352 818 2392 858 3.

1388 902 1532 949 qucest.
1569 896 1610 936 0.
1652 897 1701 936 Ei
1733 893 1858 936 etiam
1901 893 2132 949 requiritur
2163 892 2274 949 quod
2315 893 2398 934 tale

1388 970 1598 1025 objectum
1627 977 1849 1012 concurrat
1868 970 2007 1011 active
2032 968 2081 1010 ad
2111 967 2397 1024 cognitionem

1391 1045 1519 1096 illam,
1556 1045 1622 1086 vel
1653 1044 1813 1101 aliquid
1840 1044 2044 1100 supplens
2068 1044 2202 1086 vicem
2225 1044 2395 1097 objecti,

1391 1129 1435 1161 ut
1463 1127 1577 1175 patet
1615 1119 1725 1162 infra
1762 1119 1865 1162 dist.
1908 1123 1949 1175 3.
1999 1127 2145 1174 qucest.
2186 1121 2225 1160 1.
2273 1125 2313 1159 et
2351 1119 2400 1160 in

1395 1193 1594 1241 Quodlib.
1621 1200 1766 1248 qucest.
1798 1195 1860 1234 14.
1885 1200 1922 1234 et
1945 1193 2013 1236 15.
2045 1192 2124 1234 Sed
2154 1200 2291 1232 tamen
2322 1191 2400 1233 ista

1389 1267 1635 1311 conceditur
1659 1283 1666 1310 :
1693 1271 1833 1310 Potest
1854 1281 2112 1324 cognoscere
2126 1281 2201 1310 ens
2226 1267 2400 1322 inquan¬

1390 1351 1480 1386 tum
1510 1357 1602 1395 ens,
1634 1352 1680 1386 ut
1709 1343 1979 1399 adaequatum
2005 1344 2217 1398 objectum
2240 1341 2400 1383 intelle¬

1391 1426 1483 1464 ctus
1499 1435 1507 1471 ;
1555 1432 1657 1475 ergo
1703 1426 1842 1475 potest
1886 1431 2145 1475 cognoscere
2183 1417 2403 1473 quodlibet

1391 1502 1652 1538 contentum.
1678 1494 1758 1537 Sed
1783 1495 1822 1536 in
1847 1494 2063 1550 proposito
2085 1500 2265 1549 negatur
2289 1491 2402 1548 quod

1393 1571 1634 1613 intellectus
1651 1577 1872 1624 separatus
1894 1569 2026 1625 possit
2045 1581 2301 1624 cognoscere
2328 1580 2403 1609 ens

1395 1647 1647 1702 inquantum
1686 1657 1760 1687 ens
1801 1644 2062 1696 naturaliter,
2113 1644 2210 1686 licet
2253 1643 2401 1686 habeat

1395 1736 1469 1764 ens
1492 1722 1742 1777 inquantum
1767 1734 1842 1763 ens
1865 1734 1939 1775 pro
1977 1720 2141 1776 objecto
2162 1719 2398 1774 adaequato.

2426 1824 2426 1856 A]ia
1455 1797 1497 1839 Si
1525 1796 1686 1838 dicatur
1714 1809 1787 1852 per
1822 1795 1980 1838 dictum
2019 1795 2208 1837 Doctoris
2247 1795 2286 1836 in
2326 1795 2403 1856 ista

1397 1872 1650 1928 quaestione,
1682 1872 1792 1929 quod
1825 1873 1907 1914 Cui
1932 1872 2198 1914 naturaliter
2223 1878 2325 1912 nola
2345 1876 2405 1912 est

1396 1950 1547 2005 aliqua
1571 1950 1782 2004 potentia,
1812 1950 1853 1990 ei
1877 1949 2142 1990 naturaliter
2165 1954 2315 1989 notum
2349 1953 2408 1988 est

1397 2025 1604 2081 objectum
1626 2025 1747 2066 illius
1765 2025 1984 2078 potentiae.
2019 2025 2120 2065 Cum
2149 2035 2251 2077 ergo
2283 2022 2408 2064 intel¬

1400 2099 1534 2142 lectus
1561 2107 1779 2154 separatus
1813 2098 2059 2141 naturaliter
2085 2104 2314 2153 cognoscat
2340 2109 2409 2139 se-

1401 2174 1540 2230 ipsum
1585 2175 1665 2216 sub
1685 2175 1849 2218 ratione
1875 2174 2045 2230 propria
2073 2182 2114 2215 et
2139 2171 2413 2215 distinctissi¬

1403 2262 1469 2291 ma
1489 2264 1497 2300 ;
1543 2262 1644 2304 ergo
1687 2248 1935 2290 naturaliter
1972 2255 2118 2290 notum
2158 2247 2240 2289 erit
2271 2247 2307 2289 ei
2338 2259 2414 2288 ens

1404 2325 1656 2381 inquantum
1690 2338 1782 2376 ens,
1825 2337 1919 2366 cum
1963 2324 2018 2367 sit
2061 2325 2153 2380 ejus
2197 2324 2412 2378 objectum

1404 2401 1692 2456 adaequatum.

1464 2477 1578 2527 Dico,
1610 2475 1721 2531 quod
1749 2475 1829 2517 ista
1854 2474 2088 2531 propositio
2116 2474 2240 2517 debet
2263 2474 2324 2517 sic
2351 2463 2418 2516 in-

1406 2551 1541 2607 telligi
1579 2565 1586 2592 :
1618 2550 1653 2593 si
1687 2550 1810 2593 alicui
1845 2557 1943 2593 nota
1975 2558 2038 2592 est
2065 2550 2203 2606 aliqua
2232 2549 2418 2605 potentia

1408 2628 1485 2669 sub
1508 2627 1670 2669 ratione
1701 2625 1914 2678 distincta,
1947 2632 1987 2668 et
2018 2626 2097 2668 sub
2133 2626 2203 2668 illa
2258 2626 2420 2668 ratione

1408 2717 1488 2759 qua
1515 2702 1687 2757 respicit
1713 2701 1925 2757 objectum
1955 2700 2241 2757 adaequatum,
2273 2701 2311 2743 ei
2346 2714 2419 2742 no¬

1408 2786 1499 2820 tum
1532 2780 1613 2820 erit
1645 2777 1727 2819 tale
1752 2777 1982 2833 objectum.
2023 2777 2104 2818 Sed
2132 2777 2176 2819 in
2203 2776 2420 2832 proposito

1410 2853 1507 2895 licet
1551 2852 1788 2896 intellectus
1839 2858 2058 2907 separatus
2102 2858 2331 2907 cognoscat
2376 2865 2422 2894 se

1412 2929 1550 2984 ipsum
1606 2929 1685 2971 sub
1737 2927 1899 2970 ratione
1951 2926 2293 2977 distinctissima,
2338 2939 2420 2968 non

1410 3013 1554 3048 tamen
1592 3005 1672 3046 sub
1700 3004 1769 3046 illa
1797 3003 1974 3054 ratione,
2014 3016 2097 3057 qua
2136 3002 2310 3056 respicit
2348 3015 2423 3045 ens

1414 3082 1663 3137 inquantum
1691 3092 1766 3122 ens
1810 3079 1888 3121 sub
1920 3079 2080 3120 ratione
2106 3078 2339 3133 adaequata.
2375 3080 2425 3120 Et

1412 3157 1474 3199 sic
1507 3163 1619 3211 patet
1655 3154 1866 3212 quomodo
1905 3156 2055 3196 Doctor
2094 3153 2174 3195 sibi
2214 3166 2298 3194 non
2324 3166 2424 3195 con¬

1413 3231 1595 3274 tradicit.

1471 3318 1527 3376 (e)
1575 3317 1698 3366 Quod
1741 3322 1883 3358 autem
1925 3315 2123 3365 additur,
2166 3322 2244 3358 etc.
2293 3319 2422 3360 Actus

1414 3395 1578 3450 primus
1628 3407 1703 3448 pro
1731 3405 1844 3434 nunc
1876 3399 1939 3433 est
1971 3390 2227 3446 principium
2273 3405 2422 3446 opera¬

1414 3470 1558 3518 tionis,
1590 3475 1708 3510 actus
1761 3466 1972 3509 secundus
1993 3474 2056 3507 est
2076 3467 2280 3521 operatio.
2304 3468 2354 3509 Et
2382 3467 2423 3508 in

1416 3543 1646 3601 proposito,
1677 3541 1915 3584 intellectus
1937 3547 1999 3583 est
2024 3540 2242 3584 sufficiens
2266 3542 2422 3598 princi-
