2740 3979
378 343 462 383 imo
483 345 550 384 vel
571 344 910 393 demonstratur,
933 345 1000 384 vel
1024 346 1176 385 saltem
1203 356 1382 396 persua¬

379 419 518 466 detur,
551 423 593 458 et
612 420 751 460 adhuc
768 431 854 459 non
874 430 952 468 per
980 430 1026 459 se
1048 423 1216 466 notum,
1240 425 1382 470 partes

377 495 431 534 ad
451 495 633 534 invicem
657 505 751 534 esse
782 494 1114 544 compossibiles.
1144 495 1250 534 Tum
1285 496 1383 545 quia

375 581 461 610 non
483 574 548 610 est
566 581 645 620 per
659 581 706 609 se
725 573 891 618 notum,
922 581 1050 609 unam
1085 571 1273 610 contrahi
1308 582 1384 621 per

376 648 515 694 aliam,
548 649 629 686 etc.

427 721 486 773 (d)
526 723 689 760 Dicitur
695 733 702 771 ,
744 723 859 771 quod
884 723 969 761 haec
992 723 1184 772 proposit
1195 725 1202 744 :
1207 733 1229 760 o
1250 734 1264 760 :
1293 732 1383 771 ope-

375 810 476 838 rans
507 803 600 837 actu
624 802 692 837 est.
718 799 815 838 Hsec
844 799 984 838 littera
1012 799 1141 849 hujus
1172 797 1383 846 opinionis

375 870 435 913 sic
467 873 594 912 debet
614 873 807 924 intelligi,
835 873 998 912 scilicet
1036 884 1133 912 cum
1172 871 1349 911 dicimus
1376 883 1383 909 :

375 952 473 989 Actu
504 960 682 998 operans
713 954 784 995 est,
826 951 860 988 si
903 949 1105 998 prsedicat
1143 946 1384 987 secundum

374 1024 594 1075 adjacens,
638 1035 792 1065 sensus
825 1030 888 1065 est
926 1025 1041 1075 quod
1073 1034 1258 1075 operans
1288 1026 1386 1062 actu

373 1111 488 1140 nunc
518 1102 686 1149 existit;
714 1105 760 1140 ut
782 1112 882 1142 vero
904 1101 1104 1152 prsedicat
1133 1102 1317 1149 tertium,
1344 1105 1386 1141 et

371 1177 454 1217 hoc
472 1176 761 1223 habilualiter,
789 1187 943 1216 sensus
964 1179 1043 1225 est,
1067 1181 1162 1216 actu
1191 1187 1383 1226 operans,

373 1252 415 1292 id
437 1255 517 1298 est,
559 1255 706 1302 aptum
729 1254 876 1291 natum
906 1254 1090 1303 operari,
1132 1254 1211 1292 est.
1246 1252 1383 1291 Primo

373 1326 501 1368 modo
532 1338 614 1366 non
645 1333 710 1367 est
737 1339 815 1377 per
847 1339 893 1367 se
927 1331 1044 1376 nola,
1085 1327 1163 1367 sed
1191 1327 1383 1368 secundo

373 1403 519 1443 modo.
544 1403 628 1442 Sed
654 1404 811 1443 Doctor
840 1404 1052 1454 improbat
1072 1404 1180 1443 hanc
1208 1414 1384 1454 respon¬

374 1482 541 1520 sionem
569 1480 627 1519 ibi
651 1483 658 1518 :
702 1480 788 1518 Sed
817 1479 894 1518 hoc
934 1491 1017 1518 non
1048 1483 1104 1518 est
1141 1480 1275 1528 logice
1319 1479 1386 1518 di¬

375 1560 501 1603 ctum,
525 1558 603 1595 etc.
626 1557 676 1596 Et
700 1566 856 1595 sensus
885 1556 1030 1595 litterae
1062 1560 1138 1603 est,
1172 1555 1288 1606 quod
1317 1556 1386 1595 illa

373 1633 606 1682 propositio
653 1634 825 1682 proprie
889 1631 1098 1681 prsedicat
1145 1633 1386 1671 secundum

374 1708 595 1759 adjacens,
633 1708 676 1747 in
708 1719 791 1758 qua
820 1709 986 1747 nullum
1025 1708 1140 1747 aliud
1179 1707 1386 1757 praedica¬

375 1787 464 1823 tum
495 1787 575 1830 est,
606 1794 734 1834 quam
769 1795 845 1823 ens
882 1784 1229 1823 subintelleclum
1268 1785 1311 1823 in
1343 1786 1387 1836 ly

374 1866 442 1909 est,
467 1861 717 1910 exemplum
749 1864 757 1900 :
782 1864 912 1900 Homo
934 1865 1006 1900 est.
1038 1862 1109 1900 Illa
1150 1872 1247 1901 vero
1284 1872 1385 1912 prse¬

376 1936 489 1976 dicat
518 1938 690 1976 tertium
709 1937 932 1989 adjacens,
973 1947 1070 1988 quse
1109 1938 1240 1976 habet
1272 1937 1387 1977 aliud

375 2012 663 2062 praedicatum,
690 2023 818 2064 quam
838 2013 881 2064 ly
914 2024 982 2052 ens
1019 2013 1384 2061 subintelleclum,

375 2090 422 2128 ut
436 2090 558 2128 homo
588 2092 644 2128 est
665 2089 928 2128 Substantia.

429 2163 485 2217 (e)
524 2166 616 2204 Ideo
655 2164 782 2203 aliter
809 2166 1033 2213 respondeo
1063 2167 1120 2206 ad
1153 2167 1382 2205 instantias.

372 2246 481 2285 Dicit
501 2247 658 2285 Doctor
679 2245 797 2295 quod
828 2256 915 2284 non
954 2244 1108 2285 sufficit
1141 2246 1195 2286 ad
1232 2258 1384 2298 propo¬

372 2321 571 2360 sitionem
601 2331 679 2370 per
717 2331 762 2359 se
801 2325 960 2366 notam,
992 2320 1110 2371 quod
1141 2323 1385 2372 oppositum

374 2396 590 2447 praedicati
618 2399 835 2446 repugnet
864 2395 1077 2446 subjecto,
1100 2395 1179 2434 sed
1201 2395 1284 2435 duo
1314 2407 1382 2435 re¬

373 2473 612 2522 quiruntur.
645 2470 798 2517 Primo,
823 2469 940 2520 quod
961 2470 1014 2509 sit
1053 2482 1130 2520 per
1158 2481 1205 2510 se
1236 2475 1384 2511 notum

372 2549 618 2599 oppositum
647 2545 862 2596 praedicati
890 2557 1139 2598 repugnare
1161 2548 1383 2600 subjecto;

376 2628 419 2664 et
439 2626 519 2664 hoc
539 2626 658 2674 patet
686 2634 765 2674 per
778 2624 1055 2664 Aristotelem
1088 2625 1120 2663 1.
1156 2625 1381 2666 Posterior,

377 2704 562 2741 contexi.
597 2701 636 2739 6.
668 2701 787 2739 Sicut
813 2701 1006 2748 primum
1038 2701 1300 2750 principium
1329 2704 1386 2740 est

375 2777 637 2815 notissimum
656 2776 700 2813 in
717 2777 910 2820 veritate,
932 2777 991 2814 ita
1006 2778 1238 2826 oppositum
1251 2778 1390 2826 primi

369 2852 578 2900 principii
600 2852 678 2890 erit
698 2851 962 2890 notissimum
984 2853 1027 2890 in
1062 2853 1264 2900 falsitate.
1307 2854 1382 2893 Se¬

377 2926 517 2966 cundo
551 2928 679 2966 etiam
716 2926 962 2977 requiritur,
1003 2927 1120 2977 quod
1156 2928 1210 2967 sit
1242 2940 1319 2980 per
1338 2940 1385 2969 se

376 3008 538 3050 notum,
573 3005 716 3052 paries
736 3002 916 3053 subjecti
938 3014 1013 3052 per
1033 3014 1080 3042 se
1099 3004 1224 3051 uniri,
1245 3005 1280 3043 si
1299 3016 1386 3044 non

379 3079 478 3118 dicit
510 3082 767 3128 conceptum
805 3089 882 3128 per
914 3088 960 3117 se
999 3079 1247 3128 simpliciter
1282 3080 1386 3118 sim¬

382 3155 546 3202 plicem.

431 3229 479 3281 (f)
510 3233 663 3271 Contra
682 3231 807 3270 istud.
842 3229 918 3268 Pro
949 3229 1229 3280 intelligentia
1258 3231 1385 3282 hujus

377 3306 539 3351 litterae,
563 3304 732 3345 declaro
755 3305 870 3344 illam
891 3316 970 3355 per
999 3307 1242 3355 exemplum
1268 3309 1275 3346 :
1307 3309 1385 3346 Ho¬

378 3393 446 3421 mo
467 3386 522 3421 est
543 3382 719 3429 animal,
751 3385 851 3420 tunc
877 3382 936 3421 sic
960 3384 968 3420 :
1000 3384 1130 3420 Homo
1169 3386 1252 3429 est,
1286 3393 1384 3431 ergo

381 3457 544 3496 animal
573 3460 643 3495 est.
667 3456 922 3507 Oppositum
958 3459 1264 3507 consequentis
1304 3461 1383 3505 est,

381 3544 460 3572 non
503 3532 676 3579 animal,
726 3544 825 3572 nam
870 3534 949 3572 ista
990 3538 1236 3584 repugnant
1268 3533 1385 3584 quod

382 3609 506 3648 homo
527 3610 591 3656 sit,
624 3611 667 3647 et
687 3609 843 3648 animal
875 3620 963 3649 non
982 3611 1034 3649 sit
1067 3623 1076 3650 :
1107 3610 1140 3649 si
1172 3620 1274 3661 ergo
1303 3620 1386 3650 non

1457 347 1620 387 animal
1649 355 1865 401 repugnat
1901 352 2076 401 homini,
2113 365 2214 406 ergo
2264 356 2299 395 si
2336 355 2462 397 homo

1457 426 1536 470 est,
1577 425 1732 464 animal
1763 430 1841 466 est.
1883 428 1930 466 Et
1968 431 2140 479 quando
2193 430 2308 478 dicit,
2349 431 2465 482 quod

1458 501 1765 549 consequentia
1797 503 1877 540 erit
1896 503 2024 552 bona,
2065 505 2226 545 scilicet
2264 506 2464 556 ponendo

1456 574 1702 625 subjectum
1740 577 1781 615 in
1820 579 2130 628 antecedente,
2172 584 2270 631 puta
2323 583 2465 633 subje¬

1457 654 1572 690 ctum
1601 652 1730 704 hujus
1755 656 2058 704 propositionis
2091 660 2100 695 :
2136 660 2266 696 Homo
2293 661 2349 697 est
2378 660 2466 698 ani¬

1457 729 1560 776 mal,
1582 729 1640 768 sic
1663 728 1844 769 dicendo
1868 733 1997 769 Homo
2019 734 2088 777 est,
2114 735 2154 770 et
2182 733 2401 782 ponendo,
2424 734 2466 773 id

1458 808 1537 852 est,
1572 804 1824 846 affirmando
1856 805 2133 855 praedicatum
2171 807 2280 847 illius
2312 821 2466 859 propo¬

1457 881 1621 920 sitionis
1667 883 1710 920 in
1777 884 2072 932 consequente
2096 913 2105 928 ,
2153 882 2314 923 scilicet
2368 896 2467 933 ergo

1459 957 1621 996 animal
1641 961 1710 996 est.
1736 957 1813 996 Ista
1835 957 1949 996 enim
1971 961 2280 1009 consequentia
2297 962 2304 999 :
2337 962 2468 999 Homo

1458 1038 1530 1080 est,
1565 1044 1664 1082 ergo
1695 1033 1859 1072 animal
1897 1038 1967 1080 est,
2011 1037 2129 1073 tenet
2165 1036 2321 1075 virtute
2356 1036 2468 1075 illius

1461 1108 1728 1160 categoricae,
1776 1107 1978 1148 videlicet
2014 1112 2145 1148 Homo
2193 1115 2248 1150 est
2289 1111 2466 1151 animal.

1457 1184 1523 1224 Sic
1560 1185 1604 1225 in
1624 1185 1844 1234 proposito
1873 1194 1966 1223 cum
2008 1183 2108 1224 dicit
2155 1186 2313 1226 Doctor
2337 1187 2364 1224 A
2406 1189 2472 1225 est

1458 1271 1637 1300 necesse
1661 1271 1756 1300 esse
1775 1272 1784 1308 ;
1808 1262 1910 1311 ergo
1940 1262 1967 1299 A
1991 1264 2069 1308 est,
2092 1260 2371 1312 intelligendo
2393 1272 2471 1311 per

1457 1340 1485 1377 A
1522 1337 1663 1387 ipsum
1685 1337 1838 1382 Deum,
1879 1339 1982 1386 puta
2020 1338 2136 1376 Deus
2177 1340 2242 1376 est
2286 1347 2468 1376 necesse

1459 1424 1580 1459 esse;
1618 1423 1720 1463 ergo
1760 1413 1874 1451 Deus
1908 1416 1997 1459 est;
2037 1413 2125 1452 haec
2156 1415 2469 1463 consequentia

1461 1492 1578 1528 tenet
1609 1488 1762 1528 virtute
1800 1488 1928 1539 hujus
1968 1489 2224 1539 categoricae
2250 1491 2258 1528 :
2282 1491 2391 1528 Deus
2411 1493 2467 1529 est

1458 1575 1617 1604 necesse
1638 1574 1736 1610 esse,
1768 1565 1866 1614 quia
1897 1564 1991 1602 talis
2013 1564 2254 1614 categorica
2277 1565 2368 1603 unit
2387 1563 2468 1603 ista

1460 1643 1652 1679 extrema
1680 1639 1722 1678 in
1758 1638 2046 1678 antecedente
2079 1643 2121 1678 et
2153 1643 2467 1689 consequente,

1458 1716 1657 1756 videlicet
1676 1716 1753 1755 ista
1787 1714 2031 1766 categorica
2054 1718 2061 1754 :
2104 1718 2213 1754 Deus
2243 1718 2299 1754 est
2329 1727 2469 1754 neces¬

1458 1805 1500 1833 se
1520 1804 1618 1840 esse,
1642 1803 1740 1841 ergo
1761 1794 1867 1831 Deus
1883 1794 1938 1830 est
1952 1804 1960 1838 ;
1985 1791 2052 1830 vel
2083 1790 2265 1832 dicendo
2288 1792 2296 1831 :
2330 1792 2470 1833 Neces¬

1459 1880 1500 1908 se
1519 1878 1604 1907 esse
1621 1871 1675 1906 est
1692 1869 1800 1907 Deus
1822 1882 1831 1909 ;
1850 1877 1950 1915 ergo
1968 1877 2126 1906 necesse
2147 1878 2232 1906 esse
2264 1871 2334 1914 est,
2371 1878 2469 1917 ergo

1459 1946 1568 1983 Deus
1583 1946 1653 1983 est.
1680 1941 1798 1982 Idem
1830 1942 1924 1981 dico
1957 1941 2128 1992 quando
2159 1942 2354 1989 dicimus,
2377 1955 2468 1993 ope¬

1458 2029 1558 2058 rans
1587 2021 1682 2057 actu
1721 2020 1791 2056 est.
1824 2018 1981 2056 Doctor
2008 2017 2241 2068 respondet
2275 2018 2330 2057 ad
2358 2019 2469 2059 hanc

1459 2095 1749 2145 objectionem
1786 2092 1843 2132 ibi
1879 2095 1886 2132 :
1919 2094 2175 2142 Respondeo,
2220 2095 2388 2143 quando
2424 2096 2466 2134 in

1457 2169 1730 2215 antecedente,
1754 2170 1828 2206 etc.

1513 2243 1573 2296 (g)
1602 2245 1658 2283 Ita
1695 2244 1739 2282 in
1774 2244 2010 2292 proposito.
2054 2243 2336 2283 Includuntur
2383 2245 2466 2285 duo

1459 2319 1670 2368 opposita,
1701 2319 1810 2357 sicut
1830 2316 1897 2357 hic
1934 2318 2057 2357 homo
2094 2319 2383 2366 irrationalis',
2427 2322 2469 2359 et

1459 2394 1631 2444 quando
1654 2392 1831 2432 infertur
1851 2403 2124 2444 consequens
2159 2406 2211 2434 ex
2242 2396 2312 2434 tali
2346 2400 2466 2435 ante¬

1457 2470 1638 2510 cedente
1668 2468 1955 2521 (consequens
1977 2469 2070 2508 dico
2092 2470 2258 2521 verum)
2278 2483 2364 2511 non
2405 2474 2465 2512 in¬

1454 2546 1590 2586 fertur
1612 2545 1777 2585 ratione
1808 2548 1936 2585 totius
1966 2546 2287 2595 antecedentis;
2329 2551 2466 2598 patet,

1458 2623 1556 2672 quia
1595 2620 1859 2660 antecedens
1889 2624 1954 2660 est
1991 2621 2240 2670 simpliciter
2273 2623 2466 2673 impossi¬

1457 2698 1541 2737 bile
1581 2700 1621 2736 et
1642 2697 2005 2746 incompossibile,
2039 2700 2082 2736 et
2101 2708 2179 2746 per
2200 2708 2472 2750 consequens

1460 2785 1511 2814 ex
1543 2774 1613 2813 tali
1632 2785 1719 2813 non
1749 2776 1890 2824 potest
1920 2773 2062 2812 inferri
2099 2775 2386 2815 essentialiter
2432 2780 2474 2817 et

1457 2850 1693 2890 formaliter
1715 2859 1988 2900 consequens
2021 2861 2185 2889 verum.
2219 2850 2330 2890 Licet
2361 2853 2476 2892 enim

1460 2935 1512 2962 ex
1548 2923 1656 2963 falso
1686 2926 1822 2974 possit
1860 2924 1983 2975 sequi
2027 2935 2199 2973 verum,
2252 2937 2476 2977 nunquam

1460 3009 1603 3045 tamen
1627 3017 1680 3045 ex
1716 3004 1823 3045 falso
1847 3007 2132 3046 essentialiter
2155 3010 2198 3047 et
2224 3006 2388 3049 formali
2398 3012 2474 3067 ter,

1458 3082 1546 3121 sive
1574 3093 1653 3132 per
1683 3093 1729 3121 se
1751 3084 1894 3132 potest
1934 3084 2056 3133 sequi
2090 3094 2253 3130 verum,
2295 3086 2371 3126 etsi
2399 3086 2472 3125 ali¬

1459 3157 1631 3208 quando
1666 3161 1875 3209 sequatur
1897 3170 1974 3208 per
1994 3159 2212 3208 accidens,
2243 3165 2283 3200 et
2304 3162 2363 3200 sic
2395 3162 2473 3202 de¬

1456 3234 1530 3273 bet
1558 3234 1738 3285 intelligi
1766 3236 2000 3284 propositio
2033 3235 2275 3286 Philosophi
2308 3239 2341 3276 1.
2383 3238 2469 3277 Pri¬

1458 3320 1594 3355 orum,
1628 3309 1744 3359 quod
1783 3320 1837 3349 ex
1864 3311 1977 3359 falso
1996 3315 2130 3360 potest
2164 3314 2282 3361 sequi
2307 3323 2468 3360 verum,

1459 3382 1512 3422 de
1543 3394 1626 3433 qua
1669 3385 1798 3431 alias;
1843 3385 1878 3423 si
1918 3396 2020 3436 ergo
2067 3386 2149 3425 hoc
2197 3397 2469 3438 consequens

1456 3470 1605 3499 verum
1624 3493 1632 3506 ,
1678 3462 1868 3507 scilicet,
1910 3473 2012 3513 ergo
2043 3462 2196 3502 animal
2228 3467 2308 3511 est,
2336 3463 2465 3503 infer¬

1458 3536 1525 3573 tur
1546 3546 1599 3574 ex
1618 3535 1688 3575 illo
1716 3536 2019 3585 antecedente,
2061 3540 2181 3587 patet
2216 3538 2332 3589 quod
2360 3549 2468 3589 prae¬

1460 3611 1545 3650 cise
1584 3611 1765 3653 infertur
1783 3613 1947 3654 ratione
1971 3616 2101 3664 partis
2129 3617 2308 3658 extremi
2331 3647 2341 3663 ,
2379 3627 2465 3657 non
