2653 3979
231 332 357 374 totius
387 334 565 374 extremi
588 367 596 382 ,
629 334 823 386 sequitur
853 338 966 376 enim
992 336 1147 376 animal
1169 345 1239 374 es¬

229 420 276 449 se
316 420 368 448 ex
402 413 585 459 ulraque
627 414 747 460 parte
797 412 1005 460 extremi,
1044 423 1240 453 seorsum

230 488 415 535 sumpta,
438 485 517 524 sed
539 497 623 525 non
657 490 703 526 ut
734 488 888 534 unitis;
921 499 1019 527 nam
1048 490 1242 539 sequitur

227 556 477 595 irrationale
506 559 578 603 est,
612 566 713 606 ergo
747 558 909 597 animal
939 561 994 597 est
1008 589 1018 607 ,
1049 558 1242 598 similiter

230 632 352 670 homo
374 634 457 678 est;
475 643 573 681 ergo
595 632 759 672 animal
779 637 835 672 est
851 646 860 680 ;
881 636 924 672 et
937 636 996 673 sic
1020 634 1125 674 tales
1143 644 1241 673 con¬

231 706 469 755 sequendae
496 717 598 746 vere
622 710 768 747 tenent
787 709 994 748 rationale
1010 710 1186 749 alterius
1201 712 1243 748 et

232 783 406 822 alterius
441 784 690 834 categoricae
718 794 843 831 verae,
885 784 1049 825 scilicet
1077 785 1242 825 ratione

233 859 352 899 istius
376 861 384 898 :
408 861 538 899 Homo
571 863 626 899 est
647 860 822 907 animal,
846 860 942 900 ideo
963 861 1077 900 bene
1098 861 1241 911 sequi¬

236 935 304 974 tur
340 935 462 973 homo
501 938 570 982 est,
607 944 706 984 ergo
737 935 899 974 animal
937 939 1012 983 est;
1037 935 1242 982 similiter,

232 1010 485 1051 irrationale
511 1014 567 1049 est
597 1009 779 1056 animal,
817 1010 914 1050 ideo
953 1013 1148 1062 sequitur
1181 1013 1244 1050 ir¬

232 1089 443 1128 rationale
492 1093 574 1137 est;
621 1099 719 1138 ergo
770 1086 933 1126 animal
982 1091 1039 1126 est
1055 1102 1066 1134 ;
1103 1086 1163 1127 sic
1202 1087 1245 1125 in

236 1164 469 1214 proposito,
528 1166 564 1204 si
610 1164 840 1216 propositio
900 1163 1060 1202 liabeat
1111 1166 1247 1203 extre¬

234 1250 367 1286 mum,
417 1244 518 1290 puta
559 1242 803 1293 subjectum
857 1249 944 1278 non
999 1239 1249 1290 simpliciter

234 1316 432 1366 simplex,
456 1318 579 1369 cujus
600 1320 744 1368 partes
766 1327 852 1356 non
873 1320 971 1356 sunt
991 1327 1068 1366 per
1096 1326 1143 1355 se
1175 1327 1248 1356 no¬

237 1397 286 1432 tae
323 1393 448 1441 uniri,
472 1393 611 1446 (sicut
648 1396 691 1434 in
712 1393 793 1432 ista
831 1393 1042 1442 infinitum
1076 1402 1146 1431 ens
1176 1397 1232 1430 est
1238 1422 1246 1438 ,

236 1471 324 1510 istae
354 1474 516 1519 partes,
549 1471 712 1510 scilicet
736 1469 943 1518 infinitum
965 1473 1005 1509 et
1034 1480 1101 1509 ens
1118 1498 1127 1515 ,
1165 1478 1250 1507 non

235 1547 336 1584 sunt
373 1548 489 1585 notae
523 1557 604 1596 per
631 1558 680 1587 se
708 1545 836 1592 uniri,
867 1548 914 1584 ut
944 1554 1073 1594 supra
1102 1542 1248 1591 patuit)

236 1622 271 1661 si
293 1631 346 1660 ex
376 1623 446 1661 tali
468 1626 661 1663 extremo
683 1632 770 1662 non
793 1620 1042 1671 simpliciter
1069 1615 1253 1670 simplici

235 1698 414 1739 infertur
435 1697 607 1750 aliquod
638 1708 909 1747 consequens
927 1728 935 1744 ,
969 1708 1057 1736 non
1075 1694 1254 1736 infertur

237 1775 490 1825 simpliciter
555 1775 635 1814 nisi
682 1775 846 1814 ratione
903 1773 1076 1813 alterius
1127 1772 1254 1822 partis

240 1850 441 1898 extremi,
484 1861 575 1901 quae
612 1848 791 1890 includit
830 1848 934 1889 illud
974 1848 1090 1899 quod
1128 1847 1252 1888 infer¬

241 1932 308 1968 tur
342 1927 384 1967 in
424 1931 747 1978 consequente.;
798 1929 840 1966 et
883 1925 981 1966 ideo
1023 1929 1165 1966 tamen
1210 1925 1252 1963 in

242 2006 396 2046 virtute
443 2006 693 2056 categoricae
727 2004 1028 2055 conjungentis
1060 2004 1128 2042 illa
1150 2002 1250 2050 duo,

243 2082 420 2121 alteram
467 2080 623 2121 scilicet
660 2082 826 2131 partem
866 2079 1164 2119 antecedentis
1213 2083 1254 2118 et

243 2157 421 2197 alteram
460 2159 627 2205 partem
651 2155 973 2206 consequentis,
1003 2157 1058 2195 ita
1090 2157 1156 2194 est
1187 2153 1254 2193 hic

250 2244 333 2273 esse
359 2235 430 2279 est,
479 2243 567 2272 non
599 2236 741 2272 autem
775 2243 936 2271 necesse
976 2243 1059 2270 esse
1092 2234 1162 2271 est.
1205 2231 1254 2270 Et

242 2319 394 2348 sensus
416 2311 493 2355 est,
519 2307 635 2358 quod
654 2306 768 2348 istud
790 2317 1077 2357 consequens,
1095 2306 1255 2346 scilicet

243 2396 345 2434 ergo
376 2387 487 2423 Deus
515 2388 588 2432 est,
619 2394 707 2424 non
732 2381 912 2423 infertur
930 2383 1095 2422 ratione
1127 2382 1254 2422 totius

246 2461 443 2512 subjecti,
475 2461 637 2501 scilicet
657 2471 815 2500 necesse
835 2471 919 2499 esse
939 2464 1010 2505 est,
1045 2458 1124 2499 sed
1166 2461 1254 2497 tan¬

247 2544 335 2579 tum
374 2541 538 2583 ratione
569 2541 695 2581 unius
725 2541 869 2590 partis,
899 2540 1060 2580 scilicet
1089 2541 1253 2581 ratione

246 2630 343 2659 esse.
393 2619 497 2657 Sunt
529 2619 643 2658 enim
673 2618 730 2657 ibi
762 2617 854 2656 duae
890 2620 1058 2667 partes,
1093 2617 1257 2657 scilicet

245 2706 406 2734 necesse
441 2698 483 2734 et
520 2706 630 2742 esse;
673 2696 716 2734 et
753 2695 851 2744 quia
889 2704 978 2733 non
1007 2697 1106 2733 sunt
1140 2697 1255 2732 nolse

245 2770 354 2810 uniri
387 2781 465 2821 per
493 2781 540 2810 se
579 2770 642 2822 (ut
674 2769 760 2810 dixi
792 2769 936 2820 supra)
965 2769 1064 2809 ideo
1110 2769 1152 2820 ly
1185 2773 1255 2816 est,

249 2850 414 2887 tantum
459 2846 641 2887 infertur
680 2848 841 2886 ratione
879 2846 1012 2897 ipsius
1051 2857 1158 2894 esse,
1198 2846 1258 2885 sic

247 2923 470 2975 arguendo
494 2935 502 2961 :
537 2924 653 2962 Deus
686 2925 751 2961 est
788 2932 884 2961 esse
921 2921 1009 2961 sive
1045 2920 1255 2968 essentia;

250 3011 371 3051 ergo,
399 3001 514 3038 Deus
537 3002 615 3039 est.

284 3091 342 3143 (h)
363 3092 451 3131 Non
481 3095 537 3131 est
557 3092 789 3141 propositio
809 3092 1057 3139 necessaria,
1080 3091 1262 3130 uniendo

250 3172 382 3207 totum
402 3171 636 3207 extremum
657 3167 929 3207 antecedentis
954 3178 1048 3206 cum
1073 3168 1261 3205 extremo

255 3247 549 3292 consequentis,
572 3247 620 3283 ut
647 3243 683 3282 si
714 3245 919 3295 arguatur
952 3245 1012 3282 sic
1035 3245 1044 3282 :
1079 3245 1188 3282 Deus
1209 3244 1263 3280 est

255 3332 325 3360 ens
344 3324 441 3360 actu
470 3331 676 3370 operans;
696 3329 796 3368 ergo
818 3322 927 3359 Deus
955 3323 1024 3358 est.
1047 3319 1156 3358 Dicit
1184 3319 1264 3356 Do-

254 3399 344 3436 ctor
376 3396 493 3447 quod
515 3397 597 3435 hoc
626 3405 901 3445 consequens
945 3395 1166 3434 evidenter
1203 3393 1264 3432 in¬

253 3471 404 3520 fertur,
436 3483 524 3511 non
559 3470 723 3511 ratione
757 3470 882 3510 totius
925 3471 1120 3516 extremi,
1171 3480 1265 3508 cum

253 3559 340 3588 non
362 3549 415 3587 sit
431 3551 595 3597 notum,
621 3551 759 3600 partes
779 3547 890 3587 illius
911 3546 1090 3585 extremi
1117 3543 1172 3584 ad
1201 3545 1263 3583 in¬

255 3626 393 3667 vicem
412 3624 539 3674 uniri,
576 3625 655 3667 sed
692 3622 869 3667 infertur
894 3622 1070 3676 praecise
1102 3621 1267 3661 ratione

1304 336 1414 376 illius
1443 338 1587 388 partis,
1625 351 1716 391 quae
1754 341 1978 381 evidenter
2009 340 2186 380 includit
2206 340 2309 380 illud

1305 413 1421 464 quod
1442 413 1620 455 infertur
1639 419 1681 457 in
1703 420 2011 468 consequente.
2029 419 2076 458 Et
2102 418 2163 456 sic
2182 417 2310 457 infer¬

1307 494 1373 530 tur
1409 493 1573 531 ratione
1621 493 1748 544 hujus
1787 495 1992 541 extremi,
2041 493 2201 533 scilicet
2246 506 2314 534 ens

1304 568 1392 608 sive
1425 580 1530 618 esse,
1562 571 1604 608 et
1642 570 1702 610 sic
1740 571 1935 622 arguitur
1958 573 1966 609 :
2009 573 2117 609 Deus
2152 574 2208 608 est
2246 582 2315 609 ens

1305 644 1393 683 sive
1427 655 1534 692 esse;
1559 655 1656 694 ergo
1687 649 1796 685 Deus
1821 650 1892 693 est,
1927 656 2019 697 quae
2050 655 2315 695 consequen¬

1305 721 1361 760 tia
1387 724 1506 760 tenet
1533 721 1689 761 virtute
1727 722 1853 771 hujus
1888 721 2138 772 categoricae
2159 723 2168 759 :
2208 723 2318 761 Deus

1307 801 1362 836 est
1383 798 1564 836 existens
1600 799 1688 837 sive
1718 800 1828 837 Deus
1850 802 1905 836 est
1943 808 2027 837 esse
2040 809 2048 842 ;
2081 798 2169 836 sive
2209 799 2316 836 Deus

1308 877 1363 912 est
1384 874 1658 922 quidditative
1683 874 1919 920 existentia,
1945 875 1987 912 et
2017 873 2077 912 sic
2099 875 2215 922 patet
2252 872 2314 910 lit¬

1307 951 1413 987 tera.

1360 1022 1405 1075 (i)
1430 1026 1491 1064 Ad
1510 1027 1759 1071 argumenta
1778 1024 2055 1073 principalia.
2078 1025 2320 1086 Antequam

1308 1098 1598 1147 respondeam
1646 1098 1701 1137 ad
1759 1099 1944 1146 primum
2002 1101 2318 1145 argumentum,

1313 1173 1483 1214 declaro
1513 1174 1668 1224 aliqua.
1700 1174 1838 1213 Primo
1871 1175 2026 1215 Doctor
2062 1174 2104 1213 in
2144 1179 2322 1224 corpore

1313 1250 1564 1301 quaestionis
1599 1250 1845 1298 declaravit,
1888 1249 2004 1301 quod
2036 1250 2122 1289 haec
2161 1254 2224 1289 est
2246 1260 2324 1300 per

1312 1338 1360 1366 se
1381 1330 1480 1367 nota
1505 1329 1512 1366 :
1555 1329 1665 1365 Deus
1697 1331 1771 1375 est,
1805 1330 1847 1366 et
1866 1326 2137 1377 respondens
2158 1327 2211 1366 ad
2242 1328 2323 1376 pri-

1312 1413 1431 1442 mum
1461 1405 1764 1454 argumentum
1794 1403 1962 1443 videtur
1995 1412 2172 1452 negare,
2207 1401 2322 1452 quod

1314 1481 1367 1520 sit
1400 1490 1477 1530 per
1506 1489 1552 1518 se
1573 1482 1689 1518 nota.
1718 1478 1818 1518 Ideo
1841 1481 1907 1518 est
1937 1476 2183 1524 dicendum,
2208 1477 2323 1528 quod

1314 1557 1454 1595 Deum
1476 1565 1572 1594 esse
1607 1556 1673 1594 est
1700 1566 1779 1604 per
1814 1565 1862 1594 se
1892 1557 2042 1594 notum
2073 1553 2324 1596 intellectui,

1317 1631 1515 1671 distincte
1538 1629 1792 1681 concipienti
1815 1631 2034 1671 terminos.
2069 1629 2154 1669 Sed
2183 1628 2324 1668 nullus

1316 1707 1561 1747 intellectus
1600 1707 1664 1746 via
1716 1706 1896 1746 naturali
1935 1708 2078 1756 potest
2125 1704 2324 1744 distincte

1318 1784 1547 1835 concipere
1574 1783 1716 1834 ipsum
1744 1785 1896 1830 Deum,
1936 1785 1983 1823 ut
2014 1782 2223 1822 subtiliter
2246 1793 2325 1833 pa¬

1317 1864 1377 1902 tet
1397 1872 1419 1900 a
1440 1862 1625 1909 Doclore
1655 1872 1693 1909 q.
1730 1860 1790 1910 14.
1814 1859 1927 1910 quol.
1960 1861 2004 1898 et
2023 1858 2122 1899 ideo
2150 1869 2325 1908 respon¬

1318 1937 1459 1977 dendo
1478 1936 1533 1977 ad
1553 1937 1737 1986 primum
1758 1938 2058 1987 argumentum
2081 1934 2195 1982 dicit,
2214 1934 2328 1985 quod

1315 2017 1403 2056 haec
1422 2024 1508 2054 non
1530 2015 1595 2054 est
1614 2023 1692 2063 per
1712 2023 1759 2051 se
1779 2016 1879 2052 nota
1904 2014 1912 2051 :
1939 2013 2046 2051 Deus
2074 2014 2145 2059 est,
2170 2010 2326 2062 supple

1315 2092 1383 2133 via
1403 2089 1595 2131 naturali.

1370 2165 1570 2208 Secundo
1626 2176 1703 2215 pro
1758 2165 2040 2216 responsione
2088 2163 2331 2214 argumenti

1317 2244 1504 2291 declaro,
1537 2241 1652 2293 quod
1684 2240 1844 2291 aliquid
1867 2250 1962 2279 esse
1994 2250 2072 2289 per
2103 2250 2151 2278 se
2185 2243 2332 2280 notum

1319 2320 1527 2370 contingit
1553 2317 1794 2367 dupliciter.
1825 2317 1963 2357 Primo
1987 2326 2039 2354 ex
2068 2315 2158 2355 sola
2188 2318 2332 2367 cogni¬

1316 2397 1432 2437 tione
1454 2396 1748 2441 terminorum,
1779 2393 1836 2433 ita
1858 2391 1975 2443 quod
2004 2391 2221 2431 evidentia
2243 2391 2335 2430 talis

1318 2472 1619 2524 propositionis
1641 2480 1725 2509 non
1755 2470 1808 2508 sit
1826 2467 2186 2515 demonstrabilis,
2208 2478 2290 2506 nec
2312 2478 2335 2506 a

1318 2546 1562 2599 posteriori,
1583 2549 1626 2585 et
1653 2546 1723 2584 illa
1750 2544 1902 2584 dicitur
1928 2543 2100 2595 proprie
2138 2542 2331 2593 proposi¬

1320 2624 1374 2663 tio
1405 2633 1483 2674 per
1511 2632 1558 2661 se
1586 2623 1699 2666 nota,
1731 2622 1779 2658 ut
1803 2621 1922 2669 patet
1952 2629 1975 2657 a
2013 2618 2212 2657 Doctore.
2259 2617 2334 2655 Se¬

1320 2700 1460 2742 cundo
1493 2698 1634 2747 aliqua
1667 2695 1819 2735 dicitur
1850 2706 1929 2745 per
1960 2705 2006 2733 se
2042 2698 2142 2734 nota
2174 2705 2227 2733 ex
2251 2694 2333 2733 hoc

1320 2776 1437 2829 quod
1484 2771 1708 2826 arguendo
1756 2783 1780 2811 a
1825 2771 2054 2822 posteriori
2095 2771 2238 2809 statim
2286 2769 2332 2809 fit

1320 2857 1447 2900 nota;
1497 2852 1606 2891 sicut
1647 2848 1821 2898 aliquod
1859 2850 1924 2887 est
1972 2847 2188 2892 effectum,
2230 2857 2332 2897 ergo

1321 2930 1463 2980 aliqua
1503 2926 1639 2978 prima
1679 2935 1805 2963 causa
1844 2927 1921 2972 est,
1966 2923 2034 2962 vel
2068 2921 2241 2973 aliquod
2272 2925 2337 2961 est

1324 3002 1594 3053 dependens,
1631 3010 1734 3050 ergo
1767 3001 1831 3037 est
1859 2996 2035 3048 aliquod
2064 2997 2247 3047 primum
2277 2996 2336 3036 in-

1325 3078 1597 3129 dependens.
1636 3077 1685 3115 Et
1729 3075 1812 3114 hoc
1846 3073 1975 3113 modo
2013 3074 2105 3112 istae
2139 3075 2147 3112 :
2187 3073 2337 3123 Aliqua

1319 3155 1508 3204 potentia
1538 3161 1668 3192 causa
1689 3153 1773 3197 est;
1794 3149 1971 3198 aliquod
1993 3148 2250 3197 principium
2277 3148 2321 3186 in
2329 3169 2338 3174 -

1325 3230 1557 3278 dependens
1584 3230 1653 3271 est,
1692 3227 1876 3275 possunt
1910 3223 1990 3262 dici
2023 3223 2339 3272 propositiones

1328 3317 1405 3356 per
1435 3316 1482 3344 se
1517 3304 1631 3341 notae
1660 3301 1700 3340 in
1725 3300 2003 3350 conceptibus
2024 3301 2166 3337 tamen
2189 3296 2334 3338 confu¬

1328 3381 1399 3428 sis,
1428 3383 1471 3419 et
1498 3381 1558 3419 sic
1589 3377 1720 3417 debet
1745 3374 1924 3426 intelligi
1939 3375 2162 3423 responsio
2184 3374 2337 3412 Docto-

1327 3459 1384 3498 ris
1404 3457 1452 3495 ad
1473 3455 1655 3506 primum
1675 3455 1991 3501 argumentum.

1382 3542 1441 3597 (k)
1494 3541 1558 3582 Ad
1613 3539 1854 3580 secundum
1899 3537 2136 3588 respondet
2180 3537 2339 3581 Doctor

1330 3619 1449 3673 quod
1488 3618 1719 3659 Anselmus
1757 3626 1843 3657 non
1879 3614 1979 3656 dicit
2011 3613 2125 3654 illam
2154 3610 2347 3665 proposi-
