2740 3979
372 330 547 380 tionem,
591 331 752 376 Scilicet
791 336 800 375 :
840 336 949 376 Deus
989 340 1043 376 est
1081 340 1195 387 quod
1221 339 1376 388 majus,

372 410 457 447 etc.
496 419 591 449 esse
621 422 698 460 per
725 422 771 451 se
798 416 969 459 notam;
1002 416 1132 462 patet,
1156 415 1253 463 quia
1277 413 1377 452 nihil

372 486 437 520 est
456 494 534 533 per
552 495 598 524 se
619 489 783 531 notum,
808 486 930 537 cujus
965 486 1176 526 evidentia
1213 487 1378 537 depen¬

372 557 445 597 det
492 570 543 598 ex
591 561 805 601 evidentia
850 562 1023 603 alterius
1055 562 1376 612 propositionis,

370 636 459 674 sive
497 636 616 687 cujus
657 637 868 677 evidentia
914 642 1056 689 potest
1097 638 1379 680 demonstrari

372 711 648 762 syllogistice.
683 712 767 752 Sed
798 713 876 752 ista
917 718 926 754 :
965 718 1188 754 Summum
1225 727 1293 755 ens
1323 719 1379 754 est

372 788 525 835 majus,
574 799 654 837 quo
705 790 886 837 cogitari
936 793 1068 839 potest
1074 820 1082 837 ,
1141 789 1380 829 ostenditur

371 862 521 901 saltem
552 874 628 914 per
662 863 768 904 duos
797 865 1081 916 syllogismos.
1113 865 1275 906 Primus
1296 867 1379 918 syl¬

372 940 576 992 logismus
592 946 657 982 est
679 947 688 983 :
714 945 838 983 Omni
857 954 934 984 non
955 948 1042 983 ente
1063 956 1131 983 ens
1151 948 1206 983 est
1225 945 1378 994 majus,

371 1028 533 1056 summo
561 1019 666 1059 nihil
697 1023 752 1058 est
783 1020 945 1068 majus;
965 1031 1064 1069 ergo
1085 1019 1252 1058 nullum
1271 1031 1380 1059 sum¬

373 1104 490 1133 mum
508 1098 564 1133 est
584 1106 664 1134 non
686 1107 768 1134 ens.
793 1095 1018 1135 Secundus
1041 1098 1106 1134 est
1128 1097 1136 1141 :
1164 1097 1283 1141 Quod
1300 1106 1382 1134 non

375 1173 433 1208 est
451 1180 531 1208 non
551 1182 634 1217 ens,
657 1174 714 1210 est
734 1182 817 1215 ens,
847 1181 1059 1210 summum
1096 1182 1175 1211 non
1213 1175 1268 1210 est
1299 1182 1382 1210 non

377 1255 471 1291 ens;
508 1255 606 1295 ergo
651 1257 864 1285 summum
901 1251 956 1286 est
995 1258 1077 1293 ens,
1109 1249 1153 1285 et
1181 1246 1240 1286 sic
1268 1249 1384 1296 patet

377 1332 403 1371 Q
406 1331 507 1360 uom
511 1321 593 1361 °do
626 1333 709 1361 esse
741 1322 829 1362 sive
860 1323 1083 1362 existentia
1117 1322 1381 1362 demonstra-

376 1399 443 1434 tur
473 1395 526 1434 de
557 1398 656 1435 ente
687 1408 869 1442 summo,
910 1401 950 1436 et
982 1397 1043 1437 sic
1080 1397 1174 1435 haec
1206 1406 1294 1436 non
1323 1399 1388 1436 est

376 1481 452 1522 per
471 1482 518 1510 86
538 1474 638 1511 nota
662 1475 671 1511 :
696 1475 920 1511 Summum
949 1484 1017 1512 ens
1049 1476 1119 1521 est,
1154 1483 1241 1512 non
1272 1474 1387 1512 enim

376 1549 526 1587 notum
557 1550 635 1595 est,
667 1547 743 1586 has
773 1552 915 1598 partes
943 1559 1022 1598 per
1053 1558 1098 1588 se
1124 1547 1249 1596 uniri,
1273 1548 1384 1587 scili¬

377 1626 459 1670 cet,
508 1634 719 1662 summum
763 1626 805 1663 et
849 1635 930 1664 ens■
969 1625 1055 1664 Hoc
1094 1623 1211 1663 idem
1247 1627 1389 1674 potest

379 1699 500 1752 argui
539 1700 593 1740 de
622 1699 783 1741 infinito
818 1711 896 1750 per
925 1702 1084 1742 similes
1118 1701 1389 1753 syllogismos

381 1775 603 1827 arguendo
642 1776 702 1816 sic
745 1780 753 1816 :
793 1777 917 1816 Omni
954 1788 1034 1816 non
1075 1781 1178 1825 ente,
1220 1789 1288 1816 ens
1334 1780 1390 1816 est

379 1853 534 1902 majus,
567 1853 640 1892 sed
670 1852 830 1900 infinito
864 1853 972 1892 nihil
999 1857 1055 1892 est
1087 1853 1229 1903 majus
1245 1865 1253 1902 ;
1289 1863 1389 1899 ergo

381 1928 545 1967 nullum
565 1928 776 1977 infinitum
801 1932 857 1967 est
885 1939 966 1968 non
993 1940 1076 1968 ens.
1113 1930 1230 1968 Tunc
1262 1929 1388 1974 ultra,

383 2004 498 2054 quod
520 2014 607 2044 non
628 2007 693 2044 est
713 2015 799 2043 non
821 2014 912 2052 ens,
944 2007 1008 2043 est
1042 2015 1118 2043 ens
1136 2017 1145 2053 ;
1180 2003 1389 2043 infinitum

382 2090 468 2118 non
503 2082 567 2120 est
594 2089 680 2119 non
716 2090 806 2126 ens,
842 2089 945 2131 ergo
974 2078 1186 2118 infinitum
1213 2082 1277 2119 est
1298 2089 1390 2127 ens,

383 2165 484 2206 ergo
518 2153 729 2194 infinitum
766 2164 843 2194 ens
877 2164 988 2202 esse,
1024 2165 1110 2194 non
1139 2156 1204 2194 est
1234 2165 1313 2204 per
1344 2165 1391 2194 se

382 2232 547 2274 notum,
579 2232 658 2268 etc.

434 2303 480 2357 (1)
507 2303 570 2344 Ad
605 2304 769 2344 tertiam
797 2304 1009 2344 rationem
1037 2303 1191 2343 dantur
1212 2304 1302 2343 duae
1321 2314 1388 2343 re¬

379 2378 631 2428 sponsiones
668 2379 726 2417 ibi
756 2380 765 2417 :
797 2379 858 2417 Ad
893 2381 1066 2418 tertium
1104 2379 1210 2418 dico.
1254 2378 1390 2416 Prima

381 2455 602 2503 responsio
626 2453 720 2493 talis
740 2455 820 2499 est,
850 2454 948 2503 quia
973 2464 1061 2492 non
1093 2453 1287 2503 sequitur
1314 2464 1388 2492 ve¬

382 2531 549 2569 ritatem
581 2540 675 2568 esse
704 2529 748 2568 in
778 2529 992 2569 communi
1025 2532 1089 2568 est
1122 2539 1198 2578 per
1235 2540 1282 2568 se
1312 2539 1389 2568 no¬

386 2609 497 2652 tum;
549 2615 652 2656 ergo
704 2605 840 2643 Deum
895 2615 990 2644 esse
1027 2615 1106 2654 per
1141 2615 1187 2643 se
1226 2607 1389 2644 notum.

385 2679 668 2719 Committitur
699 2677 864 2717 fallacia
896 2679 1218 2729 consequentis,
1239 2691 1262 2718 a
1286 2678 1394 2729 posi¬

386 2757 502 2795 tione
541 2754 841 2804 consequentis
881 2754 936 2792 ad
972 2754 1230 2804 positionem
1276 2757 1394 2793 ante¬

386 2830 594 2879 cedentis,
645 2840 693 2869 ac
736 2828 770 2868 si
809 2833 1010 2881 argueret
1057 2831 1066 2868 :
1113 2830 1281 2869 Animal
1321 2834 1392 2878 est,

386 2916 485 2955 ergo
504 2906 627 2945 homo
648 2910 731 2953 est;
760 2906 819 2944 sic
838 2906 882 2944 in
902 2904 1121 2955 proposito
1143 2915 1230 2944 non
1252 2907 1392 2956 sequi¬

386 2987 454 3021 tur
471 2983 696 3022 veritatem
716 2981 758 3020 in
780 2981 989 3020 communi
1017 2991 1112 3020 esse
1143 2983 1208 3020 est
1238 2991 1316 3030 per
1346 2991 1393 3019 se

385 3062 533 3097 notum
553 3070 561 3104 ;
594 3068 696 3109 ergo
716 3057 826 3096 hanc
846 3057 1073 3096 veritatem
1103 3066 1199 3095 esse
1230 3060 1297 3096 est
1317 3067 1396 3106 per

388 3144 434 3172 se
463 3136 627 3172 notum.

441 3220 637 3260 Secunda
657 3221 880 3270 responsio
915 3223 980 3260 est
999 3218 1054 3258 ibi
1077 3221 1085 3258 :
1109 3219 1239 3258 Aliter
1260 3224 1395 3269 potest

390 3297 539 3346 negari
555 3298 709 3346 major.
731 3297 780 3336 Et
798 3298 913 3344 nota,
936 3295 1052 3347 quod
1073 3298 1138 3335 est
1158 3306 1243 3335 una
1263 3307 1393 3348 regu¬

388 3373 428 3411 la
454 3371 743 3411 insolubilium
778 3374 786 3418 :
823 3374 998 3418 Quando
1030 3374 1087 3411 est
1116 3371 1263 3421 aliqua
1292 3384 1394 3421 pro¬

384 3450 537 3499 positio
576 3449 790 3488 includens
827 3449 1173 3494 contradictoria,
1213 3449 1306 3497 ipsa
1342 3452 1397 3488 est

389 3527 581 3574 neganda
612 3526 655 3564 in
683 3526 797 3564 omni
829 3536 943 3571 casu,
976 3525 1073 3575 quia
1101 3524 1240 3563 solum
1271 3536 1397 3565 casus

390 3603 615 3655 possibiles
643 3603 772 3643 debet
797 3603 988 3652 admitti;
1021 3605 1064 3643 et
1094 3603 1154 3643 sic
1186 3604 1264 3644 ista
1296 3615 1398 3654 pro¬

1451 337 1604 387 positio
1649 341 1656 378 :
1696 338 1825 378 Nulla
1861 343 2015 380 veritas
2051 343 2122 386 est,
2163 337 2354 379 falsificat
2390 348 2457 376 se-

1451 416 1602 463 ipsam,
1635 416 1733 464 quia
1765 414 1799 453 si
1834 416 1947 454 nulla
1979 415 2134 454 veritas
2156 421 2234 463 est,
2259 419 2358 454 tunc
2379 424 2460 453 nec

1452 488 1542 538 ipsa
1576 494 1640 530 est
1670 501 1785 537 vera,
1824 494 1864 531 et
1889 492 1922 531 si
1951 502 2098 532 verum
2123 494 2188 531 est
2208 490 2326 542 quod
2346 490 2460 529 nulla

1451 565 1607 604 veritas
1633 566 1700 612 sit,
1730 568 1829 604 tunc
1857 566 1946 617 ipsa
1975 569 2040 605 est
2068 578 2183 614 vera,
2207 567 2306 618 quia
2326 566 2456 617 signi¬

1452 638 1550 679 ficat
1578 641 1633 680 ita
1692 651 1788 681 esse
1835 642 1947 682 sicut
1985 645 2076 689 est;
2110 653 2212 694 ergo
2259 642 2347 692 ipsa
2398 643 2462 680 est

1451 725 1551 754 vera
1592 719 1635 755 et
1671 727 1757 755 non
1794 728 1895 757 vera
1935 719 2072 759 simul.
2114 719 2159 757 Et
2194 720 2253 758 sic
2288 717 2459 768 quando

1453 786 1644 836 arguitur
1680 797 1702 825 a
1741 790 2031 837 propositione
2079 788 2132 828 de
2178 790 2319 829 inesse.
2364 797 2460 838 quae

1449 861 1628 902 includit
1660 865 2018 914 incompossibilia
2058 865 2110 904 ad
2148 865 2366 906 modalem
2406 864 2460 903 de

1451 947 1566 983 vero,
1593 947 1677 977 non
1699 938 1893 988 sequitur
1916 942 1964 979 ut
1992 940 2034 978 in
2064 940 2298 989 proposito,
2321 948 2456 990 quan¬

1454 1010 1507 1049 do
1530 1010 1696 1060 dicitur,
1720 1013 1835 1051 nulla
1856 1014 2010 1054 veritas
2039 1016 2128 1062 est;
2165 1025 2268 1066 ergo
2299 1014 2460 1053 nullam

1455 1089 1674 1130 veritatem
1709 1102 1820 1139 esse,
1858 1096 1923 1133 est
1955 1104 2119 1139 verum,
2148 1104 2233 1134 non
2267 1097 2462 1146 sequitur

1453 1169 1502 1205 ut
1528 1169 1663 1217 patuit
1682 1179 1811 1218 supra
1842 1174 1884 1210 et
1910 1169 2016 1209 infra
2041 1171 2217 1221 patebit.

1508 1242 1554 1281 Et
1597 1254 1647 1282 ex
1685 1243 1768 1284 hoc
1800 1248 1842 1284 et
1872 1256 1924 1284 ex
1957 1246 2239 1297 sequentibus
2268 1250 2464 1298 apparet,

2486 1297 2488 1328 Im
1460 1317 1575 1367 quod
1609 1319 1678 1358 ille
1714 1330 1849 1360 novus
1883 1322 2100 1372 expositor
2131 1323 2272 1362 Sancti
2291 1297 2465 1363 Thomse

1459 1402 1544 1432 non
1583 1396 1722 1445 arguit
1753 1395 1808 1434 ad
1840 1397 2108 1447 propositum
2137 1402 2282 1438 contra
2313 1381 2469 1440 Docto-

1459 1478 1565 1515 rem,
1600 1480 1696 1509 cum
1726 1470 1826 1510 dicit
1861 1473 1977 1523 quod
1997 1472 2066 1512 hic
2085 1484 2173 1512 non
2194 1474 2469 1514 committitur

1459 1543 1626 1585 fallacia
1661 1550 1983 1598 consequentis,
2007 1549 2087 1588 sed
2107 1552 2172 1589 est
2191 1561 2291 1591 vera
2314 1561 2467 1591 conse¬

1462 1622 1651 1671 quentia,
1677 1624 1774 1673 quia
1797 1624 1968 1674 quando
1999 1627 2192 1677 arguitur
2219 1638 2242 1666 a
2273 1629 2471 1678 proposi¬

1462 1698 1576 1737 tione
1606 1710 1702 1738 vera
1729 1700 1781 1739 de
1812 1700 1942 1741 inesse
1961 1701 2016 1741 ad
2036 1713 2158 1741 suam
2179 1703 2394 1744 modalem
2416 1705 2470 1745 de

1462 1786 1578 1824 vero,
1602 1780 1668 1817 est
1687 1778 1843 1828 optima
1875 1783 2198 1832 consequentia,
2231 1784 2328 1833 quia
2359 1783 2473 1822 bene

1463 1854 1658 1903 sequitur
1682 1858 1690 1894 :
1720 1858 1914 1895 Socrates
1942 1859 2096 1905 currit;
2125 1869 2224 1908 ergo
2252 1863 2474 1899 Socratem

1465 1938 1637 1968 currere
1657 1935 1713 1970 est
1732 1941 1893 1972 verum.
1925 1933 1992 1972 Sic
2018 1934 2060 1970 in
2086 1937 2322 1985 proposito,
2358 1936 2475 1975 nulla

1464 2006 1619 2044 veritas
1653 2008 1742 2053 est;
1786 2018 1888 2059 ergo
1922 2009 2084 2048 nullam
2115 2011 2338 2051 veritatem
2360 2023 2474 2059 esse,

1465 2083 1530 2119 est
1559 2093 1707 2123 verum
1727 2094 1736 2129 ;
1767 2086 1886 2133 patet
1907 2084 2024 2135 quod
2054 2097 2139 2125 non
2168 2087 2367 2139 intelligit
2388 2089 2477 2128 Do-

1467 2160 1641 2205 ctorem,
1668 2161 1765 2209 quia
1784 2159 1851 2198 hic
1879 2171 1965 2200 non
1999 2162 2190 2213 arguitur
2222 2175 2246 2203 a
2277 2164 2475 2215 proposi¬

1465 2230 1580 2270 tione
1619 2243 1718 2273 vera
1758 2233 1811 2273 de
1843 2235 1985 2282 inesse,
2020 2240 2067 2276 ut
2098 2240 2216 2287 patet
2253 2238 2295 2277 in
2333 2239 2473 2279 littera

1467 2306 1674 2348 Doctoris.
1723 2310 1772 2348 Et
1820 2312 2061 2362 sequentia,
2114 2323 2207 2363 quae
2244 2314 2346 2354 dicit
2396 2315 2476 2354 iste

1467 2385 1699 2433 expositor,
1740 2386 1982 2435 procedunt
2023 2399 2076 2428 ex
2115 2390 2226 2429 malo
2256 2390 2480 2430 intellectu

1467 2469 1617 2499 eorum
1638 2471 1735 2511 quse
1756 2461 1824 2500 hic
1854 2461 2067 2503 dicuntur.
2090 2465 2139 2503 Et
2165 2468 2343 2516 propter
2362 2467 2475 2507 litte¬

1466 2545 1556 2575 ram
1603 2538 1795 2577 Doctoris
1844 2542 1908 2578 est
1946 2539 2199 2589 notandum,
2243 2542 2360 2592 quod
2397 2544 2478 2583 ista

1466 2613 1664 2664 negativa
1705 2614 1713 2653 :
1753 2613 1882 2654 Nulla
1913 2617 2068 2655 veritas
2100 2621 2170 2665 est,
2206 2618 2338 2658 habet
2371 2618 2478 2660 duas

1468 2696 1617 2726 causas
1636 2688 1837 2736 veritatis,
1861 2690 2025 2730 scilicet
2047 2691 2163 2742 quod
2184 2694 2301 2733 nulla
2323 2694 2479 2734 veritas

1468 2765 1532 2802 est
1564 2764 1607 2803 in
1640 2773 1687 2802 re
1705 2777 1715 2812 ;
1744 2766 1937 2807 secundo
1961 2767 2078 2817 quod
2098 2768 2215 2809 nulla
2235 2771 2392 2810 veritas
2414 2774 2482 2810 est

1466 2837 1510 2876 in
1545 2839 1768 2879 intellectu
1815 2846 2102 2892 componente
2135 2845 2204 2884 vel
2243 2845 2477 2886 dividente.

1466 2916 1571 2955 Nam
1590 2917 1660 2957 illa
1689 2919 1889 2970 negativa
1910 2921 2116 2970 probatur
2134 2933 2212 2973 per
2237 2924 2340 2964 istas
2371 2924 2478 2963 duas

1469 2993 1685 3042 veritates,
1727 2995 1826 3045 quia
1864 2996 1976 3036 bene
2023 3000 2233 3048 sequitur,
2282 3000 2316 3039 si
2363 3001 2478 3039 nulla

1470 3072 1624 3110 veritas
1647 3076 1711 3110 est
1730 3072 1772 3111 in
1791 3083 1855 3122 re,
1885 3085 1966 3114 nec
1999 3076 2041 3113 in
2075 3076 2315 3126 intellectu;
2351 3077 2481 3129 igitur

1467 3146 1582 3186 nulla
1611 3147 1767 3187 veritas
1797 3151 1863 3188 est
1900 3149 2111 3190 absolute.
2153 3151 2332 3200 Quando
2373 3165 2476 3205 ergo

1468 3223 1623 3273 arguit,
1647 3234 1751 3275 ergo
1772 3235 1921 3264 verum
1942 3230 2020 3272 est,
2044 3226 2160 3276 quod
2182 3229 2296 3268 nulla
2324 3230 2479 3269 veritas

1471 3299 1546 3344 est,
1576 3299 1670 3338 haec
1700 3300 1934 3349 propositio
1967 3304 2032 3340 est
2069 3313 2185 3351 vera,
2226 3304 2476 3354 accipiendo

1468 3375 1685 3413 veritatem
1712 3375 1755 3414 in
1792 3386 1838 3414 re
1878 3379 1920 3415 et
1956 3387 2044 3415 non
2077 3389 2152 3427 pro
2188 3384 2284 3418 actu
2314 3381 2479 3420 intelle¬

1472 3453 1578 3496 ctus,
1609 3455 1897 3500 componente
1926 3452 2053 3498 hanc,
2089 3454 2205 3502 quod
2235 3465 2383 3495 verum
2415 3460 2479 3495 est

1469 3526 1588 3564 nulla
1621 3527 1776 3566 veritas
1813 3532 1890 3566 esi.
1914 3528 1963 3566 Et
1996 3527 2055 3566 sic
2085 3529 2276 3579 arguitur
2300 3542 2322 3569 a
2345 3542 2475 3582 nega¬

1471 3601 1555 3644 tiva
1574 3602 1762 3642 habente
1785 3600 1891 3642 duas
1912 3613 2061 3643 causas
2082 3606 2271 3646 veritatis
2291 3606 2346 3646 ad
2365 3606 2473 3647 affir-
