2653 3979
408 407 466 436 58e
513 410 592 448 per
631 411 695 448 86,
740 404 868 443 modo
912 406 1219 456 pracexposito;
1268 408 1311 445 et
1354 408 1415 447 sic

408 473 588 516 dicimus
610 479 725 527 quod
746 480 885 519 album
910 481 1114 528 calefacit,
1140 485 1236 533 quia
1258 482 1413 522 albedo

407 549 561 590 accidit
588 562 727 593 causae
758 566 836 605 per
854 567 901 596 se
936 556 1216 597 calefacienti.
1258 558 1306 596 Et
1335 560 1414 598 hoc

406 625 535 665 modo
566 627 755 678 loquitur
789 630 1067 683 Philosophus
1097 633 1150 673 de
1181 644 1305 673 causa
1340 645 1416 685 per

407 700 608 741 accidens
647 705 683 745 5.
725 708 905 755 Metaph.
954 712 1055 748 text.
1088 720 1192 749 com.
1223 711 1261 749 2.
1296 713 1338 750 et
1372 712 1410 750 2.

405 779 570 828 Physic.
613 784 713 821 text.
754 793 903 823 comm.
943 785 1007 824 33.
1045 786 1117 825 ubi
1156 787 1257 826 dicit
1297 786 1414 837 quod

404 852 646 904 Polycletus
668 860 732 895 est
754 868 879 898 causa
906 863 1056 899 statuae
1083 872 1162 911 per
1194 861 1410 908 accidens,

404 928 560 968 accidit
590 933 704 971 enim
742 931 886 972 artifici
918 945 997 984 per
1019 945 1081 981 .se
1122 934 1294 974 facienti
1325 939 1408 976 sta¬

403 1007 534 1053 tuam,
558 1007 674 1056 quod
697 1007 860 1048 dicatur
888 1010 1130 1062 Polycletus
1148 1024 1157 1059 ;
1179 1022 1266 1050 non
1300 1013 1408 1051 enim

401 1090 479 1129 per
498 1091 545 1120 se
568 1080 694 1123 efficit
712 1086 897 1123 statuam
927 1086 1025 1135 quia
1052 1087 1309 1138 Polycletus,
1331 1087 1410 1127 sed

401 1155 498 1204 quia
528 1156 658 1196 habet
694 1161 841 1206 artem,
875 1170 970 1211 quae
1005 1171 1084 1210 per
1120 1172 1166 1201 se
1203 1164 1269 1201 est
1303 1163 1409 1201 ratio

398 1227 586 1269 formalis
615 1231 792 1273 faciendi
813 1237 1008 1275 statuam.
1038 1237 1108 1277 Est
1130 1242 1271 1277 tamen
1303 1238 1406 1279 ordo

398 1304 438 1344 in
461 1307 600 1346 causis
621 1318 699 1358 per
718 1309 934 1357 accidens,
965 1312 1063 1362 quia
1097 1324 1182 1353 una
1218 1317 1282 1353 est
1305 1324 1406 1364 pro¬

396 1381 600 1432 pinquior
642 1395 778 1425 causae
812 1397 891 1435 per
922 1399 969 1427 se
1003 1391 1044 1428 et
1074 1390 1152 1428 alia
1187 1391 1404 1439 remotior,

396 1461 514 1509 patet
558 1469 637 1508 per
675 1461 976 1513 Philosophum
1012 1465 1050 1504 5.
1090 1467 1270 1515 Metaph.
1301 1470 1387 1506 text
1394 1498 1401 1506 .

396 1543 547 1574 comm.
587 1536 624 1574 2.
661 1537 733 1575 ubi
770 1538 860 1576 vult
897 1539 1013 1590 quod
1060 1540 1301 1593 Polycletus
1338 1554 1402 1582 re¬

394 1612 550 1658 spectu
593 1615 742 1652 statuae
782 1612 987 1655 faciendae
1025 1618 1078 1656 sil
1123 1621 1404 1669 propinquior

394 1695 519 1735 quam
540 1686 699 1727 album.

445 1762 552 1801 Dicit
582 1773 685 1816 ergo
708 1767 864 1805 Doctor
891 1769 1007 1818 quod
1042 1769 1156 1810 aliud
1187 1774 1252 1810 est
1283 1773 1403 1824 loqui

398 1836 451 1877 de
496 1840 633 1880 causis
675 1853 753 1891 per
790 1853 837 1882 se
871 1848 944 1884 aut
980 1855 1059 1895 per
1105 1847 1322 1897 accidens,
1361 1853 1403 1889 et

397 1914 511 1954 aliud
545 1919 608 1955 est
637 1917 754 1969 loqui
787 1919 841 1959 de
868 1925 1005 1962 causis
1036 1925 1320 1965 essentialiter
1339 1938 1403 1966 or¬

397 1989 553 2031 dinalis
572 1992 660 2033 sive
684 1993 737 2033 de
766 1998 903 2037 causis
936 1998 1259 2039 accidentaliler
1288 2002 1398 2041 ordi¬

396 2066 518 2112 natis,
548 2077 643 2106 nam
674 2069 717 2107 in
748 2070 884 2119 primo
926 2074 992 2111 est
1026 2076 1189 2113 tantum
1227 2086 1399 2127 compa¬

395 2140 500 2179 ratio
539 2143 665 2182 unius
703 2143 758 2182 ad
787 2155 939 2194 unum,
978 2147 1140 2189 scilicet
1176 2161 1310 2190 causae
1347 2153 1401 2191 ad

393 2220 628 2256 causatum.
682 2219 818 2259 Causa
856 2222 970 2261 enim
1016 2234 1094 2272 per
1139 2236 1186 2264 se
1227 2227 1400 2277 praecise

392 2299 662 2343 comparatur
682 2296 735 2336 ad
765 2297 967 2338 effectum
1000 2312 1130 2352 quem
1163 2309 1320 2353 causat,
1355 2310 1402 2346 ut

394 2377 487 2407 cum
517 2369 628 2420 ignis
660 2372 860 2421 producit
890 2376 1050 2426 ignem.
1073 2377 1123 2417 Et
1150 2379 1266 2429 quod
1302 2380 1401 2422 dicit

393 2445 508 2494 quod
538 2456 664 2486 causa
697 2458 777 2497 per
807 2460 854 2489 se
891 2455 969 2499 est,
1017 2464 1109 2502 quae
1152 2461 1298 2496 causat
1328 2468 1399 2497 se¬

388 2520 576 2561 cundum
598 2526 793 2562 naturam
824 2527 1058 2576 propriam,
1079 2528 1160 2568 hoc
1189 2531 1247 2570 sic
1269 2531 1400 2573 debet

387 2597 568 2649 intelligi
588 2598 641 2639 de
665 2600 829 2639 ratione
858 2599 1024 2642 formali
1048 2607 1267 2652 causandi,
1302 2610 1400 2660 quia

383 2673 487 2714 illud
516 2680 580 2715 est
616 2686 696 2726 per
733 2687 778 2715 se
809 2678 914 2717 ratio
946 2677 1134 2720 formalis
1175 2686 1394 2736 causandi,

385 2748 502 2801 quod
547 2750 790 2790 secundum
830 2753 1044 2804 propriam
1096 2759 1289 2797 naturam
1334 2766 1398 2802 est

385 2832 491 2872 ratio
512 2831 701 2873 formalis
736 2835 968 2884 causandi;
1005 2839 1114 2879 sicut
1144 2842 1258 2880 calor
1292 2842 1392 2883 dici¬

385 2913 453 2948 tur
471 2909 710 2950 secundum
732 2912 942 2951 rationem
970 2912 1192 2955 formalem
1226 2918 1390 2967 caloris,

385 2986 490 3025 ratio
527 2985 716 3027 formalis
757 2988 975 3036 causandi,
1016 2994 1056 3029 et
1103 3002 1189 3031 non
1241 2992 1394 3034 dicitur

385 3060 489 3100 ratio
526 3059 713 3101 formalis
753 3063 956 3102 causandi
1004 3069 1183 3116 propter
1216 3068 1390 3118 aliquod

384 3137 464 3176 sibi
492 3136 708 3178 accidens.
740 3138 818 3177 Vel
854 3140 889 3178 si
922 3146 1160 3189 exponatur
1181 3142 1234 3182 de
1264 3155 1391 3185 causa

382 3223 462 3263 per
493 3223 538 3252 se
569 3216 615 3263 ut
644 3215 756 3263 quod
759 3244 767 3262 ,
805 3217 903 3254 tunc
937 3215 1007 3255 illa
1040 3216 1192 3257 dicitur
1221 3230 1300 3269 per
1326 3232 1387 3269 se,

381 3290 449 3329 vel
504 3299 600 3340 quae
656 3289 833 3330 includit
887 3291 1165 3342 quidditative
1212 3295 1386 3346 aliquid,

382 3365 499 3416 quod
541 3369 606 3404 est
634 3367 882 3416 simpliciter
918 3370 1023 3408 ratio
1064 3367 1252 3410 formalis
1291 3383 1386 3412 cau¬

380 3440 524 3489 sandi;
562 3442 628 3481 vel
662 3452 757 3493 quae
788 3442 968 3483 includit
999 3444 1158 3495 aliquid
1190 3447 1386 3489 acciden¬

383 3518 451 3556 tali
458 3520 533 3566 ter,
566 3517 683 3568 quod
714 3522 859 3558 tamen
890 3523 955 3559 est
985 3532 1065 3570 per
1095 3533 1142 3561 se
1162 3523 1268 3563 ratio
1298 3523 1383 3564 for¬

379 3593 502 3632 malis
537 3594 764 3642 causandi;
801 3605 880 3644 per
917 3596 1135 3646 accidens,
1177 3599 1294 3649 quod
1324 3602 1384 3640 in¬

382 3667 513 3708 cludit
532 3668 691 3719 aliquid
726 3669 842 3720 quod
863 3672 979 3711 nullo
1013 3671 1141 3713 modo
1174 3676 1239 3713 est
1275 3676 1381 3716 ratio

1486 405 1677 448 formalis
1698 411 1918 459 causandi,
1943 411 2055 450 inest
2076 414 2218 450 tamen
2240 411 2363 450 alicui
2383 409 2498 461 quod

1489 487 1552 522 est
1582 495 1658 534 per
1685 495 1732 524 se
1766 495 1909 524 causa.

1539 557 1600 610 (d)
1639 562 1682 598 In
1719 563 1896 601 secundo
1928 564 1983 600 est
2018 561 2281 610 comparatio
2312 563 2499 601 duarum

1489 645 1719 674 causarum
1752 636 1860 674 inter
1899 648 1939 675 se
1975 636 2225 686 inquantum
2267 638 2318 676 ab
2359 638 2415 676 eis
2443 641 2497 676 est

1487 708 1653 758 aliquid
1699 716 1928 758 causatum,
1976 714 2024 750 ut
2072 721 2168 750 cum
2198 715 2500 761 comparantur

1487 784 1617 832 Deus,
1657 785 1742 832 Sol,
1781 789 1823 826 et
1861 787 1987 825 homo
2028 786 2083 826 ad
2116 786 2336 827 hominem
2373 787 2494 838 geni¬

1489 863 1592 907 tum,
1615 871 1707 911 quae
1728 860 1927 901 dicuntur
1949 872 2091 902 causae
2124 863 2408 902 essentialiter
2427 873 2494 901 or¬

1487 935 1665 983 dinatae;
1688 937 1756 976 vel
1777 941 1824 976 ut.
1860 941 2166 988 comparantur
2192 937 2246 976 ad
2283 939 2493 977 Joannem

1485 1011 1692 1062 genitum,
1753 1017 1889 1062 pater,
1940 1024 2060 1062 avus,
2117 1014 2296 1060 abavus,
2348 1017 2391 1052 et
2436 1014 2495 1052 sic

1484 1086 1778 1134 ascendendo,
1813 1091 1855 1127 et
1888 1089 1973 1128 istae
2016 1088 2216 1128 dicuntur
2253 1100 2389 1128 causae
2426 1099 2492 1129 ac¬

1485 1160 1652 1202 cidenta
1660 1162 1750 1201 liter
1799 1162 2004 1203 ordinatae
2046 1164 2104 1203 ibi
2143 1165 2152 1203 :
2194 1165 2240 1203 Et
2288 1163 2490 1212 differunt

1483 1249 1616 1277 causae
1645 1241 1919 1278 essentialiter
1946 1241 2163 1279 ordinatae■
2182 1251 2208 1278 a
2246 1251 2382 1279 causis
2420 1251 2492 1280 ac-

1479 1314 1740 1353 cidentaliter
1776 1314 1984 1353 ordinatis
2027 1315 2264 1363 tripliciter.
2305 1314 2375 1353 Hic
2415 1303 2489 1364 po-

1479 1390 1539 1427 nit
1572 1388 1839 1429 conditiones
1877 1389 2104 1439 requisitas
2141 1389 2195 1428 ad
2235 1400 2385 1429 causas
2422 1399 2484 1428 es-

1478 1466 1713 1505 senlialiter
1733 1465 1962 1513 ordinatas,
1994 1467 2149 1516 quibus
2184 1467 2379 1518 cognitis,
2413 1464 2481 1515 pa-

1479 1543 1552 1589 tet,
1585 1540 1804 1592 quomodo
1837 1541 2039 1582 differunt
2071 1541 2124 1582 ab
2162 1542 2485 1581 accidentaliler

1478 1617 1698 1658 ordinalis.
1749 1618 1884 1657 Prima
1935 1616 2121 1657 conditio
2161 1621 2242 1666 est,
2291 1617 2408 1668 quod
2445 1618 2487 1657 in

1479 1696 1617 1734 causis
1647 1694 1923 1733 essentialiter
1949 1695 2156 1734 ordinatis
2188 1705 2317 1734 causa
2344 1705 2485 1734 secun-

1477 1772 1531 1809 da
1572 1772 1818 1819 inquantum
1848 1774 2008 1816 causat,
2043 1772 2239 1819 dependet
2272 1782 2297 1809 a
2322 1774 2483 1819 prima,

1475 1844 1519 1883 id
1543 1848 1622 1893 est,
1655 1844 1772 1895 quod
1808 1855 1936 1884 causa
1975 1846 2168 1885 secunda
2198 1846 2242 1884 in
2271 1845 2485 1886 causando

1479 1920 1700 1972 dependet
1744 1931 1767 1960 a
1810 1923 1972 1971 prima;
2023 1932 2111 1961 non
2161 1921 2279 1972 quod
2328 1921 2487 1972 aliquid

1475 1998 1655 2047 recipiat
1688 2008 1711 2035 a
1745 1998 1880 2046 prima
1915 1995 2016 2035 dum
2058 2002 2218 2044 causat,
2251 2001 2295 2037 ut
2321 1999 2441 2047 patet
2462 2008 2485 2037 a

1474 2074 1656 2112 Doctore
1675 2075 1718 2110 in
1738 2072 1777 2111 4.
1805 2073 1897 2112 dist.
1926 2073 2073 2121 prima
2079 2085 2088 2122 ,
2120 2085 2157 2122 q.
2194 2075 2228 2112 1.
2251 2073 2329 2112 sed
2349 2074 2484 2123 prima

1475 2159 1562 2188 non
1597 2150 1771 2199 agente,
1809 2147 2002 2187 secunda
2035 2159 2165 2200 agere
2201 2159 2288 2188 non
2323 2152 2481 2199 potest,

1475 2227 1518 2263 et
1550 2225 1609 2263 sic
1644 2225 1836 2263 secunda
1859 2223 1904 2262 in
1935 2224 2104 2274 agendo
2141 2223 2294 2264 dicitur
2323 2224 2482 2275 depen¬

1475 2300 1578 2339 dere
1618 2310 1637 2338 a
1675 2300 1826 2348 prima,
1868 2303 1908 2338 et
1944 2299 2027 2338 hoc
2070 2300 2204 2350 magis
2245 2301 2409 2350 patebit
2440 2302 2482 2340 in

1473 2374 1779 2426 respondendo
1815 2375 1870 2414 ad
1902 2374 2172 2426 objectiones
2201 2376 2399 2424 Occham,
2422 2376 2482 2415 in¬

1472 2451 1548 2490 fra.
1571 2452 1620 2490 Et
1648 2451 1933 2491 communiter
1965 2462 2108 2498 causa,
2142 2461 2239 2502 quae
2263 2452 2483 2502 dependet

1471 2529 1513 2566 in
1535 2526 1705 2578 agendo
1741 2526 1793 2565 ab
1826 2527 1904 2566 alia
1925 2527 1984 2578 (et
2008 2527 2162 2578 loquor
2189 2527 2241 2566 de
2274 2529 2358 2576 illa,
2383 2539 2479 2579 quae

1472 2603 1722 2653 simpliciter
1755 2602 1989 2654 dependet)
2017 2603 2237 2654 dependet
2269 2605 2396 2644 etiam
2436 2605 2479 2645 in

1474 2679 1677 2726 essendo,
1709 2682 1756 2717 ut
1785 2683 1904 2728 patet
1930 2690 1952 2718 a
1983 2680 2167 2719 Doctore
2189 2682 2231 2718 in
2259 2683 2296 2721 2.
2320 2683 2412 2722 dist.
2437 2682 2473 2738 3.

1471 2759 1611 2805 quaest.
1639 2756 1698 2795 10.
1730 2755 1774 2793 In
1803 2757 1940 2795 causis
1965 2766 2066 2795 vero
2096 2767 2172 2807 per
2197 2758 2412 2806 accidens,
2435 2757 2476 2799 et

1467 2826 1502 2864 si
1536 2836 1622 2865 una
1655 2825 1784 2874 possit
1823 2825 2073 2875 dependere
2111 2827 2162 2866 ab
2202 2826 2281 2867 alia
2323 2828 2366 2867 in
2404 2840 2474 2868 es-

2491 2910 2493 2952 perinsta
1465 2895 1619 2944 sendo,
1669 2897 1780 2935 sicut
1824 2897 2011 2935 Joannes
2043 2908 2067 2935 a
2097 2897 2335 2945 Franciseo,
2384 2909 2471 2952 non

1467 2967 1610 3004 tamen
1644 2966 1687 3004 in
1725 2964 1912 3015 agendo,
1956 2966 2056 3015 quia
2096 2967 2282 3005 Joannes
2324 2971 2473 3016 posset

1463 3045 1691 3085 generare,
1724 3037 1892 3073 mortuo
1925 3035 2161 3074 Franciseo.
2195 3035 2380 3077 Adverte
2415 3041 2470 3076 ta¬

1466 3115 1580 3151 men,
1613 3104 1731 3155 quod
1765 3105 1798 3143 si
1828 3104 2099 3154 dependeret
2129 3105 2172 3144 in
2194 3117 2277 3146 esse
2298 3110 2340 3146 et
2367 3119 2467 3146 con¬

1463 3172 1638 3220 servari,
1673 3171 1779 3210 forte
1812 3172 1937 3210 etiam
1973 3171 2244 3222 dependeret
2278 3174 2322 3213 in
2369 3185 2467 3214 cau¬

1463 3241 1622 3289 sando;
1656 3241 1733 3281 sed
1775 3241 1953 3280 effectus
1979 3243 2155 3291 praecise
2177 3242 2398 3294 dependet
2426 3246 2469 3283 in

1465 3323 1547 3350 esse
1574 3323 1597 3350 a
1626 3321 1756 3350 causa
1793 3310 1985 3349 secunda
2018 3323 2089 3361 pro
2128 3312 2199 3351 illo
2228 3314 2364 3363 primo
2402 3314 2464 3352 in¬

1460 3382 1604 3429 stanti,
1639 3392 1723 3430 quo
1759 3380 1912 3429 accipit
1942 3391 2027 3419 esse
2058 3392 2082 3419 a
2111 3381 2178 3420 tali
2213 3392 2355 3431 causa,
2389 3382 2467 3422 sed

1462 3462 1536 3502 pro
1594 3453 1679 3490 toto
1731 3452 1919 3499 tempore
1969 3454 2193 3501 sequente,
2248 3451 2468 3501 dependet

1458 3522 1640 3572 praecise
1669 3531 1689 3560 a
1717 3515 1850 3570 prima
1882 3530 2008 3559 causa
2038 3521 2080 3560 in
2110 3532 2194 3560 esse
2220 3524 2262 3560 et
2296 3533 2463 3561 conser¬

1457 3597 1560 3644 vari,
1591 3601 1638 3636 ut
1669 3598 1789 3646 patet
1820 3606 1843 3634 a
1875 3596 2060 3636 Doctore
2079 3598 2124 3635 in
2150 3598 2189 3636 2.
2223 3598 2261 3637 d.
2284 3599 2465 3646 2.paite

1450 3673 1597 3723 prima
1617 3683 1654 3721 q.
1677 3671 1715 3710 4.
