2740 3979
345 328 360 382 (
363 341 387 370 e
388 328 403 383 )
425 334 581 371 Secunc
577 333 592 372 ^
593 343 619 370 a
639 330 848 383 (conditio)
876 335 947 379 est,
970 331 1083 380 quod
1100 331 1144 369 in
1164 341 1298 369 essen-

292 407 454 446 Haliter
503 409 708 448 ordinatis
755 412 812 448 est
850 407 1084 448 causalitas
1123 406 1298 445 alterius

293 483 472 522 rationis
491 487 526 521 et
556 482 730 522 alterius
758 483 932 531 ordinis,
971 483 1071 531 quia
1107 484 1302 531 superior

292 563 348 600 est
393 561 641 609 perfectior,
696 560 855 600 scilicet
908 560 1193 600 essenlialiter
1259 562 1301 598 et

290 633 583 684 quidditative,
632 636 675 674 in
722 635 1034 675 accidentaliler
1090 634 1301 674 ordinatis

286 719 380 747 non.
421 710 490 749 Est
523 710 637 749 enim
666 710 928 760 impossibile
952 709 1068 759 quod
1102 710 1215 748 inter
1234 708 1294 746 in¬

286 782 458 824 dividua
503 784 694 834 ejusdetn
746 786 907 835 speciei
955 786 1008 825 sit
1057 786 1149 824 talis
1191 784 1296 823 ordo

285 871 510 900 causarum
540 861 819 900 essentialiter
845 861 1156 906 ordinatarum,
1200 871 1295 900 cum

285 939 396 977 inter
441 937 510 976 illa
558 947 644 976 non
688 938 742 976 sit
788 937 889 977 ordo
945 937 1201 985 essentialis,
1254 940 1300 976 ut

285 1014 405 1062 patet
447 1022 650 1062 expresse
681 1023 704 1051 a
741 1013 996 1063 Philosopho
1032 1014 1069 1052 3.
1111 1014 1294 1062 Metaph.

287 1090 388 1126 text.
411 1098 513 1127 com.
547 1090 606 1128 11.
639 1090 684 1127 In
710 1089 952 1135 individuis,
992 1089 1145 1140 inquit,
1182 1090 1296 1138 ejus¬

289 1165 383 1203 dem
419 1166 584 1212 speciei,
634 1176 714 1205 non
752 1168 808 1204 est
853 1166 930 1204 hoc
960 1168 1097 1214 prius,
1133 1165 1298 1204 scilicet

291 1240 589 1288 essentialiter,
632 1241 742 1280 illud
758 1251 856 1281 vero
882 1244 1107 1291 posterius,
1134 1241 1297 1281 scilicet

289 1316 588 1356 essentialiter.
628 1316 806 1366 Oportet
843 1328 962 1368 ergo,
1007 1319 1123 1369 quod
1161 1330 1298 1359 causar

290 1391 574 1432 essentialiter
594 1392 792 1432 ordinat*
813 1392 1010 1432 differant
1031 1394 1192 1443 specie,
1215 1403 1295 1433 nec

287 1467 442 1507 sufficit
479 1467 595 1518 quod
635 1467 833 1507 differant
851 1471 898 1506 ut
928 1470 1096 1518 species
1127 1468 1295 1519 specia¬

288 1543 467 1589 lissimae,
502 1553 594 1593 quae
625 1543 679 1582 ad
712 1542 894 1582 invicem
923 1546 1021 1583 sunt
1055 1543 1292 1594 disparatae,

288 1619 385 1667 quia
425 1616 520 1656 duae
560 1618 728 1666 species
757 1616 1074 1668 specialissimae
1095 1619 1291 1670 ejusdem

290 1693 462 1746 generis
491 1703 575 1733 non
608 1693 812 1731 uniuntur
831 1692 885 1731 ad
905 1693 1088 1732 invicem
1121 1694 1176 1733 ad
1196 1707 1293 1745 pro¬

288 1768 534 1808 ductionem
571 1768 749 1819 alicujus
782 1768 962 1807 effectus
991 1772 1039 1808 ut
1060 1780 1198 1811 causae
1217 1783 1295 1821 per

288 1856 334 1885 se
366 1843 646 1884 essentialiter
684 1843 897 1890 ordinatae,
933 1847 979 1883 ut
1005 1848 1124 1895 patet
1153 1857 1176 1884 a
1205 1848 1289 1886 Do-

290 1923 403 1962 etore
435 1923 476 1960 in
502 1922 540 1960 2.
575 1922 668 1960 dist.
704 1921 740 1969 3.
774 1923 913 1969 quaest.
945 1922 984 1960 8.
1026 1921 1117 1960 vide
1138 1923 1213 1963 ibi.
1245 1926 1294 1965 Et

291 2007 388 2036 cum
420 1995 533 2043 dmit,
573 1995 688 2046 quod
718 1996 829 2035 inter
847 1995 940 2036 illas
972 2000 1036 2036 est
1066 2000 1292 2039 causalitas

290 2074 464 2113 alterius
268 2068 274 2113 alterius
500 2072 659 2112 ordinis
697 2076 741 2112 et
775 2073 948 2112 alterius
986 2075 1175 2114 rationis:
1228 2081 1294 2116 est

289 2148 513 2187 causalitas
544 2147 716 2187 alterius
748 2147 922 2197 ordinis,
966 2151 1062 2198 quia
1097 2153 1293 2199 superior

285 2226 328 2265 in
374 2225 454 2264 alio
485 2224 635 2263 ordine
683 2224 902 2270 causandi,
953 2230 1113 2274 causat,
1166 2231 1286 2277 puta,

286 2301 383 2352 quia
423 2302 568 2339 causat
602 2302 804 2348 respectu
841 2299 1044 2340 secundae
1077 2301 1291 2352 indepen-

289 2377 455 2424 denler,
480 2378 522 2415 et
542 2378 607 2414 est
626 2385 805 2414 movens
834 2385 920 2415 non
939 2379 1055 2415 mola
1072 2390 1080 2425 ;
1113 2377 1291 2419 inferior

286 2463 383 2491 vero
428 2450 741 2500 dependentor,
782 2452 824 2489 et
857 2454 1001 2490 movet
1036 2452 1290 2503 inquantum

283 2531 477 2568 movetur
496 2539 518 2566 a
551 2529 697 2577 prima,
723 2530 764 2566 et
783 2528 842 2566 sic
864 2531 930 2568 est
948 2539 1127 2570 movens
1157 2536 1286 2580 mote,

283 2609 326 2644 et
344 2614 422 2654 per
443 2613 714 2653 consequens
747 2604 968 2644 causalitas
991 2615 1130 2644 causae
1164 2617 1289 2658 supe¬

281 2681 404 2720 rioris
453 2683 517 2719 est
554 2680 728 2718 alterius
775 2679 937 2718 ordinis
972 2691 995 2719 a
1043 2683 1288 2723 causalitate

281 2755 490 2797 inferioris
509 2767 517 2801 ;
551 2758 616 2794 est
645 2755 772 2794 etiam
801 2756 1025 2794 causalitas
1055 2760 1288 2808 superioris

283 2831 454 2871 alterius
499 2830 673 2869 rationis
715 2841 736 2868 a
772 2832 1019 2870 causalitate
1059 2832 1285 2882 inferioris,

283 2908 385 2958 quia
416 2908 613 2956 superior
640 2908 705 2944 est
735 2906 1019 2945 essentialiter
1032 2907 1282 2958 perfectior.

281 2982 512 3023 Causalitas
550 2983 664 3020 enim
694 2980 844 3019 dicitur
879 2982 1052 3021 alterius
1096 2986 1284 3032 rationis,

279 3070 370 3111 quae
407 3058 684 3108 consequitur
723 3060 942 3097 entitalem
980 3059 1153 3099 alterius
1190 3062 1285 3101 rati¬

278 3136 384 3185 onis,
408 3135 516 3174 sicut
536 3144 639 3185 ergo
673 3144 800 3173 causa
828 3136 1024 3184 superior
1046 3138 1110 3175 est
1139 3147 1281 3177 essen¬

280 3210 432 3250 tialiter
477 3207 707 3258 perfectior
743 3212 786 3248 et
833 3208 1110 3259 quidditative
1159 3222 1284 3251 causa

280 3286 482 3330 inferiori,
530 3285 586 3324 ita
642 3285 864 3323 causalitas
925 3285 1150 3333 superioris
1207 3288 1286 3324 erit

281 3361 567 3402 essentialiter
613 3360 841 3410 perfectior
887 3360 1133 3399 causalitate
1171 3361 1284 3401 infe-

280 3437 416 3483 rioris,
452 3437 532 3475 nisi
566 3439 759 3475 teneatur
781 3435 896 3485 quod
922 3435 977 3474 ad
1006 3436 1179 3476 ordines
1214 3447 1284 3475 es¬

281 3516 516 3555 sentialiter
576 3526 801 3554 causarum
864 3514 1017 3555 sufficit
1073 3515 1178 3554 alius
1242 3518 1284 3554 et

282 3592 387 3631 alius
430 3591 584 3632 modus
626 3590 814 3632 habendi
855 3591 1037 3632 formam
1087 3591 1283 3644 ejusdem

1377 330 1552 380 speciei,
1584 332 1631 367 ut
1672 328 1838 369 videtur
1876 329 2031 368 Doctor
2079 327 2226 367 tenere
2262 327 2306 366 in
2342 328 2380 366 2.

1375 405 1555 453 Metaph.
1597 407 1738 453 quaest.
1769 405 1806 442 5.
1834 403 1930 443 vide
1970 413 2062 454 quae
2098 403 2153 442 ibi
2185 401 2377 452 exposui.

1376 481 1461 522 Sed
1480 483 1522 520 in
1544 480 1865 520 accidentaliler
1885 479 2087 520 ordinatis
2116 491 2202 519 non
2233 484 2298 520 est
2321 482 2380 518 ta¬

1373 558 1424 598 lis
1451 557 1555 597 ordo
1588 556 1840 602 essentialis,
1883 559 1925 595 et
1959 557 2039 595 hoc
2079 555 2301 606 dependet
2333 566 2385 595 ex

1373 633 1504 682 prima
1536 631 1778 671 conditione
1801 640 2027 669 causarum
2062 630 2385 671 accidentaliler

1373 707 1678 752 ordinatarum,
1719 705 1935 753 videlicet,
1959 706 2057 756 quia
2079 705 2270 745 secunda
2298 716 2384 744 non

1374 781 1598 830 dependet
1617 783 1659 820 in
1686 780 1858 832 agendo
1881 791 1904 819 a
1926 781 2076 829 prima.
2123 781 2244 819 Nulla
2267 780 2381 819 enim

1374 867 1499 896 causa
1533 856 1731 907 ejusdem
1750 856 1937 903 rationis,
1963 867 2059 894 cum
2082 856 2161 896 alia
2183 855 2379 906 ejusdem

1373 934 1534 984 speciei
1564 933 1878 982 specialissimae
1912 931 2132 981 dependet
2171 933 2378 972 essentia¬

1371 1010 1468 1050 liter
1501 1011 1551 1050 ab
1591 1009 1662 1048 illa
1699 1010 1742 1048 in
1781 1008 2014 1056 causando,
2052 1010 2149 1058 quia
2188 1008 2250 1058 (ut
2280 1005 2382 1058 dixi)

1372 1096 1459 1127 non
1489 1089 1553 1126 est
1572 1085 1640 1125 isti
1660 1085 1763 1125 ordo
1787 1085 2050 1132 essentialis;
2085 1096 2183 1124 nam
2213 1085 2255 1124 in
2277 1095 2376 1124 cau¬

1371 1163 1537 1201 satione
1562 1160 1740 1212 alicujus
1770 1159 1924 1198 sufficit
1952 1170 2085 1198 unum
2113 1160 2239 1199 unius
2279 1159 2376 1198 rati¬

1370 1237 1478 1284 onis,
1518 1238 1651 1285 patet,
1694 1236 1793 1285 quia
1833 1235 2013 1283 calores,
2055 1236 2124 1285 qui
2164 1237 2384 1284 ponuntur

1372 1312 1571 1363 ejusdem
1609 1310 1782 1350 rationis
1812 1310 1867 1349 ad
1898 1310 2162 1350 causandum
2197 1311 2380 1349 calorem

1370 1390 1412 1428 in
1448 1387 1580 1438 ligno,
1620 1384 1772 1425 sufficit
1811 1395 1923 1426 unus
1954 1386 2067 1424 calor
2087 1398 2094 1432 ;
2144 1396 2230 1426 non
2269 1386 2378 1424 enim

1371 1464 1540 1512 oportet
1573 1471 1736 1512 ponere
1775 1461 1884 1500 duos
1909 1461 2074 1501 calores
2109 1460 2162 1499 ad
2201 1471 2376 1502 causan¬

1371 1538 1472 1579 dum
1494 1540 1680 1579 calorem
1716 1539 1759 1577 in
1785 1538 1918 1589 ligno,
1952 1537 2030 1578 sed
2069 1538 2102 1577 si
2133 1542 2278 1578 essent
2310 1549 2376 1579 es¬

1369 1615 1602 1656 sentialiter
1640 1614 1836 1659 ordinati,
1878 1625 1989 1653 unus
2022 1625 2109 1653 non
2156 1613 2376 1655 sufficeret

1368 1693 1461 1732 sine
1510 1690 1607 1729 alio.
1655 1690 1739 1728 Nec
1778 1689 1892 1728 valet
1927 1689 2126 1728 instantia
2166 1689 2219 1729 de
2257 1693 2376 1740 patre

1367 1771 1410 1808 et
1439 1770 1589 1813 matre,
1621 1774 1718 1816 quae
1749 1767 1850 1803 sunt
1888 1763 2089 1815 ejusdem
2124 1766 2299 1814 speciei,
2332 1769 2375 1806 et

1370 1848 1512 1884 tamen
1533 1842 1774 1880 necessario
1807 1843 2066 1879 concurrunt
2091 1835 2145 1879 ad
2175 1841 2378 1882 eumdem

1373 1921 1590 1962 effectum,
1613 1920 1660 1956 ut
1689 1919 1809 1966 patet
1832 1926 1854 1954 a
1876 1917 2060 1956 Doctore
2088 1917 2132 1956 in
2160 1917 2197 1956 3.
2221 1918 2313 1956 dist.
2336 1919 2376 1957 4.

1368 1997 1466 2048 quia
1502 2005 1589 2034 non
1627 1995 1847 2044 ponuntur
1886 2003 2024 2033 causae
2053 1992 2378 2034 accidentaliler

1365 2074 1581 2118 ordinatae,
1622 2071 1702 2110 sed
1735 2074 1899 2110 tantum
1942 2075 2162 2121 ponuniur
2199 2075 2245 2110 ut
2281 2071 2377 2111 duae

1365 2160 1506 2190 causae
1538 2148 1751 2198 partiales,
1785 2149 2052 2198 integrantes
2093 2157 2224 2185 unam
2261 2149 2373 2186 tota¬

1364 2227 1464 2265 lem.
1488 2225 1548 2263 De
1577 2224 1657 2262 hoc
1693 2224 1852 2273 patebit
1888 2222 1995 2263 infra
2016 2225 2108 2263 dist.
2141 2225 2178 2273 3.
2203 2235 2241 2273 q.
2265 2224 2303 2263 8.
2339 2229 2380 2265 et

1365 2304 1409 2341 in
1436 2301 1474 2340 2.
1497 2300 1590 2338 dist.
1623 2300 1659 2338 3.

1416 2375 1463 2428 (f)
1497 2377 1635 2415 Tertia
1655 2374 1866 2428 (conditio)
1887 2379 1944 2415 est
1950 2386 1956 2424 ,
1981 2377 2091 2424 quod
2110 2386 2251 2415 omnes
2271 2387 2370 2415 cau-

2391 2436 2398 2467 Ter
1363 2466 1417 2494 sae
1440 2465 1520 2504 per
1551 2466 1591 2493 se
1612 2454 1886 2493 essentialiter
1924 2454 2127 2494 ordinatae
2151 2455 2279 2494 simul
2306 2466 2372 2494 ne-

1363 2529 1543 2568 cessario
1570 2528 1846 2577 requiruntur
1877 2529 1933 2566 ad
1969 2531 2246 2576 causandum,
2286 2539 2371 2568 non

1363 2607 1422 2645 sic
1442 2602 1739 2654 intelligendo,
1783 2602 1898 2653 quod
1928 2604 2037 2642 sicut
2072 2604 2248 2645 inferior
2285 2616 2371 2644 non

1362 2686 1506 2733 potest
1536 2682 1773 2732 producere
1813 2681 2030 2729 effectum,
2065 2694 2152 2723 non
2191 2695 2368 2724 concur¬

1361 2764 1483 2800 rente
1523 2762 1760 2809 superiore,
1800 2760 1858 2798 ita
1896 2770 1976 2798 nec
2009 2761 2202 2810 superior
2230 2765 2372 2811 potest

1360 2837 1617 2886 producere,
1643 2834 1842 2875 inferiore
1857 2845 1943 2875 non
1966 2841 2249 2876 concurrente
2266 2851 2274 2881 ;
2293 2838 2370 2877 sed

1362 2910 1478 2961 quod
1515 2908 1690 2949 inferior
1718 2910 1835 2949 nullo
1874 2910 2002 2950 modo
2037 2914 2262 2958 concurrit,
2302 2924 2369 2952 su¬

1360 2990 1526 3040 periore
1547 3000 1634 3028 non
1655 2992 1832 3039 agente,
1855 2989 1909 3029 ad
1949 2990 2149 3030 eumdem
2171 2992 2371 3031 effectum

1361 3074 1651 3111 communem,
1681 3074 1768 3103 non
1804 3066 1944 3103 tamen
1983 3075 2007 3104 e
2038 3068 2198 3104 contra.
2239 3066 2280 3105 Si
2311 3069 2370 3105 ta¬

1360 3149 1461 3178 men
1510 3142 1712 3179 teneatur
1764 3139 1874 3189 quod
1922 3140 2172 3189 simpliciter
2219 3153 2369 3182 omnes

1359 3220 1627 3264 concurrant,
1654 3216 1793 3256 adhuc
1831 3217 2046 3266 oportebit
2068 3217 2220 3265 dicere,
2251 3220 2370 3269 quod

1358 3303 1532 3343 semper
1578 3293 1774 3343 superior
1831 3293 2045 3332 concurrit
2089 3297 2133 3333 ut
2188 3305 2366 3334 movens

1357 3379 1443 3408 non
1480 3371 1611 3415 mota,
1652 3371 1693 3407 et
1725 3375 1770 3407 ut
1815 3368 1987 3408 alterius
2026 3368 2185 3408 ordinis
2229 3373 2272 3408 et
2298 3381 2366 3409 ra¬

1359 3443 1481 3482 tionis
1501 3444 1544 3482 in
1575 3443 1806 3490 causando,
1839 3444 1938 3494 quia
1971 3454 2145 3494 semper
2173 3443 2365 3485 secunda

2387 3536 2398 3573 semper
1356 3519 1443 3569 agit
1470 3519 1513 3558 in
1535 3520 1687 3559 virtute
1710 3519 1867 3569 primae,
1899 3519 2092 3569 quamvis
2126 3520 2257 3569 prima
2280 3532 2364 3561 non

1356 3594 1490 3645 possit
1527 3594 1768 3635 secundum
1806 3594 2112 3645 Philosophum
2155 3596 2366 3648 attingere
