2653 3979
312 345 558 386 immediate
590 346 789 386 effectum
822 357 995 394 novum,
1039 358 1122 386 non
1145 357 1319 387 concur¬

313 424 435 462 rente
464 423 591 461 simul
624 423 815 462 secunda
849 427 888 462 et
915 424 1181 475 particulari;
1205 434 1320 463 sem-

312 508 390 547 per
428 500 569 536 tamen
605 499 794 538 secunda
838 502 1008 551 attingit
1047 500 1248 539 effectum
1278 501 1320 539 in

308 572 463 611 virtute
502 573 668 622 primae,
701 576 745 612 et
772 575 814 613 in
852 575 1070 614 causando
1099 575 1320 624 dependet

308 660 330 687 a
362 648 510 698 prima,
534 649 610 688 sed
633 660 719 690 non
741 661 763 689 e
796 654 952 690 contra.
987 652 1033 690 Et
1056 650 1171 701 quod
1193 651 1318 691 simul

308 729 560 766 concurrant
587 727 638 765 ad
682 727 901 775 effectum,
943 730 1073 777 patet,
1106 728 1204 778 quia
1239 729 1315 769 ali¬

309 805 374 842 ter
431 803 572 853 aliqua
629 815 707 854 per
759 815 804 843 se
863 806 1084 845 causalitas
1144 805 1317 845 deesset

309 876 495 915 effectui.
529 877 568 916 Si
591 878 704 917 enim
734 880 980 918 necessario
1010 877 1232 929 dependet
1262 880 1314 919 ab

309 955 352 1000 A,
388 956 432 1000 B,
459 955 502 999 C,
527 955 576 1000 D,
601 956 648 992 ut
678 964 700 992 a
723 956 862 994 causis
887 955 1172 994 essentialiter
1201 954 1313 993 ordi¬

311 1028 420 1067 natis
456 1026 509 1066 ad
551 1028 667 1067 illum
703 1028 920 1076 effectum,
961 1030 995 1069 si
1036 1033 1182 1078 posset
1222 1041 1315 1079 pro¬

310 1106 408 1145 duci
428 1106 477 1144 ab
499 1115 584 1145 una
607 1110 787 1150 tantum,
811 1106 900 1146 aliae
920 1118 999 1157 per
1024 1118 1071 1146 se
1095 1108 1315 1148 causalita-

313 1184 374 1221 tes
414 1181 618 1222 deessent
664 1195 673 1228 ;
715 1183 800 1221 imo
843 1181 957 1222 nullo
1007 1183 1133 1223 modo
1178 1187 1319 1233 posset

308 1257 504 1307 produci,
537 1258 615 1297 nisi
648 1260 846 1297 teneatur
875 1258 992 1308 quod
1028 1269 1155 1298 causa
1193 1270 1318 1310 supe¬

305 1333 391 1372 rior
462 1333 704 1373 eminenter
771 1333 960 1374 continet
1027 1336 1184 1374 causali
1192 1339 1318 1376 tatem

305 1409 494 1450 omnium
532 1408 798 1457 inferiorum,
839 1413 886 1449 ut
915 1410 1021 1450 infra
1059 1412 1240 1461 patebit,
1277 1415 1319 1451 et

304 1487 364 1526 sic
415 1486 610 1536 superior
655 1497 733 1536 per
786 1497 833 1526 se
884 1486 1114 1528 sufficeret.
1155 1487 1319 1527 Primus

306 1561 461 1601 modus
497 1562 738 1602 secundum
779 1563 887 1601 viam
917 1563 1234 1615 Theologorum
1278 1568 1320 1603 et

309 1636 550 1679 secundum
587 1638 814 1678 veritatem
862 1641 927 1678 est
963 1650 1111 1686 verus;
1168 1650 1319 1679 secun¬

312 1712 392 1752 dus
429 1723 530 1752 vero
563 1713 719 1752 modus
749 1712 990 1753 secundum
1027 1715 1134 1754 viam
1181 1715 1320 1754 Philo¬

310 1789 543 1838 sophorum
589 1792 653 1828 est
710 1788 955 1838 probabilis,
993 1790 1076 1829 imo
1115 1801 1320 1830 necessa¬

308 1865 411 1910 rius,
437 1863 490 1904 de
522 1875 605 1915 quo
626 1864 733 1904 infra
755 1866 849 1904 dist.
883 1865 921 1916 8.
945 1870 1086 1916 qusest.
1120 1867 1194 1906 ult.
1218 1871 1255 1906 et
1279 1869 1322 1907 in

306 1939 462 1990 quolib.
513 1943 641 1989 qusest
647 1970 655 1978 .
706 1942 745 1979 7.
787 1939 871 1979 Sed
920 1941 963 1981 in
1001 1941 1322 1983 accidentaliter

303 2014 509 2054 ordinatis
540 2026 624 2054 non
654 2015 731 2061 sic,
756 2017 854 2066 quia
886 2026 974 2056 non
1003 2015 1235 2067 requiritur
1262 2019 1319 2058 si¬

300 2092 457 2131 multas
498 2103 645 2132 earum
686 2091 741 2131 ad
781 2093 1061 2139 causandum,
1097 2098 1144 2133 ut
1171 2098 1319 2149 patet;

301 2167 403 2219 quia
430 2167 466 2207 si
503 2168 580 2215 sic,
623 2172 880 2218 sequeretur
927 2169 1044 2220 quod
1086 2170 1154 2210 hic
1188 2171 1317 2211 homo

301 2250 388 2279 non
417 2244 564 2290 posset
593 2252 820 2293 generare,
862 2241 942 2282 nisi
972 2245 1096 2283 simul
1135 2256 1315 2284 concur¬

299 2319 446 2355 rerent
487 2320 610 2366 pater
651 2317 760 2368 ejus,
803 2328 922 2366 avus,
972 2320 1149 2366 abavus,
1192 2331 1316 2371 proa¬

303 2403 397 2440 vus,
444 2395 486 2431 et
517 2394 577 2433 sic
608 2392 900 2441 ascendendo,
931 2396 1001 2434 vel
1028 2395 1069 2434 in
1093 2395 1317 2443 infinitum,

306 2467 375 2507 vel
395 2462 448 2506 ad
470 2468 653 2517 primum
687 2470 921 2520 hominem,
953 2475 1055 2522 puta
1087 2484 1226 2524 usque
1264 2475 1317 2514 ad

307 2543 459 2584 Adam.

359 2621 409 2659 Et
448 2630 501 2659 ex
546 2620 629 2660 hoc
670 2625 851 2671 apparet
887 2622 1141 2674 improbatio
1188 2625 1314 2670 illius,

307 2695 423 2746 quod
462 2695 519 2734 ait
551 2696 738 2736 Occham
788 2701 936 2738 contra
987 2700 1213 2740 Doctorem
1262 2700 1315 2740 de

305 2781 432 2810 causa
453 2781 532 2820 per
549 2783 596 2811 se
618 2776 660 2812 et
691 2783 770 2822 per
790 2773 992 2814 accidens
1012 2776 1054 2814 in
1082 2776 1119 2816 2.
1149 2777 1242 2816 dist.
1276 2778 1313 2815 2.

302 2851 442 2897 qusest.
478 2848 539 2887 10.
563 2848 635 2888 ubi
665 2849 769 2894 vult,
802 2849 916 2900 quod
954 2853 1012 2891 ita
1047 2851 1136 2892 haec
1165 2852 1218 2891 sit
1238 2864 1317 2903 per

300 2934 363 2972 se,
387 2924 550 2964 scilicet
596 2926 737 2965 album
772 2927 968 2976 calefacit
972 2960 980 2975 ,
1005 2929 1114 2968 sicut
1134 2931 1321 2970 calidum

301 2999 513 3048 calefacit,
570 3002 668 3051 quia
709 3005 792 3040 tam
817 3002 959 3041 album
983 3014 1111 3053 quam
1131 3005 1314 3045 calidum

301 3079 552 3126 supponunt
579 3088 655 3126 pro
675 3078 818 3127 aliquo
840 3080 1079 3129 supposito,
1099 3081 1168 3120 vel
1194 3085 1312 3121 utra¬

304 3162 387 3203 que
426 3152 479 3191 sit
515 3163 594 3202 per
639 3153 856 3201 accidens,
894 3165 986 3194 cum
1035 3158 1122 3195 tam
1155 3158 1310 3198 albedo

304 3239 432 3279 quam
462 3228 652 3269 caliditas
691 3230 856 3269 accidat
892 3234 1123 3282 supposito.
1161 3235 1208 3273 Et
1254 3235 1309 3274 ita

300 3314 388 3343 non
427 3306 492 3343 est
524 3304 663 3355 major
699 3305 823 3350 ratio,
856 3306 972 3355 quod
1004 3307 1184 3346 calidum
1233 3319 1311 3357 per

299 3388 345 3417 se
385 3377 605 3418 calefaciat
642 3391 770 3430 quam
814 3381 931 3430 quod
968 3382 1112 3422 album
1154 3394 1233 3433 per
1261 3395 1307 3423 se

301 3451 537 3501 calefaciat,
562 3465 659 3493 cum
687 3458 919 3504 utrumque
949 3456 1116 3496 accidat
1146 3468 1307 3507 suppo¬

300 3530 380 3568 sito
414 3527 686 3569 calefacienti.
723 3530 808 3570 Sed
845 3530 933 3570 haec
963 3542 1048 3571 non
1080 3536 1146 3571 est
1183 3543 1306 3572 mens

299 3606 492 3647 Doctoris
511 3610 559 3646 ut
577 3608 714 3658 patuit
734 3618 877 3658 supra.
900 3609 1070 3649 Diceret
1091 3611 1204 3650 enim
1225 3612 1306 3649 Do-

1395 350 1498 394 ctor,
1531 347 1627 388 ideo
1662 350 1850 391 calidum
1883 362 1962 400 per
1998 362 2044 390 se
2076 353 2283 404 calefacit,
2308 357 2405 406 quia

1392 425 1663 474 suppositum
1703 425 1870 466 habens
1900 426 2175 475 caliditalem,
2220 441 2313 481 quae
2342 438 2406 472 est

1392 509 1470 548 per
1488 509 1535 538 se
1556 498 1661 537 ratio
1690 498 1880 540 formalis
1920 501 2213 553 calefaciendi,
2248 516 2401 546 secun¬

1392 573 1494 613 dum
1515 575 1629 614 illam
1663 574 1873 616 calefacit.
1893 577 1943 615 Et
1963 577 2105 617 album
2136 590 2215 629 per
2241 591 2287 620 se
2316 592 2403 622 non

1391 650 1598 696 calefacit,
1622 653 1718 702 quia
1752 653 2021 704 suppositum
2056 655 2220 695 habens
2242 657 2399 698 albedi-

1388 734 1488 764 nem
1509 725 1750 766 secundum
1783 727 1913 775 illam,
1948 727 2060 767 nullo
2092 729 2220 770 modo
2260 733 2401 780 potest

1389 800 1644 850 calefacere,
1670 813 1766 842 cum
1787 815 1872 844 non
1906 806 1960 844 sit
1988 805 2093 844 ratio
2116 804 2303 846 formalis
2326 817 2394 847 ca¬

1386 876 1628 917 lefaciendi.

1440 952 1594 991 Contra
1625 952 1804 1002 primam
1836 954 2118 995 differentiam
2150 958 2287 1010 arguit
2311 958 2394 999 Oc-

2416 1008 2426 1040 Jcch
1390 1027 1512 1066 cham
1531 1028 1606 1068 ubi
1633 1039 1763 1078 supra
1797 1031 1857 1069 sic
1878 1030 2025 1070 dicens
2058 1044 2065 1069 :
2091 1032 2260 1081 Quaero,
2290 1010 2392 1084 quid

2415 1091 2426 1165 ^omn?
1389 1107 1454 1142 est
1476 1114 1648 1142 causam
1677 1105 1911 1144 secundam
1941 1106 2190 1156 dependere
2211 1119 2233 1147 a
2262 1109 2395 1158 prima

2416 1170 2426 1202 de
1389 1181 1431 1219 in
1463 1179 1680 1219 causando
1703 1181 1720 1219 ?
1761 1185 1834 1221 aut
1865 1183 1945 1222 hoc
1976 1186 2053 1230 est,
2089 1186 2187 1234 quia
2225 1186 2317 1225 sine
2346 1170 2395 1225 ea

1391 1266 1569 1296 causare
1600 1266 1683 1295 non
1705 1261 1868 1304 potest;
1893 1262 1966 1298 aut
1999 1261 2096 1304 quia
2130 1261 2171 1299 in
2202 1271 2279 1300 suo
2313 1272 2396 1300 esse

1392 1330 1612 1380 dependet
1649 1343 1672 1370 a
1705 1333 1866 1382 prima;
1900 1336 1973 1372 aut
2003 1336 2101 1384 quia
2135 1336 2287 1386 recipit
2314 1347 2398 1375 vir¬

1394 1409 1528 1445 tutem
1558 1417 1580 1445 a
1603 1406 1753 1456 prima,
1776 1408 1844 1448 vel
1874 1407 2060 1458 aliquam
2090 1409 2354 1450 influentiam
2373 1423 2396 1450 a

1393 1482 1545 1530 prima.
1582 1480 1768 1521 Primum
1798 1493 1901 1530 non,
1925 1484 2023 1533 quia
2044 1484 2086 1522 in
2115 1486 2274 1534 multis,
2296 1486 2405 1526 sicut

1393 1568 1518 1596 causa
1558 1556 1750 1597 secunda
1788 1570 1876 1600 non
1914 1563 2058 1610 potest
2088 1571 2265 1602 causare
2308 1563 2398 1602 sine

1392 1633 1543 1683 prima,
1575 1634 1632 1672 ita
1662 1643 1743 1673 nec
1781 1645 1803 1673 e
1852 1645 2058 1676 converso
2077 1650 2086 1685 ;
2122 1641 2256 1688 palet,
2306 1640 2404 1689 quia

1393 1710 1502 1753 sicut
1528 1710 1663 1749 multa
1688 1712 1862 1762 agentia
1891 1711 2164 1761 particularia
2196 1725 2282 1754 non
2304 1724 2402 1764 pos¬

1393 1789 1494 1825 sunt
1512 1797 1688 1825 causare
1720 1787 1922 1827 effectum
1951 1799 2075 1827 suum
2096 1790 2189 1829 sine
2211 1791 2324 1839 Sole,
2346 1791 2405 1830 ita

1393 1862 1465 1900 Sol
1493 1864 1585 1902 sine
1624 1863 1740 1913 ipsis.
1771 1864 1857 1903 Nec
1899 1865 2155 1914 secundum,
2189 1867 2288 1918 quia
2326 1867 2401 1906 ali¬

1395 1938 1568 1988 quando
1608 1949 1736 1978 causa
1775 1940 1997 1990 dependet
2023 1941 2064 1980 in
2105 1953 2188 1982 esse
2227 1946 2268 1982 et
2299 1955 2403 1982 con¬

1394 2016 1552 2054 servari
1593 2015 1644 2054 ab
1672 2014 1812 2066 aliqua
1843 2017 1937 2066 alia,
1959 2017 2051 2056 sine
2075 2029 2174 2067 qua,
2209 2019 2244 2058 si
2277 2030 2405 2058 causa

1394 2094 1722 2131 conservaretur
1742 2104 1764 2132 a
1804 2095 1910 2142 Deo,
1941 2094 2221 2134 nihilominus
2258 2099 2407 2146 posset

1393 2167 1571 2207 effectus
1619 2178 1729 2208 esse.
1774 2170 1861 2208 Nec
1902 2172 2048 2219 potest
2087 2170 2177 2211 dari
2218 2173 2402 2221 tertium,

1392 2243 1489 2293 quia
1513 2244 1601 2283 talis
1628 2243 1849 2284 influentia
1872 2246 1941 2285 vel
1969 2246 2116 2294 motio,
2147 2258 2233 2286 non
2256 2251 2404 2297 posset

1393 2330 1504 2367 esse,
1536 2320 1616 2359 nisi
1645 2321 1698 2358 sit
1720 2322 1788 2360 vel
1809 2324 1950 2360 motus
1970 2322 2133 2370 localis,
2164 2323 2232 2363 vel
2263 2323 2402 2374 aliqua

1390 2396 1527 2435 forma
1564 2397 1857 2436 substantialis
1886 2397 1955 2437 vel
1993 2397 2284 2439 accidentalis.
2317 2400 2401 2440 Sed

1392 2475 1525 2522 patet,
1550 2472 1666 2522 quod
1694 2470 1948 2523 frequenter
1974 2484 2099 2513 causa
2138 2476 2328 2515 secunda
2357 2476 2400 2516 in

1390 2546 1580 2599 agendo,
1620 2557 1702 2586 nec
1743 2551 1909 2587 motum
1945 2549 2145 2598 localem,
2187 2561 2269 2590 nec
2311 2550 2396 2591 for¬

1389 2634 1501 2663 mam
1524 2622 1764 2662 absolutam
1785 2625 1937 2676 recipit
1957 2636 1981 2664 a
2010 2626 2160 2676 prima.

1441 2701 1648 2740 Praeterea
1680 2702 1921 2741 secundum
1950 2703 2125 2742 8cotum
2147 2704 2258 2752 alibi,
2294 2704 2400 2744 scili¬

1391 2778 1459 2817 cet
1487 2778 1532 2817 in
1573 2778 1715 2826 primo
1753 2780 1846 2818 dist.
1887 2779 1926 2828 3.
1968 2783 2107 2828 qusest.
2138 2781 2176 2820 7.
2213 2785 2250 2820 et
2280 2783 2323 2821 in
2360 2783 2397 2820 2.

1390 2857 1484 2896 dist.
1523 2855 1560 2903 3.
1597 2857 1738 2903 qusest.
1771 2856 1846 2894 ult.
1884 2858 1921 2894 et
1959 2856 2109 2903 diffuse
2155 2858 2198 2896 in
2243 2857 2398 2906 quolib.

1389 2935 1530 2981 qusest.
1552 2930 1611 2970 15.
1631 2929 1847 2980 objectum
1865 2933 1907 2970 et
1926 2931 2172 2972 intellectus
2193 2937 2289 2972 sunt
2309 2933 2401 2973 duae

1389 3016 1531 3047 causae
1552 3005 1751 3055 partiales
1777 3009 1980 3055 respectu
2006 3006 2322 3056 intellectionis,
2357 3013 2397 3048 et

1388 3086 1530 3124 tamen
1560 3080 1802 3120 secundum
1843 3092 1942 3120 eum
1982 3084 2134 3121 neutra
2175 3083 2395 3133 dependet

1386 3157 1438 3196 ab
1461 3157 1540 3196 alia
1561 3157 1603 3195 in
1625 3156 1856 3202 causando,
1881 3156 1959 3195 sed
1979 3160 2160 3207 utraque
2192 3161 2279 3209 agit
2309 3159 2390 3199 vir¬

1384 3235 1474 3273 tute
1515 3232 1700 3281 propria,
1735 3235 1778 3270 ut
1815 3234 1932 3280 patet
1964 3232 2016 3270 ab
2054 3231 2148 3281 ipso
2188 3234 2314 3273 Scoto
2351 3237 2392 3273 in

1379 3311 1520 3359 primo
1540 3310 1633 3348 dist.
1657 3308 1695 3356 3.
1718 3311 1859 3357 qusest.
1893 3308 2052 3355 penult.
2076 3311 2114 3347 et
2148 3309 2255 3348 alibi
2270 3321 2389 3359 ssepe.

1381 3388 1429 3426 Et
1451 3389 1550 3424 tunc
1573 3384 1727 3433 quaerit
1748 3383 1933 3423 Occham
1952 3395 1960 3427 ;
1999 3387 2072 3422 aut
2109 3388 2209 3424 sunt
2242 3395 2391 3425 essen¬

1380 3462 1534 3501 tialiter
1580 3459 1797 3505 ordinatae,
1849 3462 1920 3498 aut
1961 3457 2296 3499 accidentaliter.
2350 3462 2390 3502 Si

1379 3536 1533 3584 primo,
1565 3545 1668 3585 ergo
1689 3545 1774 3574 non
1797 3543 1971 3584 semper
1998 3534 2188 3574 secunda
2223 3535 2385 3586 depen¬

1385 3612 1456 3651 det
1477 3622 1499 3650 a
1521 3611 1655 3660 prima
1686 3611 1727 3648 in
1750 3608 1983 3650 causando.
2007 3609 2047 3649 Si
2077 3609 2284 3659 secundo,
2318 3621 2387 3652 er-
