2653 3979
322 290 406 318 non
430 284 544 320 esset
566 291 745 321 necesse
763 293 874 328 esse,
897 284 993 333 quia
1016 284 1131 321 esset
1161 282 1335 319 circum¬

319 356 475 404 scripta
506 356 611 395 ratio
633 358 885 407 simpliciter
906 358 1152 398 necessario
1186 367 1333 396 essen-

318 428 384 475 di;
430 429 472 468 in
530 433 766 480 proposito,
826 433 915 472 istae
972 433 1176 472 enlitates
1243 442 1336 482 quae

317 508 586 545 constituunt
640 509 781 556 ipsum
841 512 868 548 A
928 515 1028 548 sunt
1085 509 1334 560 simpliciter

318 591 498 620 necesse
556 592 668 628 esse,
707 584 817 624 sicut
865 587 906 622 et
954 587 1096 634 ipsum
1149 587 1192 629 A,
1235 584 1333 634 quia

319 656 437 706 quod
477 661 540 696 est
561 667 743 698 necesse
774 669 870 699 esse
900 661 942 698 in
962 660 1097 709 primo
1131 662 1245 706 ente,
1271 664 1335 699 est

320 731 376 770 ibi
406 741 587 773 necesse
636 744 734 774 esse
780 734 823 774 in
870 736 1019 774 ultima
1058 737 1332 774 necessitate.

324 808 415 846 Non
451 807 565 846 enim
604 807 760 848 dantur
805 810 966 860 gradus
1003 810 1060 850 ibi
1098 812 1336 850 necessita¬

333 883 398 930 tis,
429 883 671 923 secundum
710 896 818 935 quos
857 897 940 925 una
989 885 1154 926 dicatur
1199 886 1339 937 major

327 963 368 998 et
407 960 538 998 altera
569 960 718 1008 minor,
761 966 802 1000 et
848 962 947 1004 ideo
983 966 1067 1001 stat
1103 973 1333 1013 argumen¬

334 1039 420 1074 tum
460 1037 669 1083 Doctoris,
719 1037 835 1087 quod
866 1038 899 1077 si
933 1041 960 1077 A
1003 1042 1121 1078 esset
1156 1049 1338 1078 necesse

330 1121 442 1158 esse,
474 1111 543 1150 illa
591 1111 750 1161 duplici
788 1114 1050 1152 necessitate
1073 1113 1338 1153 circumscri¬

326 1185 395 1230 pta
438 1190 539 1226 una,
575 1185 657 1228 etc,
698 1183 746 1221 Et
785 1183 846 1222 sic
887 1183 1102 1230 concedo,
1143 1184 1259 1234 quod
1305 1184 1341 1224 si

323 1255 481 1295 animal
528 1259 594 1295 est
630 1257 883 1306 simpliciter
924 1261 1031 1297 ratio
1089 1261 1337 1300 necessario

326 1330 499 1371 essendi
547 1331 706 1372 homini
765 1337 806 1372 et
865 1334 1058 1373 similiter
1115 1337 1340 1382 rationale,

327 1408 427 1444 tunc
464 1405 592 1445 homo
651 1409 840 1448 existens
894 1419 1076 1448 necesse
1115 1420 1211 1449 esse
1264 1412 1341 1449 ista

327 1475 486 1525 duplici
532 1478 791 1519 necessitate
848 1478 1099 1528 simpliciter
1155 1485 1197 1519 et
1244 1481 1340 1520 ulti¬

327 1557 455 1598 mate,
506 1562 582 1601 per
628 1554 891 1602 impossibile
925 1556 1218 1605 circumcripta
1239 1567 1340 1603 una,

329 1621 458 1661 e'iam
505 1631 686 1662 necesse
741 1633 837 1662 esse
907 1627 950 1663 et
1007 1635 1094 1664 non
1160 1636 1342 1666 necesse

331 1707 442 1743 esse,
473 1699 534 1737 sic
600 1696 761 1737 dictum
816 1700 1008 1739 Doctoris
1051 1699 1104 1739 de
1149 1703 1343 1740 necessi¬

332 1776 417 1812 tate
448 1774 571 1823 primi
609 1773 792 1814 effectivi
823 1774 953 1814 debet
989 1776 1185 1827 intelligi.

385 1849 470 1888 Sed
510 1850 694 1888 occurrit
731 1849 954 1890 difficultas
1003 1851 1176 1901 duplex.
1209 1852 1343 1892 Prima

331 1925 374 1964 in
418 1926 501 1965 hoc
532 1926 648 1976 quod
688 1925 771 1965 dixi
814 1928 1056 1968 secundum
1097 1930 1342 1976 Doctorem,

332 2000 450 2051 quod
484 2004 720 2052 conceptus
762 2005 872 2043 entis
911 2006 978 2043 est
1020 2005 1235 2053 posterior
1265 2016 1344 2044 en-

332 2079 450 2117 titate
491 2078 615 2127 primi
644 2078 853 2125 effectivi;
895 2079 931 2117 si
950 2080 1029 2126 sic,
1067 2079 1237 2119 videtur
1264 2081 1344 2120 sibi

330 2153 642 2201 contradicere,
683 2156 784 2204 quia
820 2155 912 2204 ipse
962 2155 1048 2194 vult
1085 2157 1130 2194 in
1170 2157 1203 2195 1.
1237 2158 1277 2196 d.
1303 2159 1340 2198 3.

329 2234 365 2268 et
395 2231 434 2268 d.
457 2229 495 2267 8.
521 2229 637 2280 quod
657 2229 918 2279 praedicetur
932 2230 975 2280 in
998 2232 1125 2280 quid;
1149 2235 1191 2270 et
1209 2234 1244 2272 si
1265 2233 1340 2280 sic,

332 2307 431 2344 tunc
470 2306 665 2356 sequitur
695 2305 811 2356 quod
845 2308 911 2345 est
946 2307 1060 2355 prior
1105 2307 1176 2347 illo
1217 2308 1342 2358 quid-

328 2380 499 2420 dilative
522 2384 565 2420 et
584 2380 636 2420 de
659 2381 896 2431 quidditate
918 2381 1027 2432 ejus.

382 2457 500 2503 Dico,
523 2457 639 2507 quod
677 2457 748 2496 ille
780 2461 1017 2509 conceptus
1053 2469 1105 2497 ex
1150 2459 1231 2499 hoc
1269 2471 1342 2510 po¬

330 2535 411 2571 test
450 2531 533 2571 dici
585 2532 639 2571 de
697 2532 949 2583 quidditate,
999 2537 1042 2573 et
1080 2536 1205 2584 prior,
1245 2537 1344 2586 quia

330 2608 510 2646 sumitur
554 2608 604 2646 ab
647 2608 824 2647 entitate
868 2608 1009 2648 divina
1048 2609 1342 2660 quidditativa,

331 2685 474 2721 tamen
513 2685 555 2722 in
620 2694 682 2730 se,
718 2683 788 2722 ille
845 2688 1082 2735 conceptus
1134 2688 1242 2725 entis
1280 2691 1345 2727 est

327 2754 557 2802 posterior,
591 2763 672 2791 nec
695 2752 798 2793 dicit
827 2753 989 2804 aliquid
1026 2756 1251 2805 pertinens
1288 2757 1342 2795 ad

332 2828 616 2880 quidditatem
663 2829 752 2868 Dei.
793 2830 842 2868 Et
881 2840 934 2868 ex
968 2830 1051 2869 hoc
1102 2831 1218 2880 quod
1258 2832 1344 2871 dixi

329 2903 512 2951 possunt
557 2900 662 2939 solvi
709 2900 852 2939 multae
871 2900 1154 2951 objectiones.

383 2970 582 3010 Secunda
622 2968 848 3009 difficultas
888 2972 964 3017 est,
1002 2981 1055 3009 an
1104 2974 1341 3022 conceptus

331 3053 442 3091 entis
480 3052 535 3091 sit
573 3053 784 3102 posterior
822 3056 1034 3100 creatura,
1073 3063 1170 3092 cum
1213 3054 1341 3093 etiam

331 3131 527 3167 sumatur
556 3138 579 3167 a
610 3127 679 3166 tali
712 3131 924 3168 creatura.

383 3199 486 3238 Dico
553 3196 793 3237 secundum
857 3197 1024 3247 aliquos
1076 3201 1342 3248 exponentes

331 3277 574 3320 Doctorem,
632 3273 746 3324 quod
823 3277 1058 3324 conceptus
1110 3276 1219 3315 entis
1271 3276 1341 3326 qui

331 3354 397 3391 est
424 3349 705 3402 praedicabilis
745 3348 798 3388 de
845 3350 934 3388 Deo
976 3353 1018 3389 et
1065 3353 1260 3390 creatura
1299 3353 1342 3390 in

331 3428 446 3477 quid,
490 3431 552 3466 est
572 3425 819 3476 simpliciter
838 3426 956 3476 prior
983 3427 1100 3465 omni
1130 3429 1340 3476 creatura,

333 3507 430 3536 cum
473 3497 568 3536 talis
617 3499 850 3545 conceptus
888 3495 1023 3545 primo
1062 3502 1253 3536 sumatur
1289 3498 1341 3536 ab

337 3568 522 3608 essentia
567 3566 687 3620 primi
744 3566 957 3613 effectivi;
1005 3570 1147 3617 potest
1197 3570 1340 3608 tamen

1413 280 1491 320 dici
1559 279 1874 331 quodammodo
1940 278 2170 329 posterior,
2232 280 2356 328 prout
2395 288 2416 315 a

1411 360 1604 396 creatura
1625 357 1896 401 abstrahitur,
1932 355 2104 405 proprie
2145 358 2286 393 tamen
2318 364 2416 402 prae¬

1411 431 1574 470 dicatur
1620 432 1661 481 in
1709 433 1811 481 quid
1846 431 1899 470 de
1940 433 2154 475 creatura,
2198 431 2242 467 ut
2288 429 2418 477 prior.

1410 506 1557 545 Posset
1596 509 1739 545 tamen
1778 505 1874 552 dici,
1912 504 2028 555 quod
2077 507 2310 552 conceptus
2349 512 2419 540 en¬

1411 581 1461 618 tis
1491 590 1543 618 ex
1584 582 1732 619 natura
1771 579 1834 618 rei
1872 589 1957 618 non
1997 580 2062 617 est
2099 578 2214 626 prior
2253 575 2419 626 quiddi-

1409 656 1536 695 tative
1576 659 1618 695 et
1649 656 1932 695 essentialiter
1980 657 2189 698 creatura,
2212 663 2294 692 nec
2326 662 2419 701 pro¬

1409 732 1498 783 prie
1543 731 1596 771 de
1637 730 1876 782 quidditate
1917 730 2026 781 ejus,
2059 734 2100 768 et
2136 729 2216 768 hoc
2265 739 2314 766 ex
2342 738 2422 766 na¬

1412 812 1503 846 tura
1553 807 1630 853 rei,
1679 806 1758 846 sed
1796 807 1894 856 quia
1943 804 2200 844 abstrahitur
2236 803 2288 841 ab
2328 803 2419 851 ipsa

1412 888 1605 923 creatura
1666 882 1962 934 quidditalive,
2021 880 2118 920 ideo
2168 878 2419 930 praedicatur

1408 954 1451 1002 in
1470 954 1573 1002 quid
1612 953 1665 992 de
1702 953 1785 992 illa.

1463 1025 1522 1062 Ex
1550 1023 1613 1062 his
1653 1026 1770 1073 patet
1801 1024 2024 1073 responsio
2064 1024 2118 1062 ad
2153 1025 2335 1073 primum
2356 1035 2419 1063 ar¬

1413 1100 1666 1148 gumentum
1737 1097 1919 1136 Occham
1942 1130 1952 1145 ,
2011 1100 2110 1148 quia
2165 1099 2242 1138 etsi
2306 1100 2420 1139 Deus

1415 1171 1457 1206 et
1475 1172 1668 1207 creatura
1691 1169 1949 1207 conveniant
1978 1170 2019 1206 in
2046 1172 2260 1218 conceptu
2294 1170 2418 1214 entis,

1414 1255 1501 1283 non
1529 1247 1672 1283 tamen
1707 1243 1777 1284 ille
1811 1248 2048 1294 conceptus
2078 1256 2171 1284 cum
2201 1246 2255 1284 sit
2275 1250 2419 1294 poste¬

1413 1321 1492 1358 rior
1515 1319 1620 1364 Deo,
1656 1323 1796 1369 potest
1834 1320 1917 1360 dici
1947 1321 2051 1359 ratio
2091 1321 2336 1360 necessario
2358 1332 2423 1360 es¬

1415 1395 1539 1435 sendi
1574 1396 1723 1446 ipsius,
1758 1398 1840 1435 etc.
1875 1396 1917 1435 Si
1937 1396 2065 1442 etiam
2085 1401 2109 1442 A
2136 1401 2176 1436 et
2212 1401 2256 1445 B,
2281 1402 2424 1438 essent

1418 1471 1514 1511 duse
1542 1475 1717 1520 naturae,
1752 1472 1898 1522 specie
1929 1470 2136 1513 distinctae
2169 1472 2304 1524 (quod
2337 1485 2421 1512 non

1417 1548 1546 1588 credo
1587 1559 1682 1588 esse
1721 1559 1885 1595 verum,
1924 1553 1970 1587 ut
2002 1551 2162 1599 patebit
2193 1562 2271 1601 per
2299 1563 2423 1604 argu¬

1417 1629 1611 1665 mentum
1639 1627 1832 1675 Doctoris
1866 1629 2065 1675 praesenti
2081 1628 2120 1667 d.
2145 1633 2288 1676 qusest.
2313 1629 2418 1668 illa:

1416 1706 1476 1741 An
1520 1706 1684 1741 tantum
1727 1704 1778 1741 sit
1829 1714 1936 1742 unus
1985 1706 2107 1750 Deus,
2147 1703 2263 1754 quod
2295 1706 2422 1745 etiam

1417 1785 1718 1829 argumentum
1732 1779 1883 1818 recitat
1907 1780 2110 1830 magister
2131 1780 2330 1828 Occham,
2353 1783 2426 1823 ubi

1418 1864 1548 1902 supra
1582 1853 1850 1904 acceptando
1881 1854 1986 1893 illud
2016 1859 2220 1906 tanquam
2256 1867 2419 1902 verum,

1419 1935 1460 1970 et
1497 1929 1747 1970 affirmando
1788 1930 1904 1981 quod
1941 1937 1967 1970 A
2010 1933 2052 1969 et
2098 1933 2130 1969 B
2176 1941 2263 1971 non
2300 1932 2420 1972 diffe¬

1417 2010 1514 2046 runt
1550 2007 1712 2056 specie,
1745 2006 1842 2056 quia
1877 2017 2009 2045 unum
2048 2010 2162 2046 esset
2192 2007 2428 2056 perfectius

1416 2082 1497 2120 alio
1547 2082 1847 2130 essentialiter,
1897 2081 1976 2122 sed
2031 2081 2233 2122 differunt
2284 2085 2423 2123 solum

1416 2162 1612 2200 numero,
1666 2152 1763 2192 vide
1801 2152 1875 2204 ibi)
1925 2152 2065 2192 adhuc
2121 2159 2424 2204 argumentum

1416 2222 1609 2260 Doctoris
1643 2222 1934 2269 concluderet,
1975 2223 2074 2273 quia
2110 2226 2139 2261 A
2189 2223 2242 2262 de
2275 2233 2425 2262 neces¬

1416 2291 1539 2330 sitate
1568 2292 1748 2331 haberet
1768 2302 1896 2330 unam
1926 2292 2164 2332 realitatem
2203 2303 2287 2343 qua
2326 2303 2424 2332 con¬

1416 2365 1584 2403 veniret
1625 2367 1722 2403 cum
1753 2367 1799 2411 B,
1844 2366 1886 2403 et
1914 2364 2040 2402 aliam
2070 2375 2154 2414 qua
2177 2363 2367 2403 differret
2399 2375 2423 2403 a

1418 2440 1464 2485 B,
1491 2449 1581 2488 quse
1605 2438 1823 2477 realitates
1864 2438 2010 2475 essent
2048 2435 2213 2485 priores
2251 2435 2344 2485 ipso
2377 2439 2423 2484 A,

1419 2511 1459 2547 et
1495 2511 1594 2547 tunc
1638 2506 1847 2547 formetur
1880 2507 2200 2558 argumentum,
2235 2506 2281 2543 ut
2306 2504 2426 2554 prius

1421 2577 1474 2617 de
1503 2578 1584 2617 illis
1612 2577 1895 2617 realitatibus.

1469 2649 1509 2687 Si
1548 2647 1730 2694 dicatur,
1777 2646 1892 2696 quod
1920 2647 2001 2686 hoc
2033 2644 2204 2685 videtur
2236 2645 2359 2695 sequi
2381 2648 2427 2684 ut

1419 2721 1688 2768 comparatur
1719 2718 1773 2756 ad
1817 2720 2067 2763 creaturam,
2119 2726 2216 2766 quia
2264 2718 2422 2758 certum

1418 2792 1483 2828 est
1521 2788 1637 2839 quod
1672 2788 1802 2827 habet
1839 2786 1999 2836 aliquid
2029 2787 2072 2824 in
2111 2796 2195 2836 quo
2225 2785 2424 2824 convenit

1418 2871 1515 2899 cum
1563 2863 1772 2905 creatura,
1823 2860 1921 2908 quia
1960 2867 2037 2896 ens
2081 2855 2335 2906 praedicatur
2380 2855 2423 2893 in

1417 2933 1520 2980 quid
1551 2930 1604 2969 de
1626 2934 1824 2979 utroque,
1845 2932 1892 2967 ut
1933 2931 2048 2977 patet
2088 2938 2111 2966 a
2158 2928 2340 2966 Doctore
2359 2928 2424 2966 in¬

1416 3002 1478 3040 fra
1509 3003 1548 3040 d.
1599 3001 1637 3049 3.
1683 3012 1722 3049 q.
1762 3001 1798 3039 8.
1836 3004 1876 3038 et
1922 3000 2049 3038 etiam
2089 2997 2220 3037 habet
2263 2995 2425 3046 aliquid

1417 3083 1500 3122 quo
1553 3071 1694 3109 differt
1740 3082 1761 3108 a
1807 3073 2015 3114 creatura,
2053 3071 2100 3106 ut
2149 3065 2423 3106 manifestum

1417 3148 1496 3188 est,
1544 3145 1586 3180 et
1639 3140 1698 3179 sic
1745 3139 1952 3178 formetur
2009 3138 2317 3188 argumentum
2369 3134 2422 3173 de

1414 3214 1493 3252 illis
1524 3210 1787 3250 realitatibus
1819 3212 1865 3247 ut
1901 3207 2032 3256 prius.

1467 3283 1568 3323 Dico
1603 3279 1789 3320 breviter
1821 3276 1936 3328 quod
1965 3277 2000 3316 si
2037 3277 2065 3313 d
2088 3272 2314 3312 conveniat
2331 3283 2427 3317 cum

1416 3355 1607 3392 creatura
1645 3352 1688 3388 in
1728 3348 1869 3398 aliquo
1893 3355 2053 3394 concep
2079 3355 2121 3392 u,
2153 3354 2239 3382 non
2280 3346 2422 3381 tamen

1417 3421 1618 3461 convenit
1649 3430 1745 3458 cum
1773 3419 1862 3467 ipsa
1892 3417 1934 3455 in
1965 3416 2106 3466 aliqua
2128 3413 2334 3459 realitate,
2377 3416 2425 3450 ut

1416 3495 1534 3544 patet
1564 3503 1586 3531 a
1617 3490 1797 3530 Doctore
1828 3490 1867 3526 d.
1889 3487 1926 3526 8.
1952 3488 1994 3525 et
2032 3486 2092 3524 sic
2112 3488 2137 3524 d
2170 3484 2311 3535 seipso
2344 3481 2422 3522 dif¬

1415 3564 1548 3604 ferret
1587 3573 1610 3602 a
1657 3562 1866 3600 creatura.
