2653 3979
392 304 566 352 optimo.
607 307 696 345 Non
737 312 850 348 enim
897 310 1054 360 aliquid
1094 312 1235 350 unitur
1271 312 1388 351 alteri

386 379 464 418 nisi
506 378 697 422 includat
733 386 998 434 relationem,
1043 398 1124 438 qua
1159 385 1392 428 formaliler

389 454 542 496 dicitur
561 460 669 498 uniri
693 462 961 501 leiminatam
983 464 1036 503 ad
1066 462 1169 503 illud
1201 466 1265 504 cui
1293 466 1389 503 uni¬

389 533 455 569 tur
486 536 528 572 et
549 537 833 587 conjungitur.
867 538 987 578 Unde
1008 540 1166 579 Doctor
1186 551 1389 590 expresse

386 613 525 655 quaesi.
570 613 630 659 13.
678 615 870 659 Quodlib.
910 615 996 655 vult
1038 616 1153 667 quod
1199 618 1388 667 operatio

379 684 578 725 beatifica
631 688 821 729 includat
855 691 908 730 de
951 692 1210 732 necessitate
1249 693 1387 732 relati¬

380 771 507 798 onem
560 764 720 802 realem
767 766 1034 805 terminatam
1076 767 1128 806 ad
1167 768 1387 819 objectum

376 838 423 874 ut
467 836 658 877 existens
698 842 776 878 est.
818 842 866 879 Et
906 841 947 880 in
982 842 1063 881 hoc
1100 843 1269 882 videtur
1311 844 1391 883 sibi

380 910 688 958 contradicere,
718 916 813 964 quia
845 917 1081 965 quaestione
1115 919 1391 969 praeallegata

382 983 469 1023 vult
489 987 605 1034 quod
647 993 765 1027 actus
786 989 1008 1030 beatificus
1027 992 1269 1032 intellectus
1293 993 1390 1033 divi¬

384 1060 426 1098 ni
447 1062 605 1102 nullam
626 1064 877 1105 relationem
904 1067 1096 1107 includat
1126 1068 1389 1109 terminatam

384 1133 437 1173 ad
467 1134 602 1183 ipsam
643 1141 889 1187 essentiam,
938 1152 1029 1191 qua}
1068 1145 1133 1180 est
1174 1142 1392 1194 objectum

386 1208 647 1259 beatificum,
681 1216 724 1251 et
752 1224 838 1254 non
871 1219 1031 1255 tantum
1053 1217 1302 1257 relationem
1323 1229 1389 1258 re¬

384 1285 510 1332 alem,
541 1288 618 1327 sed
656 1300 738 1329 nec
759 1292 885 1330 etiam
917 1293 1168 1333 relationem
1201 1295 1388 1344 rationis,

394 1363 436 1398 et
468 1363 608 1402 tamen
631 1365 698 1405 hic
719 1367 918 1407 concedit
957 1370 1072 1419 quod
1109 1382 1211 1410 vere
1248 1373 1394 1412 unitur

383 1444 425 1480 et
447 1441 723 1493 conjungitur
759 1443 929 1495 objecto
952 1446 1126 1494 optimo,
1152 1451 1230 1488 etc.

434 1516 711 1566 Respondeo,
735 1518 851 1568 quod
873 1520 1044 1569 quando
1068 1525 1132 1560 est
1160 1524 1260 1564 unio
1280 1525 1391 1564 inter

383 1592 525 1642 aliqua
557 1592 728 1632 realiter
768 1594 968 1634 distincta
1000 1599 1043 1636 et
1075 1597 1274 1638 habentia
1308 1612 1390 1640 esse

380 1666 510 1705 realis
568 1667 800 1708 existentise
854 1669 1080 1710 includunt
1139 1672 1390 1714 relationem

385 1742 559 1788 realem,
584 1746 626 1782 et
659 1744 831 1793 quando
861 1748 925 1784 est
951 1746 1062 1786 inter
1091 1750 1282 1790 extrema
1310 1751 1388 1790 ha¬

381 1816 526 1856 bentia
575 1826 659 1856 esse
704 1818 946 1869 secundum
985 1822 1083 1870 quid
1121 1821 1189 1861 vel
1233 1824 1387 1863 saltem

377 1902 507 1932 unum
531 1893 714 1941 illorum,
750 1898 849 1934 tunc
869 1905 956 1934 non
979 1902 1042 1937 est
1069 1908 1248 1938 necesse
1270 1900 1386 1950 quod

380 1968 602 2009 includant
635 1970 885 2012 relationem
911 1973 1090 2021 realem,
1112 1979 1156 2013 ut
1185 1979 1302 2024 patet
1332 1976 1385 2016 de

383 2044 628 2096 cognitione
659 2045 912 2086 abstractiva
935 2058 1027 2097 quae
1047 2049 1192 2088 unitur
1216 2052 1384 2102 objecto

381 2120 556 2159 habenti
594 2132 678 2160 esse
710 2125 870 2161 tantum
911 2124 1152 2175 secundum
1190 2128 1304 2175 quid,
1339 2132 1385 2167 ut

382 2197 500 2243 patet
528 2205 550 2233 a
585 2196 769 2245 Doctore
804 2208 841 2245 q.
880 2197 941 2243 18.
978 2200 1170 2244 Quodlib.
1206 2201 1384 2250 Quando

381 2280 483 2309 vero
507 2275 573 2309 est
594 2272 705 2309 inter
726 2274 916 2311 extrema
947 2273 1006 2312 sic
1027 2275 1196 2314 realiter
1216 2277 1384 2326 eadem,

378 2345 496 2396 quod
540 2355 677 2385 unum
721 2345 890 2387 illorum
925 2350 1086 2390 unitive
1126 2354 1191 2390 est
1226 2353 1268 2392 in
1303 2355 1382 2394 alio

377 2421 620 2461 secundum
667 2423 957 2463 omnimodam
1001 2426 1267 2468 identitatem
1314 2441 1384 2469 re¬

375 2498 500 2545 alem,
524 2501 624 2537 tunc
644 2499 699 2537 ibi
720 2500 837 2539 nulla
858 2504 923 2539 est
941 2502 1106 2549 relatio,
1140 2514 1221 2544 nec
1242 2506 1383 2553 realis,

374 2584 456 2613 nec
477 2575 674 2622 rationis;
700 2579 743 2614 et
763 2576 824 2615 sic
854 2580 974 2616 actus
1002 2578 1224 2620 beatificus
1255 2582 1378 2622 intel¬

375 2650 511 2689 lectus
560 2650 687 2690 divini
724 2652 884 2691 nullam
924 2653 1176 2694 relationem
1205 2657 1384 2698 includit

375 2726 431 2766 ad
453 2728 684 2768 essentiam
714 2731 761 2768 ut
789 2728 1010 2780 objectum
1043 2730 1304 2781 beatificum,
1337 2739 1384 2774 ut

379 2804 535 2843 Doctor
573 2804 748 2854 exponit
797 2805 858 2854 13.
897 2810 1037 2854 quaesi.
1090 2809 1276 2852 Quodlib.
1310 2810 1381 2850 Hic

380 2891 484 2931 ergo
508 2879 640 2920 debet
667 2882 849 2932 intelligi
868 2882 969 2921 unio
998 2885 1198 2933 potentiae
1229 2886 1284 2925 ad
1304 2888 1380 2927 ob¬

368 2956 535 3007 jectum
567 2968 643 3006 pro
677 2956 836 2996 unione
863 2956 1191 3008 fundamentali,
1221 2963 1384 3002 scilicet

378 3031 495 3083 quod
516 3031 607 3082 ipsa
628 3034 820 3082 potentia
844 3044 920 3083 per
940 3035 1237 3084 operationem
1261 3039 1384 3078 abso¬

375 3109 507 3147 lutam
545 3119 645 3148 vere
686 3109 853 3161 attingit
892 3111 1097 3159 optimum
1147 3111 1382 3163 objectum,

380 3185 490 3224 sicut
530 3183 656 3222 etiam
696 3184 853 3224 Doctor
893 3185 984 3224 vult
1032 3189 1236 3236 expresse
1264 3189 1309 3228 in
1343 3191 1382 3229 4.

377 3261 471 3299 dist.
526 3259 586 3299 10.
622 3263 657 3298 et
689 3260 753 3299 49.
793 3264 828 3298 et
860 3272 899 3309 q.
936 3262 995 3307 13.
1033 3263 1223 3307 Quodlib.
1268 3267 1382 3314 quod

375 3335 524 3374 ultima
558 3333 762 3385 perfectio
794 3337 997 3384 potentiae
1029 3337 1299 3379 intellectivae
1320 3344 1384 3380 est

382 3410 453 3448 illa
496 3419 581 3458 qua
628 3410 771 3448 unitur
813 3411 988 3459 optimo,
1029 3416 1070 3451 et
1107 3412 1218 3453 illam
1264 3419 1387 3455 vocat

376 3485 673 3534 operationem
702 3485 963 3533 absolutam;
1005 3491 1046 3526 et
1083 3489 1117 3526 si
1155 3488 1209 3529 ad
1248 3490 1382 3539 ipsam

383 3564 673 3617 consequatur
700 3561 841 3618 aliqua
879 3562 1025 3603 relatio
1064 3563 1119 3604 ad
1149 3564 1380 3619 objectum,

1471 323 1524 351 ex
1561 313 1642 352 hoc
1682 319 1762 361 est,
1806 316 1904 365 quia
1947 317 2037 355 lalis
2077 317 2268 366 operatio
2305 316 2478 354 realiter

1468 388 1743 439 distinguitur
1772 391 1824 430 ab
1849 391 2038 442 objecto,
2063 394 2105 430 et
2124 393 2184 430 sic
2219 394 2334 441 patet
2366 401 2471 441 quo¬

1466 465 1595 504 modo
1619 476 1704 505 non
1738 470 1804 506 est
1826 467 2116 507 contradictio.

1517 536 1571 589 (c)
1592 541 1789 579 Secunda
1811 541 1938 579 ratio.
1965 541 2069 588 Quia
2102 540 2207 581 dixit
2226 539 2474 580 Aristoteles

1465 613 1581 664 quod
1611 615 1642 654 si
1676 616 1912 662 intelligere
1951 617 2073 666 primi
2115 621 2234 656 esset
2270 615 2384 655 aliud
2422 615 2473 653 ab

1463 690 1572 739 ipso,
1609 693 1724 729 esset
1761 690 1977 730 laboriosa
2013 693 2103 742 ejus
2132 691 2412 736 continuatio,
2436 693 2479 728 et

1464 766 1635 812 Doctor,
1660 766 1729 804 ubi
1754 777 1892 814 supra,
1912 768 2102 817 assignat
2123 768 2348 812 rationem,
2376 766 2475 815 quia

1464 839 1657 888 potentia
1678 840 1948 881 solummodo
1984 844 2204 891 receptiva
2239 846 2304 880 est
2323 844 2477 889 poten¬

1468 914 1521 952 tia
1561 916 1923 964 contradictionis,
1958 921 2004 956 ut
2033 921 2165 967 patet,
2200 920 2298 967 quia
2326 918 2359 956 si
2384 919 2474 954 tan¬

1467 993 1554 1028 tum
1590 1001 1637 1029 se
1676 992 1808 1030 habet
1846 994 2082 1045 receptive,
2123 995 2318 1044 sequitur
2356 992 2472 1043 quod

1466 1063 1621 1102 nullam
1645 1066 1952 1105 necessitatem
1987 1066 2098 1105 dicat
2125 1071 2325 1118 respectu
2353 1076 2473 1106 rece¬

1467 1140 1543 1185 pti,
1564 1143 1611 1177 ut
1630 1143 1748 1188 patet
1768 1151 1791 1179 a
1812 1141 1996 1181 Doctore
2017 1142 2060 1180 in
2075 1142 2242 1191 prolog.
2266 1146 2405 1190 quaest.
2428 1143 2477 1180 de

1468 1213 1650 1261 subjecto
1684 1215 1914 1264 Theologiae
1921 1247 1929 1262 ,
1961 1220 2004 1254 et
2035 1218 2095 1255 sic
2125 1217 2368 1256 intellectus
2387 1217 2471 1265 pri¬

1469 1291 1524 1329 mi
1556 1294 1705 1339 posset
1744 1302 1838 1331 esse
1879 1292 2108 1344 aliquando
2142 1293 2402 1343 inlelligens,
2434 1297 2475 1332 et

1472 1365 1700 1414 aliquando
1732 1376 1833 1413 non,
1856 1370 1898 1407 et
1925 1368 2006 1407 hoc
2028 1371 2094 1407 est
2115 1367 2232 1419 quod
2254 1367 2367 1408 dicit.

1517 1439 1578 1492 (d)
1624 1441 1755 1480 Aliter
1801 1445 2032 1483 ostenditur
2075 1446 2352 1494 propositum.
2402 1445 2473 1483 Hic

1464 1517 1585 1565 ponit
1631 1518 1841 1557 rationem
1876 1519 1922 1558 D.
1959 1518 2129 1559 Thomse
2160 1522 2202 1558 in
2235 1520 2328 1558 dist.
2360 1521 2398 1560 3.
2433 1525 2476 1558 et

1464 1589 1606 1640 iEgid.
1641 1592 1735 1631 dist.
1757 1593 1795 1641 2.
1824 1594 1970 1641 primi,
2002 1595 2043 1632 et
2065 1596 2169 1634 ratio
2205 1598 2287 1633 stat
2315 1596 2357 1633 in
2377 1595 2474 1642 hoc,

1465 1666 1564 1716 quia
1611 1667 1832 1718 objectum
1878 1673 1920 1708 et
1965 1671 2158 1719 potentia
2212 1669 2475 1710 intellectiva

1462 1745 1562 1780 sunt
1594 1742 1730 1790 idem;
1773 1755 1876 1795 ergo
1908 1745 2142 1785 intellectio
2179 1756 2264 1796 qua
2295 1745 2383 1786 talis
2412 1746 2472 1785 in¬

1465 1818 1661 1857 tellectus
1694 1819 1891 1870 intelligit
1911 1821 2014 1860 illud
2048 1821 2281 1871 objectum.
2317 1823 2473 1861 Doctor

1464 1892 1564 1932 dicit
1601 1894 1711 1934 hanc
1748 1896 1960 1935 rationem
1997 1907 2083 1935 non
2116 1896 2391 1944 concludere,
2428 1902 2471 1938 et

1463 1975 1579 2019 palet
1598 1971 1795 2011 instantia
1818 1970 1871 2010 de
1892 1972 2113 2012 intellectu
2141 1973 2292 2023 Angeli
2314 1978 2356 2013 et
2376 1975 2470 2025 ejus

1463 2047 1665 2091 essentia,
1690 2057 1782 2096 quae
1809 2048 2003 2096 quamvis
2031 2047 2115 2087 sint
2142 2049 2314 2088 realiter
2338 2049 2468 2097 idem,

1461 2131 1547 2159 non
1571 2123 1714 2159 tamen
1736 2120 1967 2161 intellectio
1989 2122 2161 2160 realiter
2187 2122 2471 2162 identificatur

1460 2193 1556 2233 illis.

1511 2270 1566 2322 (e)
1604 2272 1698 2310 Haec
1737 2271 1947 2310 conclusio
1977 2274 2171 2320 secunda,
2214 2277 2297 2313 etc.
2334 2274 2469 2314 Primo

1457 2346 1652 2395 sequitur
1673 2346 1789 2396 quod
1824 2346 2017 2386 voluntas
2046 2349 2097 2386 sit
2121 2349 2236 2388 idem
2271 2350 2470 2389 essentiae

1459 2422 1628 2463 divinae.
1662 2423 1784 2469 Tum,
1807 2424 1904 2472 quia
1935 2425 1969 2462 si
1988 2424 2106 2471 velle,
2130 2429 2194 2464 est
2222 2423 2470 2474 simpliciter

1458 2498 1720 2538 incausabile
1751 2501 1798 2537 ut
1825 2509 1955 2549 supra
1994 2500 2147 2549 patuit;
2190 2512 2291 2551 ergo
2325 2513 2348 2541 a
2381 2501 2464 2542 for¬

1462 2576 1554 2616 tiori
1585 2580 1626 2614 et
1662 2576 1872 2622 voluntas,
1906 2576 2028 2626 cujus
2060 2579 2123 2615 est
2161 2578 2241 2616 tale
2273 2578 2399 2626 velle-,
2432 2580 2466 2617 si

1459 2653 1572 2693 enim
1592 2652 1807 2701 posterius
1828 2654 1892 2693 est
1912 2652 2161 2702 simpliciter
2189 2653 2465 2702 incausabile,

1461 2740 1565 2780 ergo
1588 2731 1630 2767 et
1649 2728 1790 2778 prius;
1822 2737 1920 2765 cum
1948 2738 2050 2778 ergo
2073 2728 2126 2767 sit
2147 2731 2311 2768 tantum
2331 2740 2465 2769 unum

1458 2803 1705 2855 simpliciter
1761 2803 2024 2843 incausabile
2065 2807 2109 2842 ut
2146 2816 2270 2856 supra
2316 2807 2465 2855 patuit,

1459 2881 1655 2930 sequitur
1685 2877 1802 2929 quod
1824 2880 1858 2918 si
1878 2879 2075 2918 voluntas
2105 2881 2159 2918 sit
2180 2880 2468 2928 incausabilis,

1460 2955 1576 3007 quod
1605 2955 1675 2993 illa
1708 2954 1786 2993 erit
1817 2954 1992 2993 realiter
2020 2955 2111 3003 ipsa
2144 2957 2280 3005 prima
2316 2960 2468 2996 natura

1460 3031 1631 3071 omnino
1648 3029 1933 3069 incausabilis.
1941 3031 2132 3069 Secundo
2153 3033 2341 3080 sequitur
2361 3035 2472 3082 quod

1460 3106 1702 3156 intelligere
1736 3104 1860 3155 primi
1893 3109 2092 3155 respectu
2113 3108 2176 3146 sui
2204 3108 2256 3145 sit
2277 3108 2386 3148 idem
2406 3108 2476 3147 illi

1460 3187 1638 3229 noturae,
1672 3182 1770 3232 quia
1800 3181 2046 3231 simpliciter
2081 3193 2263 3222 necesse
2286 3194 2381 3224 esse
2401 3195 2473 3235 pa¬

1462 3262 1538 3306 tet,
1570 3259 1669 3309 quia
1699 3260 1732 3298 si
1760 3257 1871 3298 velle
1902 3258 1955 3296 sit
1986 3268 2167 3298 necesse
2205 3269 2316 3307 esse,
2339 3272 2361 3300 a
2382 3260 2467 3300 for¬

1467 3335 1560 3375 tiori
1588 3334 1830 3384 intelligere
1848 3363 1856 3380 ,
1885 3343 1978 3373 cum
2013 3334 2184 3374 omnino
2211 3344 2464 3386 praesuppo-

1460 3415 1587 3452 natur
1626 3411 1707 3460 ipsi
1746 3410 1864 3457 velle,
1905 3411 1982 3449 sed
2023 3413 2185 3451 tantum
2224 3416 2287 3451 est
2330 3423 2462 3452 unum

1462 3497 1644 3527 necesse
1667 3489 1831 3526 esse.ut
1851 3496 1977 3535 supia
1999 3487 2154 3536 patuit;
2177 3489 2212 3526 si
2230 3488 2463 3538 intelligere

1455 3566 1509 3606 sit
1540 3572 1722 3605 necesse
1757 3573 1868 3613 esse,
1907 3563 1984 3604 erit,
2016 3563 2186 3604 realiter
2215 3565 2302 3617 ipsa
2322 3567 2458 3617 prima
