2740 3979
261 290 424 333 natura,
460 288 531 336 qui
565 290 630 327 est
659 288 907 338 simpliciter
938 299 1121 329 necesse
1150 301 1261 330 esse.

258 363 362 400 Tum
403 362 544 408 etiam,
580 364 677 413 quia
699 364 932 413 inlelligere
970 364 1140 404 videtur
1169 377 1262 415 pro¬

261 437 462 487 pinquius
491 442 648 478 natura
678 438 831 478 divinae
863 449 991 489 quam
1011 441 1137 488 velle;
1160 451 1262 491 ergo

259 512 293 551 si
313 511 416 550 velle
446 516 510 551 est
540 512 656 552 idem
677 514 748 562 illi,
772 525 795 553 a
815 513 976 552 fortiori
1000 515 1042 553 et
1061 515 1264 563 intellige-

257 598 316 626 re.
349 589 486 627 Tertio
526 591 743 638 sequitur,
788 588 905 639 quod
943 589 1183 630 intellectus
1212 590 1265 629 sit

259 662 373 702 idem
394 663 451 702 illi
483 667 656 710 naturae,
691 669 732 704 et
762 670 965 715 arguatur
996 665 1107 704 sicut
1132 676 1262 714 supra

259 741 458 789 argutum
480 742 544 778 est
567 739 618 778 de
651 740 871 779 voluntate
895 743 937 779 et
964 740 1082 779 velle.
1107 741 1261 788 Quarto

258 813 465 862 sequitur,
499 812 615 862 quod
648 815 739 863 ipsa
771 814 876 853 ratio
910 814 1178 865 intelligendi
1212 816 1264 855 sit

257 889 373 929 idem
405 889 497 936 sibi,
524 889 621 939 quia
642 890 710 928 illa
741 891 983 930 necessario
1012 902 1262 942 prasuppo-

256 966 370 1004 nitur
407 964 686 1005 intellectioni
720 968 762 1004 et
792 965 997 1012 volitioni,
1032 970 1074 1006 et
1110 967 1263 1017 accipit

254 1040 464 1079 rationem
495 1040 757 1089 intelligendi
786 1050 862 1089 pro
896 1039 1064 1080 formali
1095 1042 1259 1080 ratione

254 1114 458 1155 causandi
504 1116 572 1154 vel
610 1116 730 1165 quasi
778 1115 984 1155 causandi
1032 1117 1258 1156 intellecti¬

253 1200 382 1230 onem
402 1190 445 1228 in
471 1192 634 1230 ratione
668 1189 832 1229 formali
869 1190 1027 1240 objecti
1060 1191 1260 1242 intelligi-

254 1265 362 1313 bilis,
385 1264 594 1316 quidquid
614 1265 667 1304 sit
685 1266 768 1305 illa.

627 1380 886 1417 SCHOLIUM.

299 1497 443 1534 Tertiae
464 1496 735 1532 conclusionis
768 1496 1033 1541 praeambula,
1075 1497 1184 1532 velle
1222 1498 1261 1532 et

253 1561 484 1605 intelligere
505 1560 584 1595 alia
604 1570 625 1595 a
646 1569 688 1595 se
709 1569 787 1596 non
808 1569 896 1596 esse
921 1560 1107 1596 accidens
1129 1561 1261 1606 primo

254 1626 352 1662 enti.
376 1624 525 1666 Primo,
547 1624 643 1669 quia
663 1625 795 1659 omnia
829 1625 919 1660 vult
948 1627 1112 1670 propter
1138 1624 1259 1660 finem

255 1693 298 1726 ut
318 1699 438 1725 causa
459 1697 531 1733 per
552 1698 611 1734 se;
636 1697 732 1731 ergo
752 1697 798 1722 ea
829 1687 1037 1732 intelligit.
1057 1688 1260 1735 Secundo,

252 1753 353 1789 alias
374 1752 436 1787 sui
457 1750 682 1787 intellectio
702 1753 806 1786 esset
832 1750 907 1786 sibi
936 1750 1134 1787 accidens.
1164 1753 1260 1787 Ter¬

252 1819 320 1860 tio,
342 1816 562 1862 perfectior
577 1815 799 1851 intellectio
819 1818 923 1851 esset
942 1816 1120 1860 potentia
1147 1825 1260 1852 rece¬

253 1883 364 1928 ptiva
399 1880 712 1926 imperfectioris
750 1879 1055 1916 intellectionis.
1100 1882 1258 1923 Quarto,

253 1941 485 1984 intelligere
505 1938 630 1984 primi
651 1939 754 1974 entis
795 1940 854 1974 est
885 1939 1232 1983 perfectissimum
1250 1967 1258 1984 ,

253 2016 348 2051 ergo
370 2015 496 2041 unum
517 2005 694 2039 omnium
710 2003 1051 2047 intelligibilium.
1078 2005 1260 2047 Quintam

253 2070 451 2106 rationem
473 2067 647 2103 aliorum
668 2067 817 2112 rejicit.

312 2193 535 2239 Ostenso
557 2190 624 2248 (a)
653 2190 712 2236 de
739 2192 984 2248 intelligere
1008 2206 1051 2233 se
1076 2191 1128 2236 et
1154 2192 1262 2234 velle

252 2286 295 2314 se
328 2268 459 2328 quod
488 2267 592 2313 sint
622 2267 756 2312 idem
794 2266 1040 2313 essentiae
1080 2265 1256 2325 primi,

255 2341 470 2389 ostendo
541 2340 877 2400 propositum
937 2339 1256 2399 generalius,

254 2418 456 2465 scilicet
493 2417 551 2463 de
585 2417 727 2462 omni
780 2419 1025 2474 intelligere
1065 2419 1116 2463 et
1153 2419 1261 2461 velle

252 2494 417 2554 ipsius
448 2495 691 2552 respectu
720 2492 966 2544 aliorum,
999 2492 1133 2551 quod
1155 2492 1260 2539 sint

253 2570 495 2617 essentiae
515 2568 673 2628 primi
703 2569 852 2620 idem,
883 2570 933 2614 et
959 2569 1027 2615 sit
226 2569 228 2578 ’
1054 2569 1261 2615 conclu-

254 2647 332 2694 sio
357 2646 460 2692 ista
484 2643 649 2691 tertia
683 2643 744 2689 ad
772 2643 1087 2690 infinitatem
1132 2656 1260 2701 prae¬

252 2721 478 2770 ambula.
521 2721 738 2767 Nullum
791 2721 1036 2777 intelligere
1086 2721 1260 2778 potest

251 2813 367 2846 esse
393 2798 632 2844 accidens
653 2796 839 2855 primae
873 2798 1096 2842 naturae.
1133 2796 1260 2840 Pro¬

250 2875 413 2926 batio,
462 2872 582 2932 quia
608 2872 667 2918 de
707 2872 810 2918 ista
847 2873 1042 2917 natura
1086 2871 1258 2929 primo

254 2952 526 2997 ostensum
564 2950 645 2993 est
691 2946 824 3005 quod
868 2945 983 3005 ipsa
1027 2947 1107 2992 est
1157 2945 1260 3004 pri¬

255 3038 397 3071 mum
424 3023 749 3074 effectivum;
780 3034 908 3080 ergo
936 3035 1000 3066 ex
1022 3034 1076 3066 se
1105 3021 1259 3067 habet

254 3101 385 3147 unde
412 3099 581 3159 possit
604 3098 963 3158 quodcumque
995 3095 1261 3143 causabile

254 3189 477 3224 causare
496 3173 906 3232 circumscripto
935 3185 1261 3232 quocumque

255 3252 377 3306 alio,
414 3251 602 3298 saltem
636 3253 692 3297 ut
718 3249 892 3309 prima
918 3261 1079 3295 causa
1117 3247 1260 3293 illius

255 3327 538 3376 causabilis
558 3342 568 3379 ;
617 3326 703 3371 sed
745 3324 1154 3383 circumscripta
1181 3336 1262 3369 co¬

257 3403 494 3463 gnitione
555 3401 698 3447 illius
755 3413 859 3446 non
908 3399 1064 3446 habet
1130 3398 1262 3444 unde

257 3477 426 3538 possit
456 3477 581 3524 illud
613 3475 879 3522 causabile
913 3487 1152 3526 causare,
1184 3486 1261 3519 er¬

260 3567 324 3617 go
361 3553 591 3615 cognitio
625 3552 1001 3616 cujuscumque
1040 3550 1261 3597 alterius

1336 303 1440 338 non
1471 295 1552 340 est
1573 293 1712 340 aliud
1739 308 1768 340 a
1789 298 1984 342 natura
2007 308 2117 342 sua.
2149 296 2344 342 Proba¬

1337 367 1411 414 tio
1440 369 1614 414 ultimi
1636 371 1913 430 assumpti,
1945 371 2067 430 quia
2094 371 2224 417 nihil
2254 385 2344 431 po¬

1338 445 1440 490 test
1471 457 1693 491 causare
1723 446 1826 492 nisi
1859 459 1921 492 ex
1961 459 2141 492 amore
2169 446 2344 492 ultimi

1336 517 1456 564 finis
1501 519 1626 566 velit
1667 520 1807 573 illud,
1857 521 1978 580 quia
2013 535 2117 568 non
2170 523 2343 580 potest

1334 594 1519 640 taliter
1564 608 1679 641 esse
1714 609 1807 655 per
1852 609 2030 655 agens,
2079 597 2201 655 quia
2249 610 2342 643 nec

1337 672 1520 728 ageret
1561 674 1781 730 propter
1810 671 1991 724 finem;
2031 671 2131 731 ipsi
2164 674 2342 719 autem

1336 747 1443 788 velle
1464 745 1689 805 alicujus
1724 749 1946 806 propter
1968 747 2124 793 finem
2157 748 2342 806 praein-

1336 821 1601 880 telligitur
1627 825 1870 880 intelligere
1891 823 2016 869 illud
2035 839 2043 876 ;
2070 836 2198 882 ergo
2222 826 2342 871 ante

1336 897 1566 956 primum
1595 898 1802 957 signum
1826 899 1878 944 in
1901 912 2000 958 quo
2024 898 2344 958 intelligitur

1335 986 1560 1020 causans
1590 975 1699 1021 sive
1737 975 1920 1022 volens
1965 978 1998 1018 A
2039 975 2341 1021 necessario

1336 1049 1771 1109 praeintelligitur
1828 1049 2129 1108 intelligens
2179 1053 2211 1094 A
2221 1087 2230 1102 ,
2290 1054 2342 1098 et

1334 1126 1408 1174 ita
1437 1126 1548 1173 sine
1576 1126 1673 1173 hoc
1702 1141 1806 1173 non
1830 1128 2005 1186 potest
2028 1140 2121 1186 per
2154 1140 2208 1173 se
2236 1127 2339 1172 effi¬

1333 1215 1470 1255 cere,
1506 1203 1556 1248 et
1580 1203 1654 1250 ita
1680 1203 1739 1249 de
1761 1202 1897 1248 aliis.

1393 1277 1623 1323 Secundo
1688 1277 1948 1336 probatur
2016 1277 2163 1330 idem,
2220 1267 2342 1336 quia

1337 1366 1516 1399 omnes
1532 1352 1918 1400 intellectiones
1938 1353 2170 1412 ejusdem
2193 1353 2340 1400 intel-

2357 1428 2359 1460 Manritl,
1333 1428 1499 1474 lectus
1555 1428 1748 1476 habent
1805 1428 2033 1475 similem
2086 1429 2340 1476 habitudi-

1332 1503 2359 1556 nem ad intellectum, identitatem hancraHo-
1332 1580 1670 1627 essentialem
1696 1581 1779 1626 vel
1809 1580 2202 1633 accidentalem,
2248 1580 2342 1627 sic¬

1334 1660 1391 1704 ut
1413 1658 1555 1716 patet
1576 1657 1635 1703 de
1657 1657 1798 1703 omni
1820 1656 2093 1703 intellectu
2123 1658 2341 1703 causato

1332 1737 1383 1781 et
1421 1733 1533 1792 ejus
1574 1732 2020 1780 intellectionibus
2046 1769 2055 1784 ,
2106 1732 2229 1791 quia
2267 1732 2340 1778 vi¬

1333 1811 1522 1857 dentur
1575 1809 1925 1868 perfectiones
1976 1808 2210 1867 ejusdem
2256 1822 2343 1868 ge¬

1333 1886 1504 1938 neris;
1540 1883 1651 1931 ideo
1681 1884 1724 1931 si
1758 1885 1948 1943 aliquae
1982 1884 2172 1930 habent
2208 1897 2343 1930 rece¬

1336 1961 1552 2020 ptivum,
1578 1962 1629 2006 et
1659 1973 1835 2005 omnes
1858 1976 1867 2011 ;
1899 1961 1950 2006 et
1972 1959 2016 2005 si
2043 1958 2220 2017 aliqua
2263 1960 2342 2004 est

1333 2036 1589 2090 accidens,
1615 2037 1665 2081 et
1713 2035 1973 2094 quaelibet.
2022 2036 2114 2081 Sed
2164 2034 2342 2092 aliqua

1332 2126 1437 2158 non
1465 2114 1639 2170 potest
1672 2125 1787 2158 esse
1819 2110 2057 2158 accidens
2085 2110 2140 2157 in
2166 2110 2340 2169 primo

1334 2202 1395 2234 ex
1435 2188 1761 2247 praecedente
1805 2183 2165 2238 conclusione,
2221 2185 2342 2244 quia

1332 2278 1438 2310 non
1501 2264 1790 2311 intellectio
1858 2262 2137 2322 suiipsius;
2211 2274 2340 2320 ergo

1333 2340 1479 2386 nulla
1499 2342 1580 2386 est
1600 2339 1698 2385 sibi
1722 2339 1978 2386 accidens.

1392 2416 1572 2463 Tertio
1613 2416 1688 2462 sic
1716 2416 1780 2473 (b)
1810 2419 1819 2460 :
1867 2417 2108 2472 intelligere
2125 2452 2133 2467 ,
2179 2414 2222 2460 si
2258 2428 2342 2473 po¬

1334 2495 1438 2539 test
1477 2505 1592 2537 esse
1625 2492 1880 2544 accidens,
1920 2491 2252 2550 reciperetur
2291 2491 2344 2536 in

1335 2569 1605 2615 intellectu
1641 2570 1696 2615 ut
1732 2567 1784 2613 in
1820 2566 2080 2626 subjecto;
2128 2579 2257 2625 ergo
2291 2569 2344 2614 et

1335 2645 1386 2690 in
1416 2644 1507 2690 illo
1535 2646 1778 2700 intelligere
1807 2643 1937 2701 quod
1988 2644 2067 2688 est
2108 2642 2242 2688 idem
2270 2643 2344 2688 in¬

1336 2721 1587 2772 tellectui,
1618 2723 1670 2768 et
1693 2720 1766 2766 ita
1788 2719 2078 2779 perfectius
2100 2721 2344 2776 intelligere

1334 2796 1438 2842 erit
1466 2796 1518 2840 in
1540 2795 1777 2854 potentia
1807 2794 2073 2853 receptiva
2102 2795 2344 2853 respectu

1335 2870 1766 2931 imperfectioris,
1793 2869 1927 2929 quod
1941 2871 2020 2916 est
2040 2870 2340 2916 absurdum.

1393 2950 1594 3000 Quarto
1643 2947 1717 2992 sic
1756 2947 1819 3002 (c)
1855 2962 1864 2990 :
1910 2945 2050 2991 Idem
2102 2948 2346 3004 intelligere

1335 3026 1512 3084 potest
1557 3038 1672 3070 esse
1723 3023 1957 3082 plurium
2017 3021 2345 3080 objectorum

1336 3099 1730 3150 ordinatorum;
1779 3108 1908 3155 ergo
1944 3098 2138 3156 quanto
2179 3096 2344 3156 perfe¬

1334 3175 1487 3228 ctius,
1529 3176 1678 3222 tanto
1714 3174 1973 3232 plurium;
2021 3185 2148 3230 ergo
2176 3173 2346 3231 perfe¬

1334 3251 1634 3298 ctissimum
1657 3263 1755 3308 quo
1778 3247 2106 3307 impossibile
2126 3251 2206 3294 est
2226 3261 2343 3307 per¬

1334 3325 1522 3373 fectius
1548 3324 1792 3383 intelligi,
1816 3323 1920 3370 erit
1947 3323 2082 3369 idem
2111 3323 2344 3370 omnium

1335 3400 1765 3459 intelligibilium.
1795 3401 2045 3456 Intelligere
2073 3398 2232 3457 primi
2269 3400 2343 3446 sic

1335 3480 1415 3524 est
1440 3475 1889 3535 perfectissimum
1909 3489 1918 3525 ;
1943 3486 2072 3532 ergo
2104 3473 2237 3520 idem
2264 3478 2344 3522 est

1337 3552 1571 3601 omnium
1628 3549 2040 3610 intelligibilium
2066 3585 2075 3603 ,
2123 3553 2174 3598 et
2218 3550 2344 3600 illud
