2653 3979
328 360 411 409 sit,
457 355 660 416 quando
699 353 856 401 habet
896 353 1027 399 unde
1059 353 1127 398 sit
1163 350 1336 411 prima

328 446 486 480 causa
508 433 733 478 tantum.
765 430 891 474 Tum
914 428 982 485 (h)
1005 428 1183 478 etiam,
1215 425 1336 484 quia

328 508 431 552 illae
461 505 697 553 secundae
720 517 825 549 non
846 503 1196 563 requiruntur
1219 513 1335 560 pro¬

330 587 445 643 pter
508 581 887 642 perfectionem
943 578 1224 625 addendam
1282 577 1335 622 in

327 659 606 712 causando,
663 656 785 716 quia
827 658 950 702 tunc
1000 654 1260 701 remotius
1306 666 1335 698 a

328 733 501 792 prima
529 744 688 778 causa
722 731 860 776 esset
884 727 1186 789 perfectius,
1214 727 1335 785 quia

325 809 703 869 perfectiorem
744 806 1043 865 requireret
1085 817 1302 851 causam
1325 820 1334 856 ;

330 886 417 932 sed
450 885 493 932 si
523 883 872 943 requiruntur
904 894 1077 928 causae
1100 880 1336 926 secundae

326 975 445 1008 cum
508 961 688 1021 prima
751 959 1038 1005 secundum
1096 955 1337 1002 Philoso-

1412 352 1662 404 omnium,
1685 353 1735 398 et
1757 349 2044 411 perfectius
2073 364 2227 409 quam
2257 351 2299 398 si
2322 349 2414 397 ha¬

1409 426 1556 474 beret
1602 427 1972 474 causalitatem
2026 427 2260 474 omnium
2312 427 2416 473 for-

1412 503 1626 550 maliter
1667 503 1709 549 si
1749 506 1889 550 esset
1930 502 2207 562 possibile;
2250 505 2301 549 et
2341 502 2415 549 sic

1408 579 1616 627 videtur
1655 580 1792 626 dicto
1829 580 1981 625 modo
2024 592 2178 639 posse
2211 579 2443 636 conclu-,

1408 655 1529 702 dere
1558 656 1698 703 ratio
1734 656 2044 703 Aristotelis
2079 655 2137 701 de
2180 656 2418 714 potentia

1410 731 1647 783 infinita,i
1669 745 1782 789 quae
1817 729 1916 778 fuit
1953 743 2116 790 supra
2152 730 2202 776 in
2225 730 2415 790 princi¬

1411 807 1496 866 pio
1525 806 1680 867 hujus
1713 807 1812 852 viae
1853 807 2046 871 posita)
2088 819 2200 868 quae
2229 806 2418 865 accipi¬

1411 885 1500 930 tur
1522 895 1583 928 ex
1605 884 1648 927 8.
1681 882 1889 940 Physic.
1922 885 1972 928 et
2001 883 2070 928 12.
2103 880 2333 941 Metaph.
