2740 3979
205 260 409 309 omnium,
446 260 542 316 quia
574 261 747 304 haberet
780 262 820 303 in
844 274 890 304 se
915 260 1204 303 causalitatem

206 335 333 389 ignis,
359 334 546 378 hominis
573 345 613 377 et
645 335 906 391 hujusmodi,
944 344 1084 377 tamen
1124 348 1207 377 non

204 417 316 452 esset
347 409 573 465 perfectior
606 422 731 465 quam
766 423 877 452 nunc
904 417 948 452 ut
979 416 1042 451 est
1075 409 1209 464 prima

204 497 347 536 causa,
396 484 439 527 id
497 494 575 536 est,
631 495 675 528 ut
737 485 925 528 continet
973 484 1211 527 virtualiter

205 573 376 603 omnem
398 561 688 604 causalitatem
723 561 968 612 secundam,
993 560 1033 602 id
1063 568 1140 611 est,
1166 569 1212 604 ut

204 635 261 678 sit
281 636 383 678 illud
415 638 454 678 in
493 638 617 693 cujus
638 637 796 680 virtute
829 637 969 678 omnis
994 649 1121 678 causa
1146 649 1210 679 se¬

205 712 342 754 cunda
368 712 471 768 agit.

263 788 326 843 (h)
358 789 462 829 Tum
488 789 616 830 etiam
623 801 633 842 ,
664 789 765 842 quia
788 788 861 830 ille
885 787 1081 830 secundae
1106 801 1207 829 cau-

306 870 386 905 etc.
431 865 591 906 Sensus
632 870 709 915 est,
747 864 782 907 si
817 865 929 906 enim
969 877 1110 907 causae
1136 877 1205 906 se-

204 938 354 981 eundae
404 938 722 994 requirerentur
759 939 809 982 ad
859 940 1061 995 majorem
1108 953 1203 994 per-

201 1013 425 1057 feciionem
471 1015 705 1058 habendam
746 1017 788 1058 in
833 1017 1060 1066 causando,
1103 1023 1203 1060 tunc

200 1098 448 1138 sequeretur
490 1091 601 1133 auod
645 1090 819 1134 effectus
864 1091 936 1140 qui
977 1090 1203 1134 distantius

199 1172 396 1208 causatur
417 1179 447 1208 a
461 1166 595 1219 prima
622 1179 764 1220 causa,
794 1167 835 1209 id
867 1174 944 1219 est,
985 1167 1035 1209 ad
1077 1181 1200 1220 quem

202 1242 426 1295 possibiles
452 1242 650 1286 secundae
681 1256 821 1286 causae
848 1250 1106 1286 concurrunt
1138 1257 1202 1286 68-

202 1324 265 1359 set
284 1317 522 1373 perfectior,
553 1319 664 1374 quod
691 1326 754 1362 est
780 1319 934 1361 falsum
958 1355 967 1371 ,
999 1319 1083 1361 imo
1104 1318 1205 1362 effe-

201 1400 292 1436 ctug
427 1400 541 1436 esset
579 1394 589 1435 i
597 1407 707 1436 mme
710 1394 749 1437 di
755 1408 777 1437 a
780 1402 821 1437 te
846 1409 867 1437 a
898 1395 1033 1450 prima
1059 1408 1200 1448 causa,

202 1469 435 1511 secundum
462 1468 574 1511 viam
597 1468 952 1525 Philosophorum
975 1476 1086 1512 esset
1113 1483 1205 1525 per¬

200 1543 473 1596 fectissimus,
499 1545 598 1601 quia
619 1545 794 1588 effectus
822 1546 1093 1602 imperfectus
1121 1559 1204 1590 non

201 1628 337 1675 potest
388 1620 631 1663 immediate
674 1634 769 1664 esse
806 1635 829 1664 a
873 1622 1009 1677 prima
1060 1635 1201 1675 causa,

202 1708 300 1738 nam
336 1697 600 1752 imperfectio
627 1703 691 1738 est
711 1709 733 1739 a
755 1711 897 1740 causis
925 1698 1136 1750 secundis,
1163 1706 1206 1742 ut

203 1772 336 1828 patuit
385 1785 528 1827 supra.
583 1771 829 1828 Philosophi
875 1773 985 1815 enim
1036 1774 1201 1826 volunt,

201 1863 215 1890 c
215 1863 224 1904 l
232 1861 297 1890 u0(
297 1848 311 1890 ^
351 1847 537 1904 peimum
582 1848 828 1891 effectivum
859 1856 957 1905 agat
1000 1849 1204 1905 quidquid

305 1924 356 1966 de
394 1923 644 1966 necessitate
671 1931 859 1975 naturae;
885 1938 987 1981 ergo
1012 1925 1205 1980 producit

198 2000 393 2044 effectum
421 2000 652 2053 perfectum
676 2008 878 2053 quantum
901 2009 1053 2054 potest,
1084 2009 1124 2044 et
1143 2002 1204 2045 sic

198 2076 248 2118 ab
286 2083 382 2118 ente
426 2075 736 2131 perfectissimo
776 2083 929 2131 agente
967 2077 1201 2121 secundum

197 2159 324 2193 totam
366 2158 567 2193 virtutem
605 2164 723 2194 suam
764 2165 847 2194 non
878 2159 1016 2206 potest
1058 2167 1202 2196 lmme-

197 2226 309 2268 diate
341 2239 436 2269 esse
469 2226 731 2281 imperfectio
769 2227 968 2278 effectus;
999 2234 1038 2270 et
1065 2228 1100 2270 si
1127 2230 1200 2271 ali-

196 2315 223 2359 q
227 2315 251 2344 U
256 2301 269 2343 j
272 2314 292 2345 s
329 2315 351 2344 e
356 2303 387 2344 ff
387 2316 433 2345 ec
437 2309 451 2344 t
456 2316 504 2344 us
543 2309 608 2344 est
639 2301 931 2358 imperfectus,
973 2303 1052 2345 erit
1077 2317 1099 2346 a
1137 2317 1200 2347 se¬

196 2378 331 2420 cunda
366 2391 492 2420 causa
536 2384 577 2420 et
615 2391 699 2419 non
748 2392 770 2420 a
814 2378 966 2433 prima,
1004 2378 1202 2422 videlicet

195 2453 306 2508 quod
333 2453 529 2509 quamvis
574 2453 644 2495 ille
684 2453 860 2496 effectus
905 2454 959 2496 sit
1002 2468 1026 2496 a
1064 2454 1199 2509 prima

194 2542 321 2572 causa
348 2529 457 2572 sicut
487 2543 510 2572 a
539 2528 739 2581 secunda,
772 2530 1033 2585 imperfectio
1062 2537 1200 2573 tamen

193 2614 357 2649 tantum
386 2605 584 2648 secundae
604 2619 742 2648 causae
765 2606 1024 2649 attribuitur.

254 2682 302 2739 (i)
336 2683 440 2724 Tum
471 2683 614 2732 etiam,
653 2682 757 2736 quia
783 2688 880 2724 totae
912 2683 1201 2738 perfectiones

195 2771 424 2800 causarum
459 2757 762 2800 secundarum.
805 2760 883 2798 Pro
922 2757 1201 2813 intelligentia

194 2833 324 2888 hujus
343 2832 497 2875 litterae
523 2845 634 2887 pono
666 2831 750 2874 tale
787 2833 1045 2887 exemplum,
1089 2834 1202 2889 quod

193 2907 244 2949 ad
281 2907 541 2951 causandum
583 2907 685 2961 puta
711 2907 760 2958 G,
808 2908 1078 2964 requirantur
1105 2909 1201 2954 istae

192 2997 333 3026 causae
366 2983 506 3038 specie
539 2982 766 3035 distinctae,
796 2983 958 3026 scilicet
984 2985 1018 3025 A
1046 2992 1091 3026 ut
1117 2986 1200 3039 pri¬

192 3061 275 3112 ma,
315 3061 351 3100 B
395 3065 441 3100 ut
484 3057 687 3108 secunda,
721 3066 762 3101 et
805 3058 867 3101 sic
904 3058 1117 3115 deinceps,
1169 3062 1202 3103 C

190 3136 329 3186 tertia,
379 3142 464 3178 etc.
506 3141 546 3176 et
583 3134 695 3190 quod
729 3134 771 3176 in
808 3136 846 3176 B
879 3135 932 3177 sit
969 3135 1202 3179 formaliter

191 3210 394 3268 perfectio
432 3210 636 3254 causandi
689 3217 736 3253 ut
773 3218 968 3266 quatuor,
1010 3218 1111 3266 puta
1151 3212 1202 3254 ad

191 3287 451 3330 causandum
499 3287 535 3328 G
569 3285 753 3328 calidum
803 3293 849 3328 ut
898 3294 1093 3342 quatuor,
1142 3287 1204 3330 sit

192 3363 304 3405 calor
331 3364 372 3404 in
394 3364 429 3403 B
467 3368 512 3404 ut
532 3368 725 3417 quatuor,
757 3370 796 3404 et
818 3362 860 3404 in
885 3363 917 3404 C
937 3363 991 3405 sit
1023 3362 1136 3405 calor
1157 3372 1203 3406 ut

194 3439 273 3482 tria
290 3454 299 3491 ;
323 3438 359 3480 si
391 3444 506 3481 totus
533 3437 613 3479 iste
632 3437 744 3479 calor
766 3446 945 3493 ponatur
966 3438 1203 3482 formaliter

196 3516 238 3559 in
271 3517 322 3568 A,
362 3514 558 3559 videlicet
584 3513 696 3556 calor
723 3522 768 3557 ut
792 3522 970 3571 septem,
996 3514 1097 3570 quid
1124 3516 1203 3558 erit

1282 262 1523 316 perfectius,
1558 275 1609 305 an
1643 263 1798 306 habere
1836 264 1876 306 in
1912 264 2072 308 virtute
2110 278 2186 308 sua
2226 274 2287 308 to¬

1280 342 1368 377 tum
1398 336 1537 392 ipsum
1573 338 1771 389 calorem,
1806 347 1847 382 et
1884 353 1979 382 esse
2019 339 2059 382 id
2095 341 2136 383 in
2165 342 2287 397 cujus

1282 411 1440 454 virtute
1466 413 1503 453 B
1521 420 1559 455 et
1590 413 1624 455 C
1661 422 1807 469 agunt,
1847 429 1973 471 quam
2015 423 2178 459 tantum
2216 418 2290 459 ha¬

1284 487 1382 530 bere
1410 488 1450 530 in
1467 503 1513 532 se
1544 489 1775 534 formaliter
1808 491 1924 534 illum
1945 493 2160 536 calorem?
2187 496 2288 536 Cer¬

1284 570 1372 605 tum
1407 570 1483 614 est,
1527 566 1636 620 quod
1677 567 1860 621 primum
1905 567 2045 623 arguit
2084 570 2286 625 majorem

1284 637 1602 692 perfectionem,
1637 641 1735 695 quia
1757 648 1803 682 ut
1822 642 1883 684 sic
1910 655 1994 684 non
2020 650 2186 686 tantum
2207 644 2288 686 erit

1284 725 1410 755 causa
1452 714 1672 769 aoquivoca
1712 717 1905 771 respectu
1947 717 1981 759 G
2012 725 2054 760 et
2091 727 2285 774 respectu

1283 790 1319 830 B
1325 823 1333 839 ,
1358 802 1454 843 quae
1480 802 1647 845 semper
1668 798 1732 833 est
1758 791 1984 846 perfectior
2015 794 2183 844 effectu,
2214 794 2286 837 sed

1279 864 1408 908 etiam
1447 864 1526 906 erit
1553 865 1654 908 illud
1695 866 1736 907 in
1774 868 1896 922 cujus
1932 869 2088 911 virtute
2118 871 2153 910 B
2185 870 2225 912 et
2255 870 2288 912 C

1277 946 1438 994 agunt,
1468 939 1542 982 sed
1570 939 1605 983 si
1637 949 1864 996 poneretur
1892 941 2125 985 formaliter
2158 944 2200 986 in
2232 944 2285 997 A,

1278 1016 1378 1057 tunc
1398 1016 1449 1070 A,
1474 1016 1634 1060 ratione
1655 1017 1768 1060 illius
1795 1017 1962 1069 caloris,
1987 1026 2100 1061 esset
2126 1026 2288 1062 tantum

1275 1103 1402 1134 causa
1446 1092 1643 1146 univoca,
1684 1101 1726 1136 et
1779 1093 1860 1135 hoc
1903 1100 1967 1136 est
2021 1094 2134 1151 quod
2184 1094 2266 1138 dici

1276 1169 1442 1210 Doctor.

1335 1242 1416 1284 Sed
1439 1242 1569 1297 aliqui
1598 1243 1640 1284 in
1668 1244 1748 1286 hoc
1780 1258 1906 1299 passu
1928 1244 2074 1288 dicunt
2101 1246 2285 1289 rationes

1280 1318 1470 1361 Doctoris
1493 1332 1567 1374 per
1594 1320 1706 1362 viam
1728 1319 1971 1363 efficientiae
2003 1334 2087 1365 non
2115 1322 2285 1365 conclu¬

1280 1394 1380 1437 dere
1413 1393 1665 1437 infinitatem
1706 1396 1963 1438 intensivam
1995 1395 2047 1440 de
2072 1397 2209 1452 primo
2230 1398 2286 1441 ef¬

1282 1469 1452 1513 fectivo.
1482 1472 1605 1521 Tum,
1642 1471 1741 1527 quia
1777 1471 1828 1514 ad
1863 1471 2196 1515 concludendam
2228 1480 2286 1516 ta¬

1280 1545 1362 1587 lem
1385 1543 1636 1587 infinitatem
1658 1553 1872 1601 oporteret
1897 1547 2149 1592 concludere
2175 1549 2287 1606 quod

1281 1620 1459 1663 infinitae
1503 1621 1667 1676 species
1704 1622 1789 1665 sint
1827 1623 2068 1678 possibiles,
2097 1631 2139 1667 et
2176 1625 2286 1682 quod

1281 1697 1520 1740 virtualiter
1562 1697 1860 1741 contineantur
1910 1698 1952 1741 in
1998 1700 2150 1754 primo,
2189 1701 2288 1757 quia

1281 1773 1482 1829 quaelibet
1525 1774 1689 1829 species
1722 1774 1899 1830 requirit
1925 1775 2050 1818 aliam
2095 1783 2136 1819 et
2162 1778 2287 1822 aliam

1280 1850 1582 1906 perfectionem
1623 1851 1666 1893 in
1705 1859 1872 1908 agente.
1922 1852 2002 1894 Sed
2042 1854 2287 1912 Philosophi

1279 1934 1485 1982 negarent
1517 1926 1770 1970 infinitatem
1797 1928 2034 1984 specierum
2061 1944 2156 1973 esse
2193 1945 2288 1987 pos¬

1277 2003 1459 2055 sibilem,
1484 2016 1622 2059 neque
1642 2005 1785 2057 simul,
1814 2019 1952 2061 neque
1971 2006 2228 2050 successive.

1335 2078 1377 2120 Si
1405 2079 1629 2131 diceretur,
1661 2080 1773 2136 quod
1812 2080 1848 2123 si
1881 2080 2082 2124 darentur
2121 2081 2286 2125 infinita

1278 2153 1496 2196 individua
1529 2154 1570 2195 in
1600 2162 1710 2207 actu,
1740 2162 1839 2210 puta
1879 2153 2034 2197 infiniti
2068 2156 2278 2208 homines,

1276 2236 1376 2271 tunc
1397 2235 1540 2272 essent
1572 2228 1752 2272 infinitae
1778 2229 2057 2285 perfectiones
2085 2231 2127 2273 in
2166 2239 2277 2285 actu,

1276 2311 1318 2346 et
1356 2305 1590 2360 aequivocae
1621 2305 1940 2348 continerentur
1972 2306 2014 2347 in
2042 2307 2180 2362 primo
2219 2310 2280 2350 ef¬

1277 2380 1446 2431 fectivo,
1492 2387 1532 2422 et
1575 2381 1636 2423 sic
1672 2388 1817 2436 posset
1853 2381 2047 2424 concludi
2094 2382 2281 2426 infinitas

1275 2456 1400 2511 primi
1422 2455 1620 2499 effectivi.

1334 2529 1462 2575 Unus
1502 2533 1652 2573 Doctor
1695 2532 1799 2574 satis
1839 2532 2009 2575 subtilis
2053 2535 2281 2590 respondet

1277 2607 1388 2663 quod
1423 2607 1622 2662 perfectio
1649 2608 1984 2660 individuorum,
2010 2619 2082 2653 aut
2109 2625 2282 2655 mensu¬

1276 2688 1393 2724 ratur
1419 2695 1547 2737 penes
1574 2681 1816 2725 distantiam
1845 2697 1867 2726 a
1907 2696 1991 2726 non
2017 2685 2151 2741 gradu
2192 2701 2282 2743 spe¬

1276 2755 1372 2809 ciei,
1420 2763 1459 2797 et
1511 2762 1612 2798 tunc
1654 2756 1898 2799 conceditur
1948 2759 2202 2802 antecedens
2245 2768 2285 2803 et

1276 2838 1457 2887 negatur
1506 2832 1829 2888 consequentia.
1885 2835 1970 2875 Aut
2013 2844 2286 2880 mensuratur

1276 2921 1406 2963 penes
1458 2907 1701 2950 distantiam
1742 2921 1763 2950 a
1791 2922 1874 2950 non
1915 2909 2049 2964 gradu
2088 2912 2283 2967 perfecti¬

1276 2984 1384 3034 onis,
1427 2990 1465 3026 et
1505 2989 1606 3026 tunc
1663 2984 1907 3027 conceditur
1962 2988 2280 3043 consequentia,

1276 3058 1437 3102 scilicet
1464 3059 1576 3114 quod
1609 3060 1792 3115 primum
1831 3068 1944 3103 esset
1982 3061 2161 3105 infinitae
2194 3063 2282 3106 vir¬

1277 3135 1381 3177 tutis
1397 3150 1406 3185 ;
1438 3142 1618 3190 negatur
1650 3135 1918 3187 antecedens,
1949 3137 2108 3180 scilicet
2129 3139 2163 3180 si
2189 3138 2282 3181 infi¬

1277 3210 1352 3252 niti
1382 3210 1575 3252 homines
1602 3210 1847 3263 existerent,
1880 3210 2060 3254 infinitae
2087 3214 2283 3269 perfecti¬

1277 3300 1379 3329 ones
1405 3293 1563 3329 essent.

1335 3363 1416 3405 Sed
1443 3363 1648 3419 quidquid
1687 3364 1741 3406 sit
1778 3364 1828 3406 de
1874 3365 1953 3407 ista
1985 3366 2277 3422 responsione,

1277 3438 1451 3480 dubium
1489 3438 1602 3480 nullo
1635 3439 1758 3481 modo
1797 3448 2041 3493 evacuatur,
2085 3442 2183 3497 quia
2223 3442 2281 3484 ef¬

1277 3514 1410 3557 fectus
1458 3514 1706 3571 aequivocus
1756 3515 1808 3557 de
1848 3516 2100 3559 necessitate
2142 3518 2284 3575 arguit
