2653 3979
382 280 683 332 perfectionem
708 280 748 321 in
770 278 912 329 causa,
937 276 1148 332 loquendo
1168 275 1218 318 de
1237 275 1384 318 effectu

383 356 576 400 absoluto
604 370 612 406 ;
649 363 689 410 et
731 355 868 410 posito
910 354 1021 410 quod
1065 354 1148 394 duo
1194 354 1388 393 homines

385 440 469 473 sint
493 432 678 486 aequales
706 444 747 472 in
771 432 1043 486 perfectione,
1065 435 1105 470 et
1132 432 1242 484 quod
1277 432 1389 469 tanta

387 507 587 566 perfectio
621 508 860 562 requiratur
892 506 933 548 in
968 504 1242 561 productione
1265 502 1391 545 unius

385 591 544 641 quanta
591 582 633 626 in
680 583 955 639 productione
1010 580 1200 630 alterius,
1247 585 1288 621 et
1331 578 1394 620 sic

386 658 532 701 eadem
570 658 707 700 virtus
741 665 785 700 ut
824 664 916 700 octo
955 669 1050 712 quae
1078 652 1310 710 requiritur
1342 651 1391 694 ad

389 732 708 789 productionem
760 731 901 782 unius,
950 737 1014 772 est
1067 728 1286 772 sufficiens
1342 725 1392 767 ad

387 806 704 864 productionem
732 806 923 856 alterius,
947 811 988 847 et
1013 805 1075 848 sic
1110 803 1254 846 eadem
1282 807 1395 843 esset

384 884 492 927 ratio
520 884 780 941 producendi
803 883 928 926 etiam
960 881 1150 924 infinitos
1176 878 1392 921 homines-

441 961 521 1004 Sed
568 960 796 1003 difficultas
830 966 913 1002 stat
951 958 994 1001 in
1033 959 1126 1009 hoc,
1175 969 1226 998 an
1260 955 1394 1010 major

386 1037 587 1094 perfectio
646 1036 888 1093 requiratur
934 1035 976 1076 in
1029 1041 1181 1090 agente
1226 1031 1393 1088 quando

390 1112 583 1169 producit
615 1112 721 1154 duos
754 1111 928 1153 effectus
953 1109 1078 1152 simul
1124 1121 1245 1164 aeque
1288 1107 1396 1149 bene

390 1195 430 1230 et
451 1200 574 1244 aeque
611 1185 810 1241 perfecte,
852 1184 962 1228 sicut
993 1184 1028 1228 si
1059 1190 1222 1227 tantum
1262 1195 1394 1225 unum

392 1263 644 1320 produceret
695 1262 792 1317 quia
836 1261 872 1304 si
917 1260 1024 1304 duos
1064 1266 1201 1315 potest
1238 1258 1395 1315 produ¬

391 1354 486 1383 cere
538 1338 664 1381 simul
705 1351 826 1394 aeque
866 1338 973 1379 bene
1021 1337 1130 1379 sicut
1167 1342 1208 1378 et
1247 1348 1397 1391 quem¬

391 1416 492 1458 libet
518 1428 730 1465 seorsum,
761 1413 954 1470 sequitur
995 1411 1107 1469 quod
1144 1410 1272 1454 simul
1303 1423 1399 1466 pos¬

389 1495 451 1535 set
483 1489 717 1547 producere
748 1489 940 1531 infinitos
967 1501 1089 1544 aeque
1127 1488 1248 1538 bene,
1292 1486 1401 1530 sicut

391 1581 522 1610 unum
548 1566 733 1617 illorum,
758 1572 799 1608 et
826 1564 936 1620 quod
964 1565 1044 1607 hoc
1070 1562 1402 1620 sequatur,alias

392 1642 570 1699 probavi
592 1641 843 1698 exponendo
865 1648 1011 1697 qucest.
1040 1640 1108 1683 10.
1137 1640 1239 1683 dist.
1266 1642 1307 1681 3.
1342 1653 1404 1680 se¬

393 1718 541 1761 cundi.
585 1717 666 1760 Sed
704 1718 783 1760 hoc
808 1717 978 1760 videtur
1011 1715 1334 1765 inconveniens,
1365 1721 1406 1757 et

396 1795 459 1838 sic
493 1801 605 1850 patet
645 1793 757 1850 quod
785 1791 1007 1848 responsio
1048 1792 1174 1847 hujus
1219 1790 1408 1834 Doctoris

401 1883 483 1913 non
506 1877 679 1913 evacuat
708 1868 1019 1911 difficultatem.
1062 1870 1112 1909 Et
1138 1881 1191 1909 ex
1224 1868 1303 1909 hoc
1336 1880 1410 1922 pa¬

402 1950 462 1990 tet
499 1945 718 2002 responsio
747 1944 914 1987 illorum
942 1944 1083 1986 minus
1117 1957 1242 1999 quam
1289 1942 1410 1985 suffi¬

404 2023 536 2073 ciens,
569 2021 680 2078 quod
713 2021 810 2064 licet
837 2027 981 2076 posset
1010 2019 1241 2076 producere
1268 2019 1411 2061 infini¬

404 2107 470 2142 tos
497 2098 672 2141 effectus
693 2097 953 2148 successive,
991 2109 1093 2151 ergo
1119 2104 1160 2138 et
1194 2096 1349 2145 simul;
1373 2102 1415 2137 et

403 2184 544 2220 tamen
592 2188 676 2217 non
727 2180 840 2217 esset
878 2172 1058 2216 infinitae
1091 2172 1278 2223 virtutis,
1316 2171 1415 2227 quia

405 2251 440 2294 si
467 2250 595 2293 calori
635 2256 949 2305 apponerentur
976 2247 1218 2290 successive
1248 2247 1290 2288 in
1318 2246 1414 2288 infi¬

407 2327 543 2369 nitum
571 2324 878 2376 calefactibilia,
909 2331 1102 2366 causaret
1129 2323 1317 2365 infinitos
1345 2336 1411 2365 ca¬

406 2403 516 2446 lores
554 2401 820 2451 successive;
866 2413 968 2454 ergo
1014 2405 1218 2454 quantum
1255 2405 1320 2441 est
1364 2412 1415 2441 ex

408 2487 526 2535 parte
565 2491 656 2531 sua,
686 2485 727 2520 et
758 2476 883 2519 simul
917 2483 1122 2528 causaret,
1170 2482 1283 2530 patet
1316 2475 1415 2531 quia

406 2563 578 2598 causato
617 2554 754 2610 primo
800 2553 953 2604 calore,
997 2564 1080 2593 non
1124 2551 1296 2594 advenit
1332 2550 1414 2593 sibi

408 2646 518 2676 nova
556 2630 758 2688 perfectio
786 2629 836 2672 ad
880 2628 1139 2672 causandum
1179 2627 1414 2670 secundum

407 2709 603 2752 calorem.

466 2784 732 2842 Respondeo,
784 2781 894 2839 quod
939 2778 1137 2837 quamvis
1176 2780 1219 2821 in
1268 2792 1418 2822 causa-

381 2865 384 2909 Responsio.
408 2863 523 2907 tione
560 2859 734 2904 Zecundi
761 2857 913 2901 caloris
941 2870 1025 2898 non
1058 2856 1257 2899 adveniat
1288 2856 1415 2898 calori

408 2937 612 2988 causanti,
660 2949 739 2979 nec
770 2934 1010 2991 requiratur
1054 2945 1163 2975 nova
1195 2931 1412 2987 perfectio,

409 3025 552 3059 tamen
591 3014 626 3056 si
654 3018 798 3069 posset
823 3022 998 3053 causare
1024 3009 1131 3051 duos
1168 3008 1329 3051 calores
1361 3008 1415 3051 si¬

410 3091 497 3135 mul
519 3103 641 3146 seque
665 3087 849 3144 perfecte
869 3086 978 3128 sicut
1004 3092 1045 3128 et
1066 3098 1197 3128 unum
1227 3084 1410 3136 illorum,

409 3168 503 3211 dico
539 3164 651 3222 quod
690 3162 977 3219 requireretur
1004 3160 1141 3216 major
1183 3160 1335 3212 virtus,
1376 3167 1417 3202 et

411 3243 473 3286 sic
499 3237 536 3285 si
560 3253 644 3283 non
671 3244 786 3281 esset
807 3236 1038 3293 impeditus
1070 3250 1166 3278 cum
1196 3235 1250 3278 sit
1285 3248 1418 3291 agens

413 3317 621 3369 naturale,
673 3329 795 3371 seque
850 3313 958 3356 bene
996 3320 1185 3355 causaret
1226 3311 1419 3354 infinitos

413 3397 524 3439 sicut
551 3401 591 3437 et
629 3405 761 3436 unum
789 3390 973 3432 illorum.
1004 3388 1086 3431 Sed
1115 3388 1213 3443 quia
1252 3387 1417 3443 experi-

416 3469 656 3514 mentaliter
690 3466 885 3510 videmus
926 3464 1038 3521 quod
1083 3477 1165 3506 non
1212 3462 1268 3506 ita
1301 3475 1423 3517 seque

417 3550 523 3592 bene
555 3544 681 3589 simul
719 3549 864 3587 causat
902 3540 1024 3593 duos,
1055 3546 1193 3582 amoto
1221 3552 1424 3597 quocum¬

1463 287 1544 329 que
1589 274 1891 331 impedimento
1936 277 2045 320 sicut
2094 292 2223 322 unum
2276 280 2459 334 illorum,

1463 347 1635 402 signum
1670 357 1733 404 est
1755 349 1865 404 quod
1895 351 2028 406 major
2054 351 2191 395 virtus
2216 353 2462 410 requiritur,

1464 430 1504 465 et
1542 424 1577 466 si
1620 424 1812 467 infinitos
1838 440 1960 482 seque
1987 427 2107 480 bene,
2140 428 2304 471 infinita
2333 430 2470 473 virtus

1465 498 1712 553 requiritur.
1738 502 1821 542 Nec
1837 500 1998 555 judicio
2020 515 2128 554 meo,
2152 503 2201 545 ad
2225 504 2470 548 evitandum

1468 573 1719 616 infinitatem
1749 588 1832 617 non
1867 576 2011 618 valent
2046 577 2139 620 istse
2168 578 2384 624 instantia;
2423 581 2474 624 de

1467 648 1578 701 Sole,
1602 650 1636 692 si
1676 650 1846 693 duraret
1879 652 1920 694 in
1948 652 2162 696 infinitum
2189 664 2380 698 causaret
2414 657 2474 700 ef¬

1467 724 1601 768 fectus
1627 725 1832 779 infinitos,
1862 733 1903 770 et
1923 741 2019 770 cum
2052 728 2205 772 habeat
2233 736 2361 773 totam
2389 733 2474 774 vir¬

1467 807 1598 843 tutem
1657 802 1799 853 simul,
1853 803 2093 846 virtualiter
2141 806 2330 849 continet
2380 808 2472 852 illos

1466 875 1609 918 simul.
1671 879 1721 920 Et
1781 878 1976 922 similiter
2033 881 2268 925 intellectus
2330 892 2474 926 noster

1467 958 1605 1006 potest
1649 953 1881 1007 partialiter
1907 955 2139 1010 producere
2179 957 2366 1001 infinitas
2411 960 2472 1001 in¬

1466 1025 1726 1070 tellectiones
1751 1029 2008 1081 successive,
2028 1038 2068 1074 et
2093 1043 2261 1090 semper
2287 1042 2476 1077 remanet

1468 1102 1615 1146 eadem
1669 1104 1830 1155 virtus;
1893 1120 1994 1162 ergo
2052 1105 2183 1152 simul
2239 1109 2478 1152 virtualiter

1468 1179 1655 1222 continet
1688 1180 1794 1233 illas,
1819 1188 1860 1223 et
1898 1189 2038 1225 tamen
2078 1197 2160 1226 non
2193 1188 2258 1228 est
2295 1186 2481 1229 formali-

1468 1264 1532 1298 ter
1554 1256 1762 1300 infinitus.

1529 1335 1648 1376 Patet
1667 1335 1888 1390 responsio
1909 1349 1960 1378 ex
1982 1336 2236 1391 supradictis
2256 1338 2370 1394 quod
2393 1348 2481 1381 tan¬

1471 1415 1561 1452 tum
1589 1410 1775 1452 continet
1813 1411 1907 1454 illos
1941 1413 2198 1465 successive,
2223 1420 2264 1456 et
2285 1414 2320 1456 si
2347 1415 2483 1457 conti¬

1475 1492 1597 1527 neret
1623 1485 1729 1527 duos
1768 1499 1888 1541 reque
1926 1486 2033 1529 bene
2077 1494 2118 1530 et
2144 1502 2266 1545 aeque
2300 1490 2483 1545 perfecte

1475 1560 1584 1602 sicut
1612 1573 1742 1603 unum
1777 1561 1961 1613 illorum,
1997 1571 2109 1606 esset
2148 1565 2318 1620 majoris
2348 1566 2483 1621 perfe¬

1477 1636 1645 1689 ctionis,
1676 1644 1716 1679 et
1742 1637 1802 1679 sic
1834 1651 1918 1680 non
1945 1646 2158 1693 oporteret
2184 1654 2402 1684 recurrere
2431 1641 2480 1683 ad

1478 1711 1673 1755 vitandas
1721 1713 1821 1755 istas
1860 1714 2098 1767 instantias,
2140 1715 2251 1771 quod
2300 1717 2486 1760 secunda

1481 1801 1607 1831 causa
1628 1789 1670 1831 in
1698 1789 1778 1832 alio
1794 1797 1834 1832 et
1856 1790 1896 1832 in
1922 1790 2002 1833 alio
2024 1791 2198 1833 instanti
2220 1793 2346 1836 habet
2365 1794 2488 1836 aliam

1483 1871 1523 1906 et
1545 1865 1670 1907 aliam
1697 1865 1896 1908 virtutem
1926 1880 1948 1908 a
1968 1869 2067 1920 Deo,
2091 1874 2137 1909 ut
2157 1874 2269 1923 patet
2298 1882 2373 1924 per
2399 1869 2493 1912 Au¬

1485 1940 1706 1996 gustinum
1723 1943 1764 1983 8.
1783 1955 1912 1997 super
1936 1943 2128 1984 Genesim
2137 1977 2145 1994 ,
2165 1951 2204 1985 et
2225 1943 2276 1986 de
2296 1944 2376 1986 hoc
2396 1944 2496 1987 vide

1486 2021 1658 2062 Scotum
1692 2021 1740 2062 in
1766 2019 1807 2062 2.
1837 2019 1938 2062 dist.
1969 2023 2003 2062 i.
2035 2028 2073 2062 et
2100 2023 2139 2062 2.
2171 2029 2209 2063 et
2241 2025 2388 2077 qucest.
2426 2025 2494 2064 12.

1489 2095 1684 2150 quodlib.
1720 2097 1769 2137 Et
1796 2096 1857 2137 sic
1889 2103 2082 2152 respectu
2111 2096 2284 2139 alterius
2316 2105 2356 2139 et
2392 2098 2496 2140 alte¬

1488 2170 1577 2213 rius
1604 2170 1794 2221 effectus,
1825 2171 1904 2212 erit
1942 2171 2022 2213 alia
2049 2178 2089 2213 et
2116 2172 2195 2214 alia
2233 2172 2386 2224 virtus,
2422 2174 2496 2216 sed

1488 2246 1550 2289 sic
1572 2260 1656 2288 non
1683 2246 1762 2289 erit
1798 2246 1848 2288 de
1879 2247 2015 2301 primo
2042 2247 2257 2298 effectivo;
2283 2247 2355 2290 sed
2383 2256 2495 2304 patet

1489 2337 1540 2366 ex
1562 2323 1832 2378 supradictis,
1859 2323 1968 2378 quod
1990 2323 2024 2365 si
2047 2337 2137 2366 eam
2160 2324 2306 2366 eadem
2333 2325 2493 2368 virtute

1489 2405 1633 2454 posset
1672 2398 1907 2454 producere
1945 2398 2136 2441 infinitos
2183 2400 2358 2444 effectus
2398 2414 2493 2443 suc¬

1488 2474 1668 2525 cessive,
1700 2487 1784 2515 non
1806 2481 1946 2516 tamen
1974 2474 2168 2529 sequitur
2195 2474 2303 2530 quod
2324 2475 2467 2519 simul.

1546 2549 1596 2606 (j)
1617 2551 1750 2592 Juxta
1777 2550 1904 2592 istam
1924 2550 2055 2592 viam.
2087 2552 2161 2592 Hic
2190 2553 2340 2593 Doctor
2360 2551 2494 2593 addu¬

1489 2626 1546 2669 cit
1572 2625 1756 2668 rationes
1789 2625 2067 2682 quorumdam
2104 2626 2154 2668 ad
2197 2626 2493 2670 demonstran¬

1488 2702 1588 2745 dum
1622 2701 1872 2744 infinitatem
1913 2702 2037 2757 primi
2076 2702 2275 2755 effectivi,
2325 2710 2365 2746 et
2402 2718 2494 2760 pro¬

1487 2780 1588 2821 bant
1610 2778 1670 2820 sic
1697 2778 1833 2834 primo
1864 2793 1872 2820 :
1897 2779 2084 2820 Primum
2104 2779 2345 2822 effectivum
2369 2781 2494 2823 habet

1489 2854 1692 2898 virtutem
1714 2854 1942 2897 creativam
1965 2869 1973 2906 ;
1997 2868 2098 2910 ergo
2119 2861 2183 2897 est
2221 2854 2400 2899 infinitae
2427 2870 2495 2912 po-

1466 2939 1475 2981 .
1489 2931 1650 2982 tentiee,
1682 2937 1795 2986 patet
1815 2931 2131 2986 consequentia,
2171 2932 2268 2987 quia
2296 2932 2404 2974 inter
2424 2946 2494 2975 ex¬

1489 3014 1624 3049 trema
1645 3006 1888 3057 creationis,
1913 3005 2072 3049 scilicet
2109 3020 2196 3048 esse
2222 3014 2262 3050 et
2287 3022 2377 3051 non
2411 3022 2496 3050 esse

1489 3089 1554 3125 est
1579 3082 1777 3125 distantia
1805 3081 1986 3124 infinita.

1549 3159 1610 3216 (k)
1639 3159 1724 3201 Sed
1749 3160 1827 3201 hoc
1853 3157 2119 3201 antecedens.
2156 3161 2234 3201 Pro
2256 3159 2336 3203 ista
2357 3161 2496 3204 littera

1492 3242 1590 3278 nota
1611 3234 1722 3290 quod
1760 3235 1840 3276 hoc
1871 3234 2142 3289 antecedens,
2185 3234 2345 3278 scilicet
2384 3239 2493 3293 quod

1492 3312 1604 3352 Deus
1628 3317 1763 3365 potest
1791 3323 1941 3351 creare
1947 3344 1955 3361 ,
1992 3308 2032 3350 id
2061 3316 2140 3362 est,
2171 3309 2222 3352 de
2255 3308 2391 3354 nihilo
2423 3298 2496 3354 ali-

1496 3385 1595 3442 quid
1622 3386 1772 3437 facere,
1798 3383 1833 3426 si
1859 3391 2096 3440 exponatur
2121 3384 2197 3435 sic,
2221 3385 2332 3441 quod
2362 3394 2495 3442 potest

1498 3462 1635 3504 facere
1661 3460 1818 3517 aliquid
1857 3460 1908 3502 de
1934 3459 2082 3512 nihilo,
2113 3467 2158 3502 ut
2177 3460 2220 3516 ly
2246 3462 2363 3505 nihil
2388 3456 2497 3519 prae-

1497 3537 1607 3580 cedit
1632 3536 1854 3580 duratione
1886 3535 2026 3592 ipsum
2059 3550 2159 3588 esse,
2188 3543 2290 3580 tunc
2319 3544 2383 3581 est
2403 3545 2495 3582 tan-
