2740 3979
241 340 329 375 tum
346 331 568 383 creditum,
599 331 695 387 quia
723 330 966 386 Philosophi
989 328 1238 384 simpliciter

240 414 443 463 negarent
481 406 639 462 aliquid
673 407 723 448 de
756 419 866 449 novo
904 418 1029 460 posse
1067 404 1157 446 fieri
1187 417 1238 446 ex

238 482 386 526 nihilo.
432 484 536 524 Nam
576 481 778 538 quidquid
806 482 857 524 de
883 494 993 524 novo
1033 479 1094 534 fit,
1127 478 1238 534 quod

238 572 320 602 non
342 559 397 602 sit
423 566 728 614 sempiternum
758 570 834 600 nec
861 570 1034 600 necesse
1053 569 1164 608 esse,
1187 556 1239 598 de

235 635 485 678 necessitate
511 635 590 676 erit
623 646 644 675 a
672 633 856 676 secunda
885 645 1024 684 causa,
1062 645 1237 675 concur¬

236 717 354 752 rente
375 718 514 752 tamen
536 708 686 764 prima,
711 714 751 749 et
770 707 953 750 secunda
968 720 1094 749 causa
1134 720 1238 749 sem-

236 799 310 842 per
333 784 624 841 praesupponit
645 783 863 826 materiam
893 784 935 824 in
960 796 1036 825 sua
1055 782 1234 825 actione.

295 860 337 902 Si
365 859 530 902 dicatur
569 858 680 914 quod
718 858 858 901 anima
892 857 1148 900 intellectiva
1175 864 1240 900 est

240 935 482 978 immediate
522 949 544 977 a
571 937 654 977 Deo
677 941 717 976 et
739 934 791 977 de
812 934 960 986 nihilo,
985 941 1024 976 et
1050 934 1101 976 de
1128 946 1239 976 novo

240 1010 503 1067 producitur,
580 1016 626 1051 ut
664 1016 777 1064 patet
813 1022 887 1065 per
929 1008 1235 1064 Philosophos;

239 1100 340 1142 ergo
390 1099 491 1128 vere
516 1092 696 1128 creatur.

295 1162 394 1204 Dico
416 1161 525 1218 quod
550 1174 631 1203 non
654 1174 755 1203 vere
775 1167 954 1212 creatur,
980 1159 1080 1216 quia
1099 1159 1240 1202 anima

237 1237 495 1280 intellectiva
545 1249 627 1278 non
664 1236 744 1278 alia
780 1236 945 1279 actione
990 1234 1239 1290 producitur

238 1315 280 1356 in
300 1328 387 1356 esse
415 1328 540 1370 quam
569 1315 825 1370 producatur
856 1321 988 1358 totum
1021 1314 1235 1370 composi¬

237 1396 339 1440 tum,
385 1396 431 1431 ut
455 1389 560 1431 alias
592 1389 770 1445 exposui
808 1390 860 1432 in
888 1391 930 1431 2.
978 1396 1018 1431 et
1042 1389 1241 1431 diffusius

238 1466 472 1520 exponetur
492 1466 538 1506 in
571 1465 612 1507 4.
636 1465 736 1507 dist.
761 1467 831 1509 43.
862 1465 933 1507 ubi
961 1464 1040 1506 ista
1066 1465 1241 1508 materia

239 1541 409 1596 copiose
442 1547 720 1597 pertractatur
757 1554 779 1582 a
823 1544 1013 1583 Doctore.
1057 1544 1138 1583 Aut
1169 1555 1240 1583 ex¬

240 1618 410 1672 ponitur
435 1617 512 1669 sic,
557 1623 603 1660 ut
632 1615 675 1673 ly
700 1616 816 1660 nihil
846 1616 1046 1673 praecedit
1079 1631 1166 1659 me
1199 1618 1241 1658 in

241 1692 378 1748 aliquo
411 1692 585 1734 instanti
614 1698 777 1735 naturae
798 1700 978 1745 tantum,
1004 1706 1087 1735 non
1114 1693 1240 1736 dura¬

239 1768 381 1820 tionis,
400 1775 501 1811 tunc
526 1768 757 1811 secundum
779 1769 1038 1812 Avieennam
1067 1771 1146 1812 hoc
1166 1783 1242 1812 an¬

237 1844 432 1887 tecedens
471 1857 554 1886 non
582 1845 660 1887 erit
680 1844 902 1897 creditum,
928 1845 1026 1901 quia
1058 1845 1243 1888 secunda

235 1920 514 1976 intelligentia
558 1927 622 1963 est
655 1920 716 1963 sic
758 1928 928 1964 causata
966 1935 988 1963 a
1021 1921 1173 1977 prima,
1203 1931 1244 1964 et

234 1996 296 2039 sic
315 2010 402 2038 non
430 2009 516 2038 esse
542 1997 678 2052 ipsius
691 1997 733 2039 in
756 1997 896 2053 aliquo
922 1998 1094 2040 instanti
1122 2006 1240 2041 natu¬

234 2084 292 2113 rae
321 2072 540 2127 praecessit
579 2085 679 2124 esse,
717 2071 993 2128 intelligendo
1029 2080 1171 2115 tamen
1193 2072 1244 2114 de

235 2147 408 2190 instanti
448 2156 609 2191 naturae
645 2148 871 2204 privative,
921 2162 1004 2191 non
1043 2149 1240 2205 positive,

236 2232 281 2266 ut
307 2224 434 2267 habet
459 2224 613 2280 exponi
641 2224 750 2267 infra
776 2225 876 2268 dist.
915 2228 955 2282 8.
979 2232 1125 2282 qncest.
1160 2227 1238 2268 ult.

238 2308 277 2343 et
321 2301 484 2343 clarius
528 2301 722 2343 declarat
761 2301 918 2343 Doctor
955 2302 1004 2344 in
1042 2302 1083 2344 2.
1124 2302 1166 2344 d.
1203 2305 1239 2344 1.

239 2384 384 2432 queest.
409 2379 450 2419 2.
486 2375 599 2420 Nam
632 2375 667 2419 si
691 2377 733 2418 in
766 2376 940 2420 instanti
974 2384 1136 2419 naturae
1165 2391 1242 2432 po¬

239 2453 365 2496 sitive
397 2467 485 2496 non
505 2467 591 2495 esse
623 2451 882 2509 praecederet
908 2466 1010 2505 esse,
1046 2466 1242 2509 sequere¬

240 2537 308 2572 tur
334 2529 446 2585 quod
484 2529 608 2571 etiam
636 2528 894 2584 praecederet
937 2528 1173 2582 duratione,
1199 2537 1244 2572 ut

237 2605 341 2647 alias
372 2605 549 2660 exposui
587 2604 716 2659 supra
741 2604 828 2647 dist
839 2638 847 2646 .
895 2607 934 2647 3.
962 2605 1083 2647 tertii
1118 2605 1238 2647 Scnt.

239 2681 319 2724 Sed
358 2681 438 2724 hoc
463 2694 547 2723 non
575 2681 767 2736 sequitur
805 2681 1049 2736 accipiendo
1076 2688 1241 2724 tantum

238 2757 464 2813 privative,
500 2764 540 2799 et
573 2770 726 2799 sensus
753 2763 832 2807 est,
873 2756 985 2813 quod
1021 2757 1056 2799 si
1097 2758 1141 2799 in
1180 2756 1242 2798 in¬

239 2833 367 2876 stanti
395 2833 446 2885 A,
471 2831 750 2887 intelligentia
783 2832 968 2875 secunda
998 2845 1080 2873 non
1113 2832 1242 2874 habe¬

240 2916 302 2952 ret
323 2922 424 2963 esse,
451 2921 539 2950 non
558 2921 645 2949 esse
671 2913 875 2963 quantum
897 2914 960 2949 est
985 2921 1038 2949 ex
1062 2921 1107 2950 se
1137 2921 1242 2962 prae¬

239 2984 405 3028 cederet
450 2984 589 3040 ipsum
620 2996 724 3036 me,
759 2983 1004 3038 accipiendo
1030 2996 1132 3039 ergo
1161 2983 1242 3026 hoc

238 3060 490 3103 antecedens
510 3059 571 3101 sic
595 3073 602 3100 :
628 3058 795 3115 Aliquid
818 3059 1064 3115 producitur
1085 3058 1136 3100 de
1156 3072 1242 3101 non

237 3150 325 3178 esse
353 3135 405 3178 ad
436 3149 537 3187 esse,
579 3148 683 3190 ergo
703 3142 893 3186 creatur;
936 3140 1118 3190 negatur
1138 3147 1240 3176 con¬

237 3212 471 3270 sequentia,
531 3211 628 3267 quia
673 3224 814 3254 creare
852 3212 1022 3268 proprie
1066 3211 1246 3267 requirit

237 3295 424 3331 extrema
467 3287 729 3340 mutationis,
764 3287 805 3330 id
846 3295 927 3339 est,
980 3288 1091 3344 quod
1150 3300 1243 3329 mu¬

240 3371 350 3406 tetur
370 3363 421 3406 de
446 3377 533 3405 non
559 3377 645 3405 me
672 3363 790 3418 prius
817 3363 1038 3406 duratione
1076 3362 1125 3404 ad
1155 3376 1241 3404 me

241 3440 451 3496 posterius
494 3439 729 3490 duratione,
765 3449 805 3481 et
844 3440 1011 3496 quando
1044 3453 1131 3480 non
1156 3452 1242 3480 esse

242 3528 324 3558 non
370 3514 571 3570 praecedit
609 3514 830 3557 duratione
862 3515 1003 3570 ipsum
1041 3528 1142 3566 me,
1183 3513 1241 3555 ibi

244 3591 358 3635 nulla
389 3597 452 3634 est
478 3589 654 3632 mutatio
680 3590 772 3634 sive
793 3591 974 3634 novitas.
1006 3593 1092 3635 IIoc
1117 3590 1242 3633 etiam

1313 336 1426 384 patet
1445 330 1496 372 de
1530 329 1615 373 filio
1638 331 1723 382 Dei,
1756 344 1852 374 nam
1871 346 1957 374 non
1979 346 2064 375 esse
2084 332 2176 388 ejus
2197 332 2315 388 prius

1311 403 1478 460 origine
1505 406 1724 461 praecessit
1766 420 1851 448 me
1889 407 1996 462 ejus,
2038 406 2136 464 quia
2175 414 2314 449 tamen

1312 492 1395 522 non
1442 481 1640 536 praecedit
1669 482 1788 537 prius
1819 481 2057 534 duratione,
2094 482 2187 525 ideo
2232 494 2314 523 non

1312 554 1468 599 dicitur
1495 557 1664 608 mutari,
1690 570 1768 599 nec
1787 557 1937 600 creari.

1684 687 1736 722 SG
1744 688 1943 724 MOLIUM.

1358 784 1475 820 Osten
1500 795 1522 820 a
1544 784 1741 822 infinitate
1762 787 1885 832 primi
1902 790 2007 825 entis
2027 799 2102 836 per
2119 793 2229 827 viam
2255 793 2317 827 ef¬

1312 848 1513 893 ficientiae,
1565 850 1706 895 probat
1750 851 1931 888 eamdem
1974 863 2048 900 per
2098 856 2314 892 secandam

1312 914 1420 949 viam
1441 914 1683 958 cognitionis
1709 914 1921 952 distinctae.
1955 916 2104 962 Primo,
2128 921 2223 966 quia
2250 931 2316 956 co¬

1314 979 1470 1022 gnoscit
1485 979 1609 1014 simul
1624 977 1797 1023 infinita,
1813 981 1948 1016 omnia
1964 983 2123 1019 scilicet
2136 994 2226 1029 quae
2247 994 2317 1020 nos

1314 1042 1541 1078 successive
1579 1051 1818 1086 cognoscere
1855 1053 2082 1089 possumus.
2122 1047 2316 1093 Secundo,

1314 1106 1418 1141 ratio
1437 1105 1701 1150 cognoscendi
1729 1107 1853 1152 primi
1875 1109 1993 1153 entis,
2030 1110 2069 1146 id
2103 1114 2174 1154 est,
2208 1111 2318 1157 obje¬

1314 1171 1422 1204 ctum
1454 1177 1527 1206 seu
1550 1173 1693 1206 natura
1713 1181 1796 1214 sua,
1818 1175 1877 1208 est
1898 1171 2150 1211 infinitorum
2172 1175 2318 1212 distin¬

1314 1235 1389 1269 cte.
1413 1234 1557 1277 Tertio,
1578 1243 1699 1270 causa
1720 1235 1895 1271 secunda
1932 1237 2036 1273 nihil
2058 1239 2318 1283 perfectionis

1314 1297 1674 1342 cognoscibilitatis
1694 1298 1805 1335 addit
1826 1302 1976 1337 naturae
1996 1303 2151 1348 primae.

1373 1390 1596 1436 Ostenso
1624 1390 1901 1449 proposito
1941 1392 2006 1451 (a)
2039 1407 2133 1453 per
2175 1394 2317 1441 viam

1315 1464 1501 1523 primae
1563 1465 1857 1513 efficientiae
1914 1480 2009 1526 per
2054 1470 2316 1517 rationem

1316 1537 1640 1600 Philosophi,
1696 1542 1819 1600 quia
1863 1542 1954 1588 illa
1993 1544 2165 1604 prima
2209 1545 2318 1592 effi¬

1315 1615 1508 1662 cientia
1536 1616 1696 1664 infert
1724 1617 2055 1666 infinitatem.

1374 1693 1624 1751 Sequitur
1675 1694 1898 1740 secunda
1946 1695 2048 1748 via,
2109 1709 2172 1742 ex
2222 1696 2320 1743 hoc

1319 1768 1451 1826 quod
1485 1770 1562 1814 est
1594 1768 1894 1829 intelligens
1935 1770 2179 1819 distincte
2211 1787 2319 1819 om¬

1316 1843 1403 1889 nia
1431 1843 1687 1891 factibilia
1713 1845 1796 1890 vel
1829 1845 2202 1907 intelligibilia,
2234 1849 2320 1895 ubi

1319 1932 1487 1979 arguo
1520 1921 1594 1967 sic
1634 1936 1642 1965 :
1688 1921 2050 1980 Intelligibilia
2084 1927 2205 1971 sunt
2251 1925 2323 1970 in¬

1315 1996 1480 2050 finita,
1534 1999 1584 2043 et
1629 1996 1726 2043 hoc
1783 2000 1905 2044 actu
1947 1998 1999 2045 in
2050 1999 2323 2048 intellectu

1319 2073 1494 2119 omnia
1540 2072 1894 2131 intelligente;
1943 2088 2071 2134 ergo
2125 2076 2323 2124 intelle¬

1317 2151 1431 2194 ctus
1456 2149 1546 2194 illa
1574 2149 1731 2194 simul
1760 2150 1881 2195 actu
1916 2149 2216 2210 intelligens
2245 2155 2325 2200 est

1318 2224 1569 2279 infinitus,
1602 2226 1725 2272 talis
1753 2228 1833 2273 est
1864 2225 2163 2274 intellectus
2203 2228 2325 2275 divi¬

1315 2313 1430 2353 nus,
1463 2303 1519 2347 ut
1542 2313 1705 2360 supra
1726 2302 2007 2361 probatum
2030 2306 2109 2351 est
2134 2303 2186 2349 in
2209 2318 2325 2351 con¬

1317 2377 1640 2424 clusionibus
1663 2379 1721 2424 de
1743 2381 1987 2436 intelligere
2008 2381 2183 2440 primi.

1376 2454 1546 2514 Hujus
1581 2453 2006 2513 Enthymematis
2036 2457 2201 2515 probo
2242 2471 2323 2504 an¬

1316 2530 1556 2576 tecedens
1589 2532 1640 2577 et
1672 2532 2122 2589 consequentiam.
2171 2534 2325 2581 Ante¬

1317 2606 1500 2652 cedens
1542 2606 1616 2653 sic
1655 2607 1720 2665 (b)
1763 2622 1770 2647 :
1804 2610 2151 2668 Quaecumque
2203 2614 2324 2658 sunt

1316 2681 1521 2729 infinita
1550 2682 1602 2728 in
1631 2682 1885 2741 potentia,
1917 2682 1994 2730 ita
2027 2685 2159 2743 quod
2193 2685 2325 2731 acci¬

1316 2757 1499 2817 piendo
1535 2759 1765 2805 alterum
1808 2761 1924 2818 post
1953 2760 2183 2807 alterum
2216 2763 2326 2808 nul¬

1313 2830 1424 2877 lum
1479 2835 1702 2891 possunt
1752 2832 1946 2879 habere
2011 2833 2182 2888 finem,
2232 2835 2324 2883 illa

1318 2907 1495 2953 omnia
1545 2908 1590 2954 si
1641 2908 1799 2953 simul
1844 2910 1964 2955 actu
2006 2913 2144 2961 sunt,
2198 2915 2319 2959 sunt

1316 2982 1522 3031 infinita
1586 2987 1733 3036 actu;
1789 2983 2148 3044 intelligibilia
2200 2990 2319 3034 sunt

1316 3059 1520 3106 infinita
1547 3061 1600 3106 in
1630 3061 1869 3119 potentia
1897 3065 2140 3122 respectu
2177 3063 2324 3110 intel¬

1313 3135 1481 3183 lectus
1509 3137 1692 3188 creati,
1724 3136 1855 3183 satis
1901 3140 2062 3195 patet,
2099 3140 2150 3184 et
2172 3139 2226 3184 in
2253 3138 2326 3184 in¬

1312 3212 1527 3259 tellectu
1558 3212 1795 3259 increato
1820 3215 1941 3259 sunt
1966 3214 2124 3259 simul
2149 3214 2324 3260 omnia

1316 3286 1584 3335 intellecta
1612 3290 1732 3334 actu
1774 3301 1885 3347 quae
1926 3300 1955 3334 a
1982 3292 2164 3337 creato
2202 3291 2321 3335 sunt

1317 3363 1613 3410 successive
1635 3363 1992 3422 intelligibilia
2014 3381 2022 3417 ;
2050 3378 2178 3424 ergo
2203 3368 2324 3412 sunt

1316 3438 1386 3485 ibi
1420 3442 1541 3486 actu
1582 3440 1787 3486 infinita
1826 3439 2112 3487 intellecta.
2157 3441 2326 3501 Hujus

1318 3515 1628 3574 Syllogismi
1686 3515 1946 3575 majorem
2004 3517 2079 3563 sic
2141 3517 2323 3576 probo,

1316 3589 1442 3638 licet
1483 3592 1614 3639 satis
1660 3591 1869 3638 evidens
1907 3591 2165 3646 videatur,
2209 3594 2330 3652 quia
