2653 3979
334 356 511 403 omnia
561 357 690 403 talia
742 357 1090 417 acceptibilia,
1140 357 1343 416 quando

337 434 458 477 sunt
552 431 712 477 simul
798 431 1112 484 existentia,
1247 433 1341 478 aut

336 508 457 552 sunt
553 509 675 553 actu
784 504 955 559 finita,
1045 509 1138 554 aut
1227 509 1350 553 sunt

329 584 451 628 actu
493 581 714 629 infinita.
746 582 799 630 Si
834 584 953 629 actu
990 582 1168 634 finita;
1215 595 1345 640 ergo

328 656 630 716 accipiendo
667 658 896 706 alterum
936 661 1054 718 post
1092 658 1342 706 alterum,

327 733 536 779 tandem
579 738 799 794 possunt
841 735 1018 780 omnia
1046 748 1162 781 esse
1201 747 1343 781 acce¬

330 811 420 867 pta
441 812 591 862 actu;
617 824 745 869 ergo
782 811 825 857 si
859 825 963 857 non
992 813 1212 870 possunt
1247 823 1348 856 om¬

328 884 415 931 nia
437 888 559 933 actu
586 899 702 933 esse
724 889 958 946 accepta,
978 887 1022 932 si
1041 889 1161 933 actu
1192 886 1348 932 simul

333 964 470 1013 sunt,
534 963 654 1008 sunt
707 966 826 1010 actu
881 962 1102 1010 infinita.
1159 964 1348 1009 Conse,

329 1037 598 1095 quentiam
626 1038 688 1095 (c)
728 1037 886 1096 primi
920 1036 1348 1096 Enthymematis

333 1112 408 1158 sic
438 1112 621 1171 probo,
663 1113 785 1171 quia
814 1112 1130 1172 ubicumque
1177 1113 1349 1172 plura¬

334 1186 460 1234 litas
497 1187 743 1245 requirit,
773 1188 857 1234 vel
889 1188 1154 1235 concludit
1185 1187 1350 1247 majo¬

332 1275 443 1309 rem
475 1263 853 1322 perfectionem
889 1277 1045 1323 quam
1089 1264 1348 1324 paucitas,

333 1338 403 1384 ibi
460 1337 693 1386 infinitas
745 1340 1038 1386 numeralis
1088 1339 1351 1387 concludit

338 1413 598 1461 infinitam
624 1415 1026 1474 perfectionem,

395 1490 726 1546 Exemplum,
778 1503 936 1546 posse
988 1491 1130 1536 ferre
1174 1491 1350 1536 decem

339 1577 599 1623 majorem
674 1568 1053 1625 perfectionem
1126 1568 1349 1625 requirit

335 1639 554 1687 virtutis
587 1641 799 1688 motivae
835 1655 989 1701 quam
1025 1655 1180 1701 posse
1208 1641 1351 1687 ferre

338 1714 582 1774 ^jid^iie.
627 1716 738 1763 ideo
773 1731 929 1776 posse
962 1715 1106 1763 ferre
1146 1716 1352 1764 infinita

338 1791 599 1838 concludit
630 1792 891 1840 infinitam
913 1793 1170 1841 virtutem
1204 1793 1352 1839 moti-
301 1789 317 1811 S

338 1880 457 1912 vam
477 1884 485 1919 ;
516 1880 645 1927 orgo
669 1869 720 1914 in
744 1869 1038 1929 proposito,
1075 1871 1196 1916 cum
1224 1871 1352 1913 intel-

341 1946 472 2001 Hgere
492 1947 523 1987 A
551 1944 620 1992 sit
643 1945 821 2005 aliqua
849 1945 1123 2005 perfectio,
1148 1948 1199 1993 et
1221 1947 1351 1990 intel-

337 2019 470 2075 ligere
490 2021 526 2061 B
554 2019 622 2066 sit
645 2019 752 2066 alia
783 2020 1055 2080 perfectio,
1080 2034 1349 2079 nunquam

339 2091 473 2139 idem
506 2097 750 2152 intelligere
776 2098 811 2139 A
845 2096 949 2142 erit
972 2095 1138 2155 ipsius
1166 2098 1200 2139 A
1227 2097 1276 2141 et
1313 2098 1351 2138 B

335 2181 482 2227 aeque
516 2169 780 2223 distincte,
805 2172 860 2216 ut
883 2171 981 2217 duo
1010 2173 1252 2228 intelligere
1275 2184 1329 2216 es

332 2248 447 2292 sent
484 2246 588 2292 nisi
629 2247 1090 2306 imperfectionem
1125 2248 1349 2293 duorum

328 2323 574 2379 intelligere
596 2322 649 2368 in
683 2323 776 2369 illo
807 2337 910 2369 uno
945 2323 1242 2370 eminenter
1277 2324 1348 2370 in¬

326 2397 621 2452 cludantur,
657 2401 708 2445 et
745 2399 818 2446 sic
859 2401 918 2446 de
958 2400 1150 2453 tribus,
1183 2403 1234 2446 et
1273 2400 1347 2447 sic

325 2473 470 2520 ultra
513 2475 572 2521 de
612 2475 850 2523 infinitis.

385 2550 752 2598 Consimiliter
802 2551 965 2598 etiam
1017 2551 1080 2609 (d)
1125 2552 1184 2598 de
1232 2553 1347 2612 ipsa

329 2626 538 2673 ratione
591 2627 920 2686 intelligendi
965 2629 1226 2685 arguetur
1283 2630 1346 2675 si¬

331 2704 418 2748 cut
444 2703 502 2749 de
542 2703 814 2752 intellectu
855 2707 907 2751 et
942 2708 1065 2752 actu
1095 2708 1346 2764 argutum

332 2782 428 2832 est,
473 2779 593 2838 quia
635 2780 809 2841 major
855 2781 1112 2841 perfectio
1142 2782 1346 2829 conclu¬

334 2855 476 2902 ditur
498 2854 550 2901 in
573 2856 780 2904 ratione
803 2857 1130 2916 intelligendi
1156 2872 1220 2904 ex
1239 2859 1347 2918 plu¬

340 2931 555 2978 ralitate
584 2931 801 2978 illorum
843 2947 1068 2992 quorum
1096 2935 1175 2980 est
1205 2935 1344 2981 ratio

336 3008 664 3067 intelligendi
690 3009 952 3063 distincte,
978 3010 1100 3069 quia
1135 3014 1346 3070 oportet

337 3084 472 3143 quod
510 3084 743 3132 includat
782 3085 1077 3134 eminenter
1104 3086 1346 3145 perfecti¬

338 3173 462 3206 ones
533 3160 766 3206 omnium
823 3162 1168 3221 propriarum
1220 3164 1345 3210 rati¬

336 3250 493 3282 onum
536 3237 880 3296 intelligendi,
910 3253 1136 3297 quarum
1165 3239 1344 3298 quaeli¬

331 3314 416 3361 bet
463 3315 744 3361 secundum
784 3316 1061 3374 propriam
1079 3315 1343 3362 rationem

331 3390 566 3449 aliquam
594 3390 976 3450 perfectionem
1000 3392 1176 3451 ponit;
1214 3404 1342 3450 ergo

331 3464 648 3513 infinitatem
671 3467 989 3514 concludunt
1016 3467 1238 3513 infinita.

392 3540 642 3592 Secundo,
692 3540 848 3600 juxta
891 3542 954 3600 (e)
1000 3541 1158 3587 istam
1199 3541 1339 3587 viam

337 3615 395 3661 de
419 3616 665 3674 intelligere
699 3617 876 3676 primi,
903 3617 1240 3678 propositum
1264 3618 1338 3665 sic

1422 356 1636 402 ostendo
1667 372 1675 399 :
1710 358 1881 404 Causa
1927 355 2097 415 prima
2127 356 2210 402 cui
2249 368 2425 402 secun¬

1418 426 1540 472 dum
1605 426 1852 472 ultimum
1918 439 2025 472 suae
2091 425 2426 472 causalitatis

1421 514 1580 547 causa
1611 501 1837 547 secunda
1872 500 2064 560 aliquid
2089 500 2429 560 perfectionis

1421 576 1559 623 addit
1583 577 1634 622 in
1656 577 1938 629 causando,
1964 589 2070 622 non
2089 576 2298 624 videtur
2319 577 2433 623 sola

1421 664 1576 710 posse
1616 650 1727 697 sine
1761 652 1986 698 secunda
2032 651 2104 697 ita
2142 652 2433 711 perfectum

1422 726 1667 774 effectum
1717 740 1939 774 causare
1986 727 2122 774 sicut
2156 728 2270 787 ipsa
2315 742 2432 775 cum

1425 803 1664 857 secunda,
1705 803 1827 862 quia
1867 803 2153 850 causalitas
2187 804 2300 851 sola
2329 804 2431 864 pri¬

1426 892 1523 924 mae
1557 892 1728 925 causae
1774 878 2033 926 diminuta
2065 882 2146 927 est
2184 882 2427 939 respectu

1427 955 1764 1002 causalitatis
1793 955 2092 1008 ambarum;
2135 968 2262 1014 ergo
2304 956 2429 1002 illud

1426 1030 1559 1088 quod
1599 1033 1783 1077 natum
1823 1032 1904 1077 est
1941 1044 2056 1076 esse
2096 1044 2125 1076 a
2163 1044 2322 1078 causa
2355 1045 2430 1077 se¬

1425 1106 1590 1152 cunda
1635 1109 1686 1153 et
1734 1106 1907 1165 prima
1938 1107 2093 1152 simul
2145 1108 2214 1155 sit
2262 1109 2428 1156 multo

1425 1180 1713 1240 perfectius
1760 1195 1789 1228 a
1841 1181 1955 1228 sola
2011 1183 2211 1242 prima,
2270 1197 2431 1231 causa

1428 1257 1652 1304 secunda
1711 1257 1843 1304 nihil
1900 1258 2243 1317 perfectionis
2295 1261 2432 1308 addit

1427 1333 1629 1392 primae,
1674 1333 1760 1384 sed
1795 1347 1946 1379 omne
1972 1333 2179 1382 finitum
2211 1336 2352 1382 omni
2379 1337 2431 1382 fi¬

1425 1413 1538 1458 nito
1568 1410 1798 1458 additum
1833 1412 1971 1459 addit
2006 1412 2238 1472 aliquam
2267 1413 2430 1472 perfe¬

1426 1486 1680 1540 ctionem;
1721 1499 1849 1546 ergo
1867 1532 1872 1536 ,
1897 1488 2020 1535 talis
2061 1489 2234 1548 prima
2271 1503 2431 1536 causa

1425 1565 1506 1610 est
1530 1563 1749 1609 infinita.

1485 1639 1559 1685 Ad
1616 1638 1968 1698 propositum,
2022 1640 2216 1687 notitia
2257 1640 2431 1701 cujus-

1427 1728 1650 1774 cumque
1692 1713 1883 1774 objecti
1921 1716 2046 1761 nata
2084 1717 2163 1761 est
2197 1715 2344 1774 gigni
2370 1717 2432 1762 ab

1425 1789 1540 1849 ipso
1597 1790 1731 1836 sicut
1779 1803 1808 1835 a
1852 1803 2012 1836 causa
2070 1792 2340 1850 proxima,
2382 1794 2433 1838 et

1428 1866 1658 1912 maxime
1710 1865 1802 1912 illa
1848 1879 1961 1924 quae
2012 1868 2091 1912 est
2141 1866 2277 1913 visio
2325 1866 2434 1913 sive

1426 1940 1718 1988 intellectio
1764 1941 2034 1994 intuitiva;
2083 1956 2212 2002 ergo
2260 1943 2303 1989 si
2343 1944 2434 1990 illa

1428 2018 1589 2065 alicui
1612 2018 1906 2066 intellectui
1934 2019 2070 2066 inest
2094 2019 2204 2066 sine
2226 2021 2432 2068 actione

1430 2108 1758 2154 quacumque
1792 2095 1915 2142 talis
1947 2095 2154 2154 objecti,
2198 2097 2284 2143 sed
2321 2099 2431 2144 tan¬

1425 2173 1697 2219 tummodo
1733 2185 1796 2218 ex
1834 2171 2034 2219 virtute
2080 2173 2302 2220 alterius
2351 2175 2431 2221 ob¬

1421 2247 1552 2307 jecti
1592 2247 1791 2306 prioris
1823 2248 1955 2306 quod
1993 2250 2177 2294 natum
2211 2251 2292 2296 est
2319 2262 2433 2296 esse

1427 2337 1590 2370 causa
1625 2325 1872 2382 superior
1914 2326 2158 2383 respectu
2196 2324 2320 2371 talis
2353 2339 2435 2372 co¬

1425 2400 1699 2459 gnitionis,
1736 2399 1978 2458 sequitur
2001 2400 2135 2458 quod
2157 2400 2281 2447 illud
2305 2401 2437 2461 obje¬

1427 2479 1570 2524 ctum
1596 2475 1838 2534 superius
1869 2477 1949 2522 est
1979 2474 2243 2522 infinitum
2272 2476 2324 2522 in
2357 2491 2438 2523 co-

1426 2551 1842 2613 gnoscibilitate,
1888 2551 2008 2609 quia
2049 2550 2271 2597 inferius
2305 2552 2436 2598 nihil

1425 2630 1522 2677 sibi
1563 2629 1700 2675 addit
1729 2628 1781 2673 in
1812 2627 2296 2686 cognoscibilitate;
2326 2629 2433 2675 tale

1425 2706 1690 2766 objectum
1726 2703 1970 2763 superius
1999 2706 2079 2750 est
2112 2706 2306 2752 natura
2328 2705 2430 2764 pri¬

1423 2796 1524 2836 ma,
1568 2780 1689 2840 quia
1728 2794 1792 2826 ex
1833 2779 1947 2827 sola
1989 2780 2274 2839 praesentia
2313 2781 2427 2840 ejus

1422 2859 1556 2918 apud
1585 2856 1912 2903 intellectum
1949 2855 2123 2915 primi,
2154 2857 2299 2902 nullo
2323 2858 2426 2904 alio

1424 2937 1628 2997 objecto
1680 2936 2054 2989 concausante,
2106 2938 2186 2982 est
2236 2935 2429 2983 notitia

1422 3012 1799 3072 cujuscumque
1845 3009 2037 3068 objecti
2071 3009 2123 3055 in
2156 3009 2428 3058 intellectu

1422 3089 1535 3148 ejus
1566 3124 1576 3140 ,
1625 3085 1762 3132 sicut
1821 3085 2079 3144 probatur
2147 3099 2308 3144 supra
2377 3086 2430 3132 in

1424 3161 1852 3211 conclusionibus
1888 3161 1946 3206 de
1973 3163 2218 3218 intelligere
2249 3161 2425 3220 primi.

1421 3240 1596 3298 Igitur
1648 3236 1852 3283 nullum
1904 3235 2044 3282 aliud
2096 3236 2430 3295 intelligibile

1420 3313 1617 3373 aliquid
1645 3312 1742 3359 sibi
1773 3311 1911 3358 addit
1934 3311 1985 3356 in
2007 3311 2427 3370 cognoscibilita¬

1419 3395 1496 3444 te;
1523 3403 1652 3448 ergo
1689 3390 1767 3434 est
1796 3387 2059 3433 infinitum
2089 3387 2178 3440 sic,
2216 3400 2344 3446 ergo
2372 3390 2423 3435 et

1418 3468 1470 3514 in
1504 3465 1742 3517 entitate,
1777 3463 1898 3522 quia
1932 3464 2334 3522 unumquodque
2357 3464 2420 3511 si¬

1416 3545 1502 3590 cut
1544 3542 1605 3588 ad
1640 3556 1726 3584 esse
1753 3553 1806 3586 se
1832 3539 2004 3593 habet,
2040 3539 2114 3586 sic
2141 3539 2203 3585 ad
2231 3552 2418 3598 cogno-

1416 3617 1756 3667 soibilitatem
1783 3632 1836 3661 ex
1860 3617 1902 3662 2.
1933 3617 2212 3674 Metaphysic.
