2740 3979
586 323 998 364 COMMENTARIUS.

347 486 403 538 (a)
436 490 599 526 Ostenso
624 488 854 536 proposito.
879 486 950 525 Hic
980 487 1136 525 Doctor
1161 487 1298 525 inlen-

297 562 356 602 dil
378 563 560 612 probare
592 561 840 601 infinitatem
875 560 1000 610 primi
1026 560 1222 606 effectivi,
1248 572 1301 600 ex

294 638 375 679 hoc
397 636 514 688 quod
549 637 746 676 distincte
774 636 974 687 intelligit
996 636 1134 674 omnia
1168 636 1298 676 inlel¬

297 714 489 764 ligibilia,
528 716 572 752 et
605 712 705 752 dicit
738 713 855 761 plura
879 713 921 750 in
953 712 1033 750 ista
1067 710 1225 757 littera,
1249 722 1301 751 ex

296 789 451 839 quibus
473 787 595 826 infert
618 787 899 837 propositum.
921 786 1103 826 Primum
1126 789 1190 826 est
1209 785 1296 826 ibi:

296 862 583 912 Inlelligibilia
621 867 714 902 sunt
750 862 929 911 in/inita,
965 866 1000 900 et
1031 862 1106 901 hoc
1143 865 1238 902 actu
1258 863 1300 902 in

297 938 510 978 intellectu
544 938 686 976 omnia
714 937 982 986 intelligente.
1006 937 1120 976 Hanc
1142 948 1300 988 propo¬

295 1013 493 1053 sitionem
525 1014 678 1063 probat
713 1023 860 1063 parum
896 1011 1004 1052 infra
1025 1013 1081 1052 ibi
1105 1016 1112 1052 :
1136 1016 1300 1053 Antece¬

293 1090 392 1128 dens
409 1090 481 1129 sic.

344 1163 403 1215 (b)
427 1166 700 1213 Quaecumque
734 1167 827 1202 sunt
860 1164 1025 1213 infinita
1043 1166 1086 1204 in
1101 1167 1283 1214 potentia
1289 1198 1299 1215 ,

297 1243 378 1279 etc.
402 1240 473 1278 Hic
499 1240 586 1280 vult
617 1240 815 1290 probare,
849 1239 964 1290 quod
990 1241 1152 1280 infinita
1173 1241 1301 1281 inlel¬

294 1315 470 1366 ligibilia
508 1318 606 1354 actu
635 1320 733 1356 sunt
752 1316 794 1354 in
824 1316 1044 1356 intellectu
1078 1316 1235 1365 divino,
1260 1321 1303 1358 et

295 1391 489 1441 probatio
541 1394 624 1430 stat
668 1391 710 1429 in
756 1391 862 1438 hoc,
912 1391 1011 1442 quia
1058 1393 1302 1433 intellectus

297 1466 466 1504 creatus
485 1466 628 1513 potest
647 1464 890 1504 successive
910 1464 1069 1504 infinita
1086 1467 1299 1518 intellige-

294 1551 358 1588 re,
399 1539 649 1590 accipiendo
688 1551 821 1580 unum
859 1544 956 1590 post
985 1541 1113 1588 aliud,
1136 1546 1240 1592 puta
1268 1543 1300 1582 si

295 1617 518 1668 generatio
553 1617 869 1657 individuorum
888 1619 930 1657 in
959 1618 1170 1658 infinitum
1198 1629 1299 1658 con¬

297 1694 547 1739 tinuaretur,
570 1696 612 1732 et
644 1693 886 1732 intellectus
909 1697 1076 1733 creatus
1100 1695 1142 1733 in
1166 1695 1299 1734 infini¬

297 1773 387 1810 tum
410 1769 758 1818 duraret,posset
775 1768 935 1809 infinita
956 1769 1173 1810 individua
1204 1783 1303 1810 suc¬

297 1845 460 1885 cessive
481 1844 738 1895 inlelligere,
772 1847 815 1883 et
836 1844 896 1884 sic
922 1845 964 1884 in
990 1846 1061 1885 tali
1081 1846 1304 1887 intellectu

296 1932 378 1961 non
400 1924 547 1961 essent
566 1921 692 1960 simul
720 1923 817 1960 actu
843 1921 985 1960 omnia
1004 1922 1302 1974 inlelligibilia,

295 2009 377 2037 nec
405 2000 504 2036 actu
532 1997 657 2035 simul
679 1996 819 2035 omnia
838 1997 1069 2045 intellecta,
1092 1998 1170 2037 sed
1190 2000 1302 2040 bene

297 2076 339 2112 in
359 2073 578 2113 intellectu
600 2072 741 2111 divino
763 2076 862 2112 sunt
882 2076 980 2112 actu
1000 2073 1158 2114 infinita
1178 2076 1300 2116 inlel¬

298 2150 472 2201 ligibilia
504 2148 645 2194 simul,
668 2150 710 2186 et
741 2149 864 2187 etiam
888 2148 1047 2189 infinita
1068 2151 1300 2201 intellecta,

301 2236 393 2276 quae
432 2227 574 2264 tamen
611 2222 852 2262 successive
885 2226 984 2262 sunt
1012 2224 1054 2263 in
1080 2225 1302 2266 intellectu

298 2305 452 2340 creato.

349 2376 404 2429 (o)
444 2373 690 2415 Secundum
729 2377 793 2413 est
821 2374 878 2413 ibi
915 2378 922 2415 :
958 2378 1303 2427 Consequentiam

290 2454 424 2502 primi
451 2452 765 2500 enthymematis
793 2452 851 2490 sic
867 2452 1013 2500 probo.
1048 2452 1174 2493 Infert
1197 2465 1299 2507 ergo

293 2530 449 2568 Ductor
477 2525 594 2576 quod
623 2526 859 2575 intelligere
887 2529 1012 2577 primi
1044 2529 1227 2570 effectivi
1250 2542 1301 2570 ex

292 2616 376 2655 quo
400 2607 464 2644 est
484 2606 582 2643 actu
612 2601 872 2641 infinitorum
902 2603 1230 2655 intelligibilium
1251 2607 1303 2645 sit

288 2680 465 2720 infinitae
497 2677 790 2729 perfectionis,
822 2682 864 2718 et
892 2678 974 2718 hoc
1005 2684 1069 2720 est
1100 2682 1215 2732 quod
1238 2681 1298 2722 di¬

291 2755 344 2794 cit
366 2755 407 2792 in
429 2755 508 2794 ista
536 2753 689 2792 littera.

341 2831 446 2869 Nota
485 2833 628 2868 tamen
668 2827 785 2878 quod
817 2829 993 2879 quando
1036 2829 1137 2869 dicit
1186 2833 1302 2882 quod

288 2905 453 2953 infinita
474 2903 760 2952 inlelligibilia
789 2908 881 2942 sunt
906 2907 1003 2944 actu
1024 2906 1066 2944 in
1088 2907 1300 2947 intellectu

293 2982 442 3028 divino,
479 2982 588 3029 puta
628 2979 784 3028 infiniti
818 2979 1005 3020 homines
1037 2981 1103 3019 vel
1149 2983 1307 3030 infiniti

295 3057 473 3106 lapides,
502 3055 583 3094 hoc
611 3065 699 3094 non
721 3053 853 3093 debet
879 3054 1059 3107 intelligi
1082 3058 1197 3107 quod
1217 3060 1301 3098 sint

295 3133 352 3172 ibi
389 3130 669 3182 inlelligibilia
700 3141 752 3168 ex
784 3133 937 3169 natura
974 3133 1049 3179 rei,
1085 3132 1182 3182 quia
1211 3135 1301 3173 sola

297 3208 482 3247 essentia
521 3205 661 3245 divina
683 3209 748 3245 est
776 3207 835 3245 sic
864 3206 1140 3257 intelligibilis
1162 3209 1212 3247 ab
1235 3211 1300 3248 in¬

297 3284 471 3322 tellectu
492 3282 647 3328 divino,
681 3282 887 3332 quoniam
915 3281 1183 3334 inlelligibile
1204 3296 1299 3334 pro¬

294 3358 384 3408 prie
415 3370 468 3398 ex
483 3362 630 3397 natura
654 3358 715 3396 rei
736 3368 907 3408 semper
930 3359 1139 3408 praecedit
1159 3363 1300 3400 actum

292 3433 577 3485 intelligendi,
604 3434 702 3484 quia
738 3434 820 3473 tale
851 3434 1038 3483 pertinet
1060 3435 1113 3473 ad
1135 3446 1298 3476 memo¬

292 3512 397 3549 riam
419 3521 508 3560 quae
530 3513 594 3549 est
621 3509 874 3559 productiva
894 3513 1028 3550 actus.
1052 3511 1158 3550 Sunt
1184 3512 1298 3551 enim

295 3586 438 3625 omnia
462 3583 744 3637 inlelligibilia
773 3588 914 3624 creata
933 3589 1030 3626 actu
1050 3586 1296 3638 intelligibi-

Intellectus
1375 323 1428 362 lia
1462 334 1541 372 per
1584 328 1726 364 actum
1773 325 2016 366 intellectus
2064 326 2213 376 divini,
2264 327 2380 378 quod

1377 399 1490 438 enim
1511 400 1617 449 lapis
1649 399 1814 440 dicatur
1846 412 1941 441 esse
1974 403 2265 455 intelligibilis,
2301 404 2382 443 hoc

1374 474 1504 513 habet
1524 474 1575 514 ab
1600 478 1698 514 actu
1719 475 1964 516 intellectus
1985 477 2128 526 divini,
2158 480 2256 528 quia
2283 481 2382 518 ante

1373 550 1488 588 illum
1522 553 1663 590 actum
1697 552 1861 590 nullum
1891 564 1975 592 esse
1996 553 2143 602 habet,
2176 565 2258 594 nec
2287 555 2383 593 sim¬

1373 625 1555 675 pliciter,
1586 637 1667 666 nec
1706 627 1946 667 secundum
1986 629 2104 679 quid,
2135 640 2215 670 nec
2250 631 2384 680 possi¬

1373 702 1476 749 bile,
1506 705 1550 741 ut
1582 702 1735 742 diffuse
1765 706 1884 752 palet
1911 714 1931 742 a
1955 705 2138 745 Doctore
2159 707 2201 745 in
2225 707 2257 746 1.
2281 709 2321 746 d.
2344 708 2382 746 3.

1374 790 1414 827 q.
1437 778 1479 818 4.
1503 779 1543 817 d.
1579 778 1644 818 35.
1677 779 1741 819 36.
1775 779 1866 819 dist.
1902 780 1966 819 43.
2005 784 2040 819 et
2062 781 2103 819 in
2134 782 2159 820 2
2165 811 2173 819 .
2203 783 2242 821 d.
2285 783 2317 821 1.
2341 783 2384 821 in

1375 854 1531 904 quolib.
1571 855 1630 893 14.
1667 859 1702 894 et
1736 854 1928 905 diffusius
1968 859 2107 905 quaest.
2152 857 2212 896 15.
2249 860 2292 896 et
2320 858 2381 896 sic

1377 930 1475 980 quia
1513 931 1655 969 omnia
1683 931 1964 982 inlelligibilia
2002 934 2101 971 actu
2138 932 2380 973 intellectus

1376 1005 1504 1047 divini
1535 1006 1661 1046 simul
1694 1006 1988 1056 producuntur
2019 1007 2061 1046 in
2095 1017 2190 1047 esse
2226 1009 2311 1057 tali,
2342 1013 2382 1048 et

1375 1082 1472 1133 quia
1493 1083 1563 1121 illa
1583 1085 1682 1122 sunt
1697 1082 1873 1127 infinita,
1896 1086 1942 1121 ut
1963 1083 2046 1122 dixi
2069 1093 2211 1133 supra,
2236 1084 2379 1134 sequi¬

1375 1162 1442 1198 tur
1479 1157 1596 1207 quod
1638 1156 1798 1197 infinita
1836 1158 2117 1209 inlelligibilia
2148 1161 2248 1197 actu
2285 1160 2383 1197 sunt

1373 1234 1418 1273 in
1438 1233 1661 1273 intellectu
1691 1233 1852 1281 divino,
1885 1236 1928 1272 et
1949 1237 2044 1273 actu
2067 1237 2166 1273 sunt
2195 1235 2380 1285 cognita.

1376 1312 1426 1350 Ut
1464 1321 1563 1349 vero
1586 1311 1665 1350 ista
1692 1309 1973 1360 inlelligibilia
2005 1314 2305 1360 comparantur
2330 1309 2385 1349 ad

1375 1386 1639 1425 intellectum
1673 1389 1862 1425 creatum
1885 1388 1984 1424 sunt
2012 1385 2067 1425 ibi
2099 1386 2384 1437 inlelligibilia

1377 1473 1430 1502 ex
1460 1465 1608 1501 natura
1643 1462 1720 1508 rei,
1760 1472 1854 1500 cum
1880 1460 2128 1512 praecedant
2155 1464 2299 1501 actum
2318 1462 2381 1500 in¬

1376 1537 1571 1578 tellectus
1610 1538 1757 1585 creati,
1794 1541 1836 1576 et
1865 1541 2045 1587 possunt
2082 1538 2299 1586 perlinere
2329 1537 2384 1577 ad

1374 1615 1627 1654 memoriam
1647 1613 1944 1663 productivam
1965 1614 2083 1653 verbi
2102 1614 2190 1652 sive
2211 1613 2378 1653 intelle¬

1378 1690 1528 1730 ctionis
1557 1689 1772 1740 perfectae,
1798 1693 1844 1729 ut
1878 1692 1996 1739 patet
2015 1701 2038 1729 a
2064 1690 2248 1728 Doctore
2279 1690 2325 1728 in
2348 1689 2382 1728 1.

1377 1767 1470 1806 dist.
1500 1767 1522 1816 3
1570 1769 1711 1816 quaest.
1744 1767 1782 1805 2.
1813 1770 1848 1804 et
1868 1766 1933 1805 27.
1967 1766 2057 1804 dist.
2082 1769 2118 1804 et
2153 1766 2196 1803 in
2225 1764 2380 1814 quolib.

1378 1855 1402 1892 q
1409 1872 1414 1877 .
1443 1845 1489 1883 15
1519 1847 1554 1882 et
1575 1845 1617 1882 in
1645 1845 1683 1882 2.
1717 1844 1810 1882 dist.
1847 1844 1870 1882 3
1908 1844 1950 1881 in
1970 1843 2152 1881 materia
2176 1843 2225 1880 de
2244 1843 2368 1891 cogni
2368 1863 2379 1872 -

1376 1921 1486 1959 tione
1523 1920 1792 1969 Angelorum.
1826 1919 1930 1958 Item
1955 1919 1998 1958 in
2029 1918 2110 1958 hoc
2144 1916 2262 1967 quod
2284 1916 2383 1956 dicit

1378 1997 1534 2035 Doctor
1554 1993 1670 2046 quod
1691 1994 1921 2034 intellectus
1941 1995 2106 2033 divinus
2123 1996 2217 2031 actu
2234 1992 2384 2031 intelli-

1375 2073 1434 2121 git
1467 2072 1629 2121 infinita
1647 2102 1656 2118 ,
1686 2070 1783 2110 licet
1820 2070 1939 2108 multi
1990 2068 2216 2108 credentes
2254 2069 2382 2116 sequi

1375 2149 1486 2187 viam
1506 2146 1739 2187 Aristotelis
1763 2145 1905 2185 dicant
1934 2146 2116 2195 primum
2138 2145 2381 2184 effectivum

1373 2223 1478 2264 nihil
1514 2221 1755 2274 inlelligere
1795 2224 1914 2261 extra
1952 2232 2014 2269 se,
2045 2224 2187 2260 tamen
2225 2221 2383 2259 Doctor

1374 2311 1449 2350 pro
1497 2310 1611 2339 nunc
1657 2300 1859 2348 supponit
1906 2296 2022 2348 quod
2068 2295 2378 2346 perfectissime

1372 2376 1583 2427 intelligat
1613 2374 1753 2414 omnia
1784 2372 2080 2424 inlelligibilia,
2117 2374 2160 2412 et
2179 2372 2371 2422 aliquali¬

1375 2455 1438 2491 ter
1468 2452 1619 2502 probat
1651 2451 1694 2489 in
1723 2450 1902 2500 prologo
1938 2450 1980 2488 in
2012 2449 2081 2488 illa
2115 2448 2344 2498 quaestione
2370 2460 2379 2487 :

1374 2530 1432 2566 An
1457 2526 1681 2576 Theologia
1709 2526 1760 2564 sit
1787 2526 1836 2564 de
1865 2525 2056 2563 omnibus
2085 2524 2259 2562 entibus.
2296 2524 2381 2564 Sed

1373 2603 1527 2642 diffuse
1543 2603 1625 2641 hoc
1648 2603 1763 2652 patet
1783 2603 1825 2641 in
1840 2601 1973 2650 primo
1996 2601 2090 2639 disl.
2113 2600 2150 2648 3.
2174 2603 2314 2648 quaest.
2336 2600 2377 2639 4.

1373 2681 1467 2719 dist.
1494 2681 1555 2722 15.
1580 2681 1615 2716 et
1635 2678 1697 2717 30.
1722 2680 1757 2715 et
1777 2677 1841 2717 39.
1864 2677 1907 2715 in
1927 2676 1964 2715 2.
1993 2676 2085 2714 dist.
2112 2677 2145 2724 1.
2171 2681 2309 2724 quaest.
2336 2677 2370 2714 1.

1375 2758 1410 2792 et
1441 2755 1482 2792 in
1511 2753 1668 2803 quolib.

1427 2831 1519 2869 Istis
1552 2829 1891 2878 praesuppositis,
1927 2829 2045 2878 patet
2071 2826 2187 2877 quod
2208 2826 2379 2867 intelle¬

1376 2905 1456 2946 ctio
1479 2905 1600 2956 primi
1635 2904 1820 2944 effectivi
1849 2906 1913 2943 est
1937 2902 2171 2943 formaliter
2207 2902 2382 2950 infinita,

1377 2985 1420 3022 et
1454 2992 1588 3032 arguo
1627 2981 1688 3020 sic
1725 2993 1733 3019 :
1771 2980 2006 3020 Continens
2042 2979 2276 3020 virlualiler
2314 2980 2383 3019 vel

1376 3060 1614 3097 eminenter
1645 3056 1829 3096 infinitas
1861 3055 2165 3106 perfectiones,
2198 3058 2262 3094 est
2292 3054 2376 3095 for¬

1375 3135 1541 3174 maliter
1587 3131 1809 3179 infinitum,
1857 3131 1933 3171 sed
1979 3132 2209 3171 intellectio
2257 3131 2381 3181 primi

1373 3211 1555 3250 effectivi
1584 3213 1630 3249 ut
1651 3213 1716 3249 est
1742 3208 2000 3248 infinitorum
2029 3208 2378 3258 intelligibilium,

1373 3288 1563 3326 continet
1584 3286 1824 3325 eminenter
1842 3285 2023 3324 infinitas
2043 3283 2378 3330 intellectiones;

1371 3364 1508 3412 patet,
1552 3361 1649 3411 quia
1689 3360 1909 3411 quodlibet
1934 3359 2198 3410 inlelligibile
2233 3360 2378 3397 natum

1372 3441 1439 3477 est
1458 3438 1637 3488 intelligi
1667 3437 1837 3487 propria
1870 3436 2160 3475 intellectione
2182 3435 2233 3473 ab
2254 3432 2376 3473 intel¬

1369 3513 1486 3552 lectu
1529 3516 1688 3560 creato,
1730 3514 1772 3550 et
1808 3511 1878 3550 illa
1919 3509 2019 3549 dicit
2066 3508 2379 3559 perfectionem

1372 3599 1467 3628 cum
1497 3587 1549 3628 sit
1571 3587 1723 3628 entilas
1745 3587 1938 3627 absoluta
1963 3585 2013 3625 de
2033 3584 2370 3625 Praedicamento
