2653 3979
200 381 278 416 etc.
299 374 391 417 sive
411 374 661 430 disjunctas,
693 383 736 417 ut
761 382 879 417 aclus
902 375 965 416 vel
990 377 1200 430 potentia,

195 451 370 504 finitum
397 452 463 492 vel
490 451 728 503 infinitum,
772 465 905 493 unum
944 453 1011 493 vel
1049 453 1201 501 multa,

195 536 273 570 etc.
306 540 399 568 nam
435 528 747 583 Metaphysicus
769 527 953 570 maxime
968 528 1206 570 considerat

196 603 270 645 ista
303 603 573 653 universalia,
605 604 815 646 abstracta
847 611 985 644 tamen
1015 618 1035 646 a
1064 605 1201 646 sensi¬

197 679 368 720 bilibus.
400 681 448 719 Et
477 680 644 733 quando
670 678 826 721 dicitur
849 679 958 735 quod
983 680 1205 735 Metaphy-

195 755 309 797 sicus
336 755 554 810 cognoscit
581 769 656 797 ens
678 755 928 811 inquantum
952 769 1041 805 ens,
1059 769 1202 797 conce¬

193 831 246 873 do
286 831 398 886 quod
438 832 638 886 cognovit
689 830 790 873 illud
838 831 1090 886 inquantum
1142 840 1206 873 est

191 908 429 963 subjectum
460 907 785 962 Metaphysicae,
818 907 916 963 quia
951 916 994 950 ut
1022 909 1096 959 sic,
1128 922 1203 950 ens

192 982 448 1040 inquantum
489 996 592 1033 ens,
636 983 736 1024 dicit
777 987 908 1024 unufh
951 992 1202 1039 conceptum

194 1059 348 1102 realem
377 1072 648 1101 communem
671 1059 787 1101 omni
823 1060 907 1100 enti
962 1069 1002 1101 et
1038 1059 1205 1102 indiffe¬

193 1143 372 1186 rentem,
397 1144 434 1176 et
463 1148 514 1175 ex
543 1135 620 1176 boc
652 1148 732 1175 non
773 1135 966 1190 sequitur
994 1135 1104 1191 quod
1133 1149 1203 1177 co-

192 1221 370 1266 gnoscat
398 1210 616 1266 quodlibet
648 1213 914 1253 contentum.
951 1213 1000 1265 Et
1036 1211 1204 1265 quando

192 1287 359 1336 dicitur,
404 1288 513 1341 quod
555 1294 617 1328 est
653 1289 921 1340 adaequatum
962 1290 1200 1340 subjectum

191 1365 227 1404 M
234 1377 254 1404 e
261 1370 270 1402 f
278 1376 298 1403 a
307 1364 392 1417 p],y
396 1376 414 1403 S
421 1363 427 1402 j
435 1376 495 1410 C£e
515 1397 522 1410 t
573 1375 617 1404 cs
624 1369 637 1402 t
679 1361 948 1416 adaequatum
989 1362 1200 1417 objectum

190 1438 444 1488 intellectus,
477 1437 569 1479 dico
598 1438 709 1493 quod
730 1439 806 1478 boc
835 1450 916 1478 non
951 1446 1011 1479 est
1051 1451 1201 1479 verum

190 1515 324 1570 quoad
350 1514 492 1556 omnia
511 1529 519 1562 ;
544 1522 608 1556 est
636 1513 747 1554 enim
772 1527 919 1554 verum
944 1513 1080 1569 quoad
1105 1514 1197 1562 boc,

189 1591 299 1646 quod
347 1591 457 1632 sicut
497 1589 736 1646 subjectum
789 1589 1095 1644 Metaphysicae
1139 1597 1202 1630 est

188 1679 413 1708 commune
446 1665 561 1706 omni
590 1665 674 1706 enti
718 1664 835 1713 reali,
873 1671 913 1704 et
945 1663 1201 1718 praedicatur

188 1743 229 1783 in
271 1743 370 1798 quid
404 1741 454 1783 de
496 1741 592 1792 illis,
635 1741 700 1782 vel
731 1741 878 1782 saltem
902 1748 967 1782 est
997 1740 1202 1796 praedica¬

186 1825 274 1861 tum
295 1818 540 1868 univocum,
567 1818 628 1859 sic
649 1825 688 1858 et
711 1817 922 1872 objectum
942 1815 1198 1860 intellectus.

192 1896 218 1937 §
222 1909 243 1936 e
247 1895 268 1935 j
324 1907 406 1936 non
448 1907 468 1935 e
473 1899 511 1935 st
555 1906 704 1934 verum
751 1898 956 1945 quantum
1004 1891 1054 1933 ad
1102 1891 1196 1940 boc,

195 1970 306 2024 quod
333 1969 442 2011 sicut
468 1967 686 2022 quodlibet
711 1981 787 2008 ens
823 1968 1070 2021 inquantum
1105 1979 1195 2017 ens,

195 2055 257 2089 est
166 2060 175 2088 et
301 2046 509 2101 objectum
552 2045 807 2096 intellectus,
856 2045 965 2097 quod
1005 2046 1199 2084 similiter

190 2122 407 2178 ^^odlibet
428 2134 503 2162 ens
525 2120 579 2161 sit
606 2120 844 2175 subjectum
875 2118 1194 2173 Metaphysicae.

190 2199 239 2239 Et
279 2197 370 2238 ideo
410 2196 452 2252 ly
482 2196 739 2249 inquantum
779 2202 859 2235 stat
893 2192 1193 2248 specificative,

190 2272 358 2329 quando
385 2271 569 2313 dicimus
612 2284 690 2313 ens
718 2270 968 2324 inquantum
1015 2283 1105 2319 ens,
1136 2278 1198 2311 cst

186 2350 425 2405 subjectum
484 2347 790 2403 Metaphysicae
813 2381 821 2396 ,
877 2345 974 2400 quia
1031 2353 1196 2388 tantum

185 2425 401 2480 specificat
428 2424 633 2465 rationem
663 2422 880 2464 formalem
904 2423 1030 2473 entis,
1070 2423 1106 2463 id
1133 2430 1197 2464 est

186 2514 262 2543 ens
295 2507 513 2555 sumptum
544 2499 584 2540 in
627 2512 703 2541 sua
749 2498 913 2539 ratione
956 2498 1123 2540 formali
1157 2505 1197 2539 et

187 2574 483 2630 quidditativa,
511 2586 591 2614 non
614 2573 909 2615 descendendo
937 2574 985 2615 ad
1027 2574 1193 2629 aliquod

187 2650 380 2698 inferius,
417 2657 480 2691 est
502 2649 739 2706 subjectum
767 2649 1082 2703 Metaphysicae.
1117 2649 1195 2690 Sed

186 2735 267 2769 stat
302 2724 609 2781 reduplicative
631 2761 638 2775 ,
689 2724 857 2780 quando
906 2724 1088 2767 dicimus
1118 2739 1193 2766 ens

186 2804 437 2860 inquantum
467 2816 557 2852 ens,
589 2810 652 2844 est
673 2802 885 2857 objectum
923 2801 1192 2856 adaequatum

186 2879 440 2929 intellectus,
465 2888 505 2919 et
527 2877 587 2919 sic
615 2878 656 2932 ly
691 2890 765 2918 ens
787 2889 869 2917 non
910 2876 1046 2918 solum
1086 2876 1195 2917 acci¬

188 2956 301 3011 pitur
335 2954 373 2996 in
422 2967 495 2995 sua
537 2953 698 2995 ratione
745 2951 933 3001 formali,
964 2952 1033 2993 sed
1072 2952 1196 2993 etiam

189 3031 396 3085 accipitur
432 3043 506 3085 pro
553 3029 740 3083 quolibet
777 3036 871 3070 ente
899 3036 1112 3078 contento,
1155 3036 1200 3070 ut

191 3114 304 3162 patet
333 3106 456 3155 infra,
483 3105 525 3146 cl.
552 3107 592 3148 3.

254 3182 319 3238 (k)
353 3182 551 3224 Secundo
581 3182 714 3237 probo
744 3181 914 3222 ratione
921 3215 928 3231 ,
974 3188 1052 3222 etc.
1095 3183 1199 3223 Nam

198 3260 310 3302 nulla
352 3258 587 3314 proprietas
617 3257 936 3299 demonstratur
968 3256 1018 3297 de
1062 3257 1203 3312 aliquo

195 3336 386 3391 subjecto
405 3341 584 3389 propter
616 3333 735 3388 quid,
781 3332 861 3372 nisi
887 3345 1202 3387 praecognosca¬

194 3419 261 3454 tur
278 3412 328 3453 de
348 3411 539 3467 subjecto
561 3410 659 3465 quid
684 3409 752 3458 sit,
775 3416 818 3450 ut
841 3413 953 3463 patet
980 3413 992 3449 1
1006 3410 1013 3451 .
1037 3410 1198 3452 Poster.

193 3490 243 3530 Et
269 3487 460 3530 definitio
487 3486 667 3542 subjecti
691 3493 754 3527 est
800 3483 982 3526 medium
1027 3485 1202 3527 demon¬

194 3562 357 3616 strandi
386 3569 564 3616 propter
591 3561 709 3616 quid,
748 3568 793 3601 ut
819 3565 930 3614 patet
953 3561 993 3601 2.
1036 3561 1198 3604 Poster.

195 3639 247 3680 Et
273 3638 309 3679 si
334 3637 571 3693 subjectum
618 3649 698 3677 non
735 3636 860 3676 habet
894 3633 1201 3689 definitionem,

1282 384 1382 420 tunc
1403 379 1560 421 entitas
1582 381 1760 438 subjecti
1787 390 1850 424 est
1872 382 1980 425 ratio
2001 383 2298 426 demonstran¬

1280 453 1320 494 di
1349 455 1646 510 proprietatem
1670 456 1721 499 de
1751 459 1838 508 illo,
1869 466 1915 514 ut
1943 459 2102 514 patebit
2141 474 2192 501 ex
2216 463 2298 501 Do-

1278 533 1392 572 ciore
1430 533 1478 572 in
1509 538 1654 587 qucest.
1689 533 1740 574 de
1771 535 1957 589 subjecto
1997 536 2221 590 theolocjicc
2256 538 2292 576 I.

1280 605 1358 647 Sed
1382 606 1421 646 in
1446 607 1675 662 proposito,
1697 608 1824 651 homo
1846 623 1919 664 pro
1946 617 2057 652 statu
2094 611 2171 652 isto
2203 623 2282 651 non

1282 688 1418 734 potest
1440 694 1700 737 cognoscere
1722 684 1900 739 primam
1936 685 2216 727 substantiam
2249 686 2288 726 in

1280 769 1339 806 se,
1369 764 1413 798 ut
1441 764 1568 812 patet.
1602 760 1723 809 Tum,
1752 760 1848 814 quia
1873 773 1948 802 nec
1970 760 2154 816 aliquam
2189 762 2289 803 sub¬

1278 832 1475 874 stantiam
1523 841 1704 876 creatam
1744 837 1824 877 sub
1876 837 2039 878 ratione
2084 838 2252 892 propria
2276 853 2286 898 ;

1280 921 1381 960 ergo
1412 908 1541 951 multo
1572 910 1711 952 minus
1748 912 1991 953 increatam.
2036 915 2159 962 Tum,
2190 914 2287 962 quia

1280 984 1413 1037 prima
1451 986 1688 1027 substantia
1742 996 1805 1030 est
1856 989 2067 1039 objectum
2122 997 2284 1031 tantum

1280 1060 1584 1110 voluntarium,
1612 1070 1656 1103 ut
1684 1070 1795 1118 patet
1821 1078 1869 1105 ex
1896 1065 2070 1106 Doctore
2099 1066 2146 1107 in
2179 1067 2288 1114 Quo-

1280 1135 1352 1176 lib.
1374 1149 1411 1190 q.
1424 1139 1490 1178 14.
1516 1144 1553 1177 et
1580 1138 1701 1179 alibi.
1728 1141 1833 1180 Tum
1864 1139 1962 1194 quia
1984 1153 2080 1194 quae
2103 1141 2291 1183 maxime

1277 1219 1378 1252 sunt
1403 1221 1562 1253 remota
1590 1227 1610 1253 a
1632 1214 1833 1256 sensibus
1861 1216 2033 1266 nostris,
2071 1225 2173 1258 sunt
2200 1216 2284 1257 dif¬

1280 1285 1464 1328 ficillima
1504 1288 1554 1329 ad
1592 1291 1966 1344 cognoscendum,
2013 1299 2055 1332 ut
2093 1300 2205 1347 patet
2248 1293 2289 1333 in

1276 1365 1483 1416 procomio
1524 1364 1760 1421 Metaphgs.
1817 1373 1858 1407 et
1902 1367 1963 1408 sic
2010 1374 2123 1421 patet
2179 1369 2286 1410 ratio

1278 1440 1308 1479 D
1328 1441 1483 1489 yctoris,
1516 1440 1728 1496 quomodo
1757 1455 1830 1496 pro
1870 1451 1980 1484 statu
2023 1444 2118 1494 isto,
2161 1446 2290 1487 liomo

1279 1527 1360 1554 non
1407 1522 1546 1570 potest
1578 1529 1838 1572 cognoscere
1875 1520 2059 1574 aliquam
2101 1522 2288 1576 proprie¬

1276 1598 1404 1633 tatem
1451 1593 1502 1634 de
1553 1593 1808 1637 substantiis
1852 1596 2084 1650 separatis,
2119 1605 2160 1639 et
2206 1598 2286 1639 boc

1273 1675 1451 1722 propter
1466 1669 1588 1723 quid.

1334 1742 1385 1800 (1)
1416 1744 1572 1786 Deinde
1604 1745 1754 1800 probat
1793 1747 1903 1802 quod
1943 1761 2020 1789 nec
2059 1748 2184 1790 etiam
2220 1763 2289 1804 po¬

1273 1825 1355 1860 test
1377 1821 1635 1874 cognoscere
1659 1821 2027 1864 demonstratione
2048 1825 2165 1878 quia,
2200 1825 2283 1866 sci¬

1274 1895 1372 1937 licet
1405 1896 1455 1937 ab
1484 1896 1633 1937 effectu
1675 1897 1723 1938 ad
1746 1911 1934 1945 causam,
1972 1899 2069 1955 quia
2108 1901 2284 1943 effectus

1274 1971 1413 2027 magis
1439 1972 1599 2013 ducunt
1626 1972 1668 2012 in
1701 1987 1908 2020 errorem,
1945 1982 1985 2016 et
2018 1975 2155 2017 littera
2184 1977 2288 2019 satis

1273 2047 1382 2088 clara
1405 2055 1484 2089 est.
1510 2050 1559 2089 Et
1581 2048 1690 2097 quod
1726 2049 1828 2091 dicit
1850 2050 1924 2098 ibi,
1961 2051 2072 2098 quod
2106 2054 2282 2099 effectus

1273 2135 1354 2162 non
1377 2129 1477 2162 sunt
1499 2122 1550 2162 ab
1577 2122 1670 2176 ipso
1703 2124 1799 2172 Deo,
1826 2124 2084 2178 inquantum
2119 2127 2273 2176 trinus,

1275 2198 1352 2237 hoc
1379 2199 1479 2236 dicit
1525 2203 1695 2249 propter
1733 2205 1938 2238 unitatem
1980 2207 2157 2241 rationis
2203 2201 2282 2241 for¬

1274 2272 1394 2312 malis
1421 2307 1428 2320 ,
1473 2272 1570 2326 quia
1615 2271 1721 2314 ratio
1774 2273 1962 2316 formalis
2021 2276 2280 2329 producendi

1270 2360 1419 2388 omnes
1446 2347 1639 2397 effectus,
1666 2348 1706 2389 in
1739 2352 1821 2390 Deo
1861 2357 1926 2391 est
1970 2357 2132 2393 tantum
2170 2366 2253 2394 una
2274 2369 2282 2403 ;

1270 2422 1364 2464 ideo
1385 2423 1485 2465 dicit
1512 2424 1662 2465 Doctor
1689 2424 1731 2466 d.
1762 2428 1802 2467 4.
1896 2429 1940 2468 2.
1972 2427 2081 2482 quod
2108 2429 2185 2471 ista
2221 2438 2286 2471 est

1270 2511 1370 2541 vera
1395 2501 1402 2539 :
1434 2501 1545 2541 Deus
1566 2507 1696 2550 creat,
1732 2501 2010 2557 inlelligendo
2042 2506 2283 2560 subjectum

1271 2588 1345 2629 pro
1383 2576 1463 2617 hoc
1490 2578 1573 2616 Deo
1601 2576 1808 2619 existente
1846 2578 1885 2619 in
1927 2586 2076 2622 natura
2117 2580 2279 2632 divina,

1273 2663 1354 2690 non
1396 2648 1675 2704 intelligendo
1718 2651 1888 2706 aliquod
1929 2654 2206 2707 suppositum
2250 2656 2290 2697 in

1271 2726 1338 2767 illa
1381 2733 1530 2768 natura
1589 2726 1656 2768 vel
1703 2728 2109 2773 incommunicabile
2133 2767 2141 2783 ,
2191 2732 2289 2788 quia

1270 2802 1729 2845 incommunicabilitas
1775 2818 1858 2846 non
1899 2813 1962 2848 est
1990 2806 2098 2849 ratio
2135 2808 2283 2850 talium

1272 2887 1457 2921 actuum.
1489 2881 1648 2921 Caetera
1677 2886 1835 2934 patent.

1329 2954 1446 2996 Circa
1480 2953 1619 3009 aliqua
1656 2954 1767 2997 dicta
1812 2957 2001 2999 Doctoris
2040 2958 2271 3003 dubitatur.

1275 3032 1415 3071 Primo
1441 3043 1551 3071 circa
1580 3033 1674 3081 hoc,
1706 3034 1816 3086 quod
1848 3034 1949 3073 dicit
1971 3034 1979 3075 :
2027 3034 2280 3090 Proprietas

1272 3107 1428 3160 primae
1446 3113 1617 3148 naturae
1636 3107 1694 3148 ad
1726 3114 1851 3149 extra
1879 3116 1939 3149 est
1966 3124 2147 3153 causare
2181 3127 2282 3155 con-

1277 3184 1504 3240 tingenter,
1537 3191 1576 3225 et
1603 3182 1652 3224 ad
1679 3185 1923 3239 oppositum
1971 3185 2117 3243 hujus,
2149 3192 2288 3246 magis

1277 3259 1452 3312 effectus
1473 3259 1635 3300 ducunt
1656 3259 1706 3301 in
1732 3274 1938 3304 errorem.
1965 3264 2137 3314 Contra,
2166 3266 2288 3307 vide¬

1276 3341 1344 3374 tur
1365 3334 1477 3376 enim
1500 3334 1581 3375 sibi
1603 3335 1908 3387 contradicere,
1930 3337 2026 3393 quia
2050 3353 2088 3394 q.
2114 3341 2153 3382 2.
2177 3341 2220 3383 d.
2246 3343 2286 3382 2.

1276 3409 1417 3465 hujus,
1450 3409 1597 3464 probat
1626 3423 1698 3464 per
1725 3411 1940 3461 effectum,
1968 3412 2152 3466 primum
2189 3430 2289 3471 age¬

1275 3499 1318 3525 re
1345 3486 1661 3540 contingente,'.
1695 3488 1779 3528 Hoc
1813 3487 1922 3529 idem
1961 3488 2004 3530 d.
2041 3489 2082 3545 8.
2119 3505 2162 3545 q.
2210 3494 2288 3535 ult.

1277 3567 1313 3601 et
1335 3561 1377 3602 d.
1411 3563 1483 3602 39.
1510 3560 1579 3602 ubi
1603 3560 1702 3603 dicit
1730 3562 1772 3603 cl.
1799 3564 1839 3604 8.
1875 3562 1985 3617 quod
2014 3563 2167 3620 aliquae
2208 3567 2293 3609 illa¬

1280 3649 1371 3677 rum
1414 3636 1625 3677 rationum
1654 3650 1737 3678 non
1765 3645 1943 3692 possunt
1963 3639 2068 3681 solvi
2095 3654 2115 3682 a
2152 3643 2294 3685 Philo-
