2653 3979
331 370 655 417 consequens
679 356 731 402 in
754 355 976 402 secundo
1001 354 1152 412 signo
1190 355 1340 400 natu¬

334 448 404 480 rae
428 446 531 478 non
554 432 658 478 erit
677 431 893 477 finibilis
923 443 1016 489 per
1040 445 1139 473 esse.

387 508 631 555 Breviter
655 506 942 566 respondeo
975 505 1035 552 ad
1064 516 1340 562 argumen¬

328 587 457 636 tum,
503 584 637 643 quod
680 581 924 642 quaelibet
957 581 1153 627 entitas
1182 579 1338 625 habet

328 660 675 708 intrinsecum
709 659 806 705 sibi
839 658 1059 716 gradum
1091 671 1196 702 suae
1227 669 1341 715 per¬

327 735 590 789 fectionis,
622 736 674 781 in
708 748 808 794 quo
843 736 921 780 est
949 733 1158 780 finitum
1187 732 1230 778 si
1260 734 1340 778 est

329 813 535 859 finitum
556 829 564 864 ;
590 811 673 858 vel
707 811 971 857 infinitum
1001 808 1044 854 si
1066 810 1144 854 est
1174 808 1341 854 infini¬

332 893 470 940 tum;
515 888 560 934 si
592 899 720 946 ergo
759 887 827 933 sit
860 885 1086 938 finitum,
1116 896 1220 930 non
1247 896 1341 942 per

335 964 474 1011 aliud
495 977 586 1010 ens
612 963 872 1010 finitatur.

392 1042 457 1088 Et
487 1054 606 1086 cum
641 1038 890 1097 arguitur
913 1055 921 1083 :
949 1037 1001 1085 Si
1029 1037 1203 1083 forma
1228 1036 1342 1082 fini-

333 1117 424 1162 tur
457 1115 519 1160 ad
552 1114 851 1166 materiam,
888 1125 1017 1171 ergo
1053 1113 1095 1158 si
1130 1125 1234 1158 non
1263 1115 1343 1158 est

334 1191 394 1236 ad
433 1190 580 1236 illam
618 1202 722 1235 non
765 1189 965 1240 finitur,
1013 1187 1226 1234 fallacia
1264 1190 1344 1234 est

334 1265 722 1324 consequentis.
788 1267 992 1323 Corpus
1048 1263 1233 1310 finitur
1284 1262 1344 1308 ad

335 1354 548 1401 corpus,
581 1353 709 1400 ergo
740 1340 783 1387 si
814 1353 920 1386 non
947 1342 1028 1386 est
1055 1340 1116 1385 ad
1145 1351 1343 1398 corpus

335 1419 414 1464 est
432 1416 712 1470 infinitum,
737 1416 985 1463 ultimum
1009 1415 1196 1462 coelum
1216 1428 1343 1473 ergo

335 1494 439 1540 erit
464 1493 743 1538 infinitum.
776 1491 1055 1552 Sophisma
1090 1492 1169 1537 est
1196 1490 1346 1538 tertii

337 1569 708 1627 Physicorum.
749 1568 881 1621 Quia
905 1567 1041 1614 sicut
1067 1567 1212 1626 prius
1235 1580 1346 1613 cor¬

338 1660 434 1705 pus
462 1646 515 1692 in
544 1660 598 1692 se
624 1646 810 1693 finitur
832 1657 989 1704 quam
1011 1644 1231 1691 finiatur
1253 1657 1346 1703 per

337 1722 478 1768 aliud
498 1736 710 1782 corpus,
742 1722 817 1768 ita
838 1721 1013 1768 forma
1039 1721 1190 1768 finita
1217 1720 1269 1766 in
1292 1734 1346 1766 se

338 1798 485 1858 prius
507 1798 707 1851 finitur,
745 1798 867 1857 quia
896 1800 975 1844 est
1005 1797 1130 1845 talis
1152 1798 1347 1844 natura

338 1874 390 1920 in
423 1873 630 1921 entibus
666 1887 778 1934 quae
808 1873 1009 1926 finitur,
1048 1886 1203 1932 quam
1236 1872 1348 1918 fini¬

337 1953 461 1997 atur
501 1964 596 2010 per
631 1950 929 2002 materiam,
965 1963 1088 1996 nam
1123 1949 1347 1996 secunda

336 2025 514 2073 finitas
579 2026 943 2085 praesupponit
1006 2024 1235 2084 primam
1296 2027 1348 2072 et

337 2114 442 2147 non
486 2103 673 2148 causat
717 2114 862 2153 eam;
905 2112 1033 2159 ergo
1075 2099 1128 2145 in
1173 2100 1347 2159 primo

336 2176 488 2234 signo
529 2179 735 2224 naturae
774 2179 855 2224 est
894 2176 1126 2223 essentia
1162 2175 1349 2234 Angeli

332 2251 506 2304 finita;
550 2265 679 2311 ergo
720 2265 826 2297 non
863 2251 1078 2298 finibilis
1119 2265 1215 2311 per
1242 2267 1344 2303 esse,

333 2340 464 2387 ergo
493 2328 546 2374 in
575 2329 798 2375 secundo
836 2328 987 2387 signo
1022 2341 1127 2374 non
1163 2327 1350 2375 finitur

334 2417 429 2463 per
455 2420 557 2449 esse.

390 2480 637 2527 Breviter
687 2480 801 2528 dico
852 2493 1012 2527 unam
1064 2478 1350 2540 propositi¬

336 2570 504 2609 onem,
554 2558 687 2617 quod
733 2570 1075 2616 quaecumque
1115 2556 1349 2603 essentia

336 2632 576 2679 absolute
603 2632 753 2679 finita
788 2632 840 2678 in
874 2646 928 2678 se
964 2634 1046 2679 est
1086 2631 1253 2682 finita,
1292 2633 1350 2679 ut

336 2708 774 2768 praeintelligitur
832 2709 974 2756 omni
1032 2707 1349 2767 comparati¬

339 2797 436 2830 one
465 2784 546 2830 sui
568 2785 630 2830 ad
653 2784 813 2830 aliam
836 2784 1140 2832 essentiam.

638 2902 1054 2943 COMMENTARIUS.

389 3017 446 3070 (a)
477 3019 642 3058 Ultimo.
674 3020 746 3059 Hic
773 3022 932 3060 Doctor
950 3020 1116 3060 inducit
1136 3020 1349 3059 rationem

338 3095 512 3134 alterius
532 3096 740 3145 Docloris,
765 3107 849 3146 qua
874 3098 1022 3136 nititur
1054 3097 1238 3146 probare
1268 3099 1349 3147 pri¬

337 3181 454 3209 mum
475 3181 570 3210 esse
590 3170 817 3210 infinitum.
846 3173 896 3211 Et
926 3174 1030 3212 ratio
1062 3177 1144 3212 stat
1174 3175 1218 3212 in
1248 3173 1345 3220 hoc,

336 3247 497 3287 scilicet
517 3249 616 3298 quia
637 3249 752 3287 Deus
771 3259 859 3288 non
882 3253 948 3288 est
968 3260 1099 3288 causa
1117 3249 1348 3290 intrinseca

336 3321 539 3371 formalis,
563 3334 645 3362 nec
668 3326 733 3363 est
762 3325 1049 3374 compositum
1071 3335 1124 3364 ex
1150 3325 1346 3373 materia,

339 3409 422 3438 nec
459 3401 524 3438 est
552 3400 596 3439 in
633 3401 808 3439 materia
827 3413 836 3449 ;
871 3411 975 3452 ergo
1022 3405 1086 3440 est
1121 3401 1347 3441 infinitum.

337 3475 456 3514 Patet
474 3477 798 3526 consequentia,
820 3477 916 3526 quia
939 3479 972 3516 si
1001 3481 1116 3516 esset
1146 3477 1189 3516 in
1212 3480 1349 3516 mate¬

338 3551 399 3589 ria
422 3552 722 3591 terminaretur
747 3550 802 3590 ad
821 3551 972 3600 ipsam,
999 3555 1042 3590 et
1060 3551 1252 3592 finiretur
1272 3563 1351 3603 per

338 3626 487 3677 ipsam,
529 3627 573 3666 id
611 3631 691 3675 est,
734 3627 851 3677 quod
897 3628 1079 3668 includit
1126 3631 1349 3668 materiam

1411 353 1588 394 includit
1606 354 1924 400 limitationem;
1963 365 2064 405 ergo
2093 364 2170 404 per
2200 354 2340 394 locum
2363 352 2414 393 ab

1413 429 1619 480 oppositis
1642 429 1758 481 quod
1773 441 1858 470 non
1878 429 2056 469 includit
2074 430 2312 477 materiam,
2335 440 2417 468 nec

1414 509 1479 545 est
1497 511 1644 546 natum
1665 516 1762 545 esse
1792 506 1833 544 in
1849 506 2040 552 materia,
2066 507 2144 545 erit
2163 505 2414 545 illimilatum

1414 584 1457 620 et
1477 579 1687 621 infinitum
1707 583 1917 621 intensive
1942 593 1950 618 :
1980 582 2095 620 Deus
2116 583 2179 620 est
2200 580 2419 630 hujusmo¬

1416 656 1471 697 di.
1496 658 1604 697 Dicit
1625 658 1741 708 quod
1762 659 1849 698 haec
1870 658 1975 697 ratio
2005 668 2091 697 non
2125 655 2355 703 concludit,
2381 658 2423 695 et

1415 736 1532 782 patet
1564 733 1764 774 instantia
1799 734 1852 773 de
1886 734 2066 785 Angelo,
2090 733 2161 783 qui
2182 731 2424 771 secundum

1416 808 1464 846 D.
1498 809 1703 848 Thomam
1734 812 1799 849 est
1835 810 2085 859 simpliciter
2118 806 2422 853 immaterialis,

1418 886 1460 921 et
1500 885 1642 922 tamen
1675 895 1762 923 non
1793 887 1858 923 est
1885 882 2086 923 infinitus.
2120 883 2206 922 Nec
2238 882 2423 921 Thomas

1416 961 1560 1008 potest
1581 958 1738 1006 dicere,
1763 959 1880 1010 quod
1913 960 2013 999 licet
2042 959 2232 1010 Angelus
2262 959 2313 997 sit
2346 957 2421 995 im¬

1416 1034 1661 1082 materialis,
1703 1038 1845 1074 tamen
1879 1039 1944 1074 est
1978 1034 2119 1074 finitus
2151 1035 2192 1073 in
2230 1035 2421 1078 entitate,

1418 1111 1516 1159 quia
1539 1112 1724 1150 essentia
1757 1111 1908 1161 Angeli
1936 1109 2080 1150 finitur
2110 1121 2188 1160 per
2218 1110 2311 1160 ejus
2343 1119 2426 1148 esse

1419 1186 1663 1225 existenliae.
1696 1185 1847 1225 Contra
1871 1187 1951 1225 hoc
1973 1186 2111 1236 arguit
2133 1186 2304 1232 Doctor,
2327 1185 2424 1235 quia

1419 1274 1502 1301 esse
1532 1263 1770 1302 existentiae
1805 1261 2046 1301 secundum
2073 1272 2188 1308 eum,
2217 1264 2280 1300 est
2299 1260 2426 1300 reali-

1420 1341 1485 1377 ter
1504 1337 1754 1384 distinctum,
1771 1338 1822 1377 ab
1847 1340 2047 1386 essentia,
2071 1343 2113 1378 et
2133 1343 2196 1378 est
2216 1339 2429 1388 posterius

1419 1417 1511 1465 ipsa
1542 1416 1744 1462 essentia,
1779 1418 1820 1454 et
1849 1414 2050 1454 accidens
2077 1416 2299 1460 essentiae;
2325 1424 2427 1465 ergo

1421 1489 1606 1530 essentia
1627 1490 1779 1540 Angeli
1805 1490 1848 1529 in
1871 1490 1939 1529 illo
1970 1490 2114 1540 priori,
2138 1501 2235 1529 cum
2256 1490 2309 1529 sit
2328 1490 2427 1528 sim¬

1419 1567 1587 1617 pliciter
1605 1563 1910 1613 immaterialis,
1944 1571 2059 1606 esset
2084 1566 2244 1606 infinita
2270 1566 2427 1606 forma-

1419 1643 1530 1690 liler,
1565 1647 1606 1681 et
1635 1653 1712 1692 per
1741 1653 2013 1693 consequens
2045 1653 2131 1682 non
2161 1643 2240 1682 erit
2258 1642 2429 1682 finibilis

1420 1729 1497 1769 per
1518 1718 1675 1768 aliquid
1696 1719 1923 1769 posterius.
1949 1718 2072 1767 Quod
2094 1719 2208 1758 enim
2239 1717 2428 1758 formali-

1424 1797 1487 1832 ter
1522 1799 1587 1832 est
1625 1794 1723 1842 tale,
1746 1806 1823 1844 per
1848 1794 2011 1834 nullum
2044 1795 2257 1845 posterius
2289 1797 2431 1844 potest

1420 1868 1510 1909 fieri
1541 1880 1628 1909 non
1663 1870 1746 1908 tale
1765 1882 1773 1917 ;
1808 1870 1907 1909 dicit
1942 1881 2043 1922 ergo
2080 1871 2195 1921 quod
2226 1869 2432 1920 quaelibet

1422 1945 1577 1984 entitas
1619 1945 1750 1984 habet
1796 1946 2076 1986 intrinsecum
2123 1945 2201 1985 sibi
2249 1945 2432 1997 gradum

1422 2029 1511 2058 suae
1533 2018 1824 2069 perfectionis,
1846 2023 1889 2062 in
1911 2033 1994 2072 quo
2017 2024 2081 2060 est
2098 2021 2265 2061 finitum
2296 2022 2331 2060 si
2365 2025 2434 2060 est

1420 2095 1600 2143 finitum,
1623 2097 1694 2136 vel
1725 2096 1936 2136 infinitum
1969 2098 2003 2136 si
2037 2100 2101 2137 est
2132 2097 2358 2144 infinitum,
2392 2101 2434 2137 et

1423 2171 1506 2211 tale
1528 2183 1606 2222 per
1625 2173 1790 2212 nullum
1818 2174 1898 2212 sibi
1922 2177 2132 2224 posterius
2153 2175 2357 2214 variatur.
2384 2175 2433 2214 Et

1424 2247 1540 2296 quod
1564 2247 1664 2287 dicit
1681 2247 1789 2287 infra
1813 2248 1867 2287 de
1893 2247 2057 2288 fallacia
2085 2251 2389 2300 consequentis
2421 2263 2429 2289 :

1424 2321 1587 2372 Corpus
1606 2322 1750 2363 finitur
1769 2323 1824 2363 ad
1852 2336 2025 2374 corpus;
2060 2336 2162 2377 ergo
2197 2325 2313 2376 quod
2346 2336 2433 2365 non

1425 2400 1490 2436 est
1510 2397 1565 2437 ad
1591 2408 1746 2448 corpus
1781 2402 1845 2438 est
1873 2399 2100 2448 infinitum,
2133 2400 2282 2440 dicitur
2313 2400 2433 2451 quod

1425 2477 1490 2513 est
1520 2473 1686 2514 fallacia
1719 2476 2041 2526 consequentis,
2077 2480 2123 2515 ut
2161 2479 2277 2527 patet
2310 2478 2432 2516 tertio

1422 2550 1548 2602 Phys.
1573 2554 1674 2589 text.
1698 2563 1731 2590 c.
1754 2552 1817 2590 31.
1841 2555 1876 2590 et
1896 2553 2005 2600 inde,
2028 2563 2114 2591 non
2142 2554 2256 2593 enim
2289 2555 2434 2603 sequi¬

1425 2628 1491 2664 tur
1514 2638 1522 2664 :
1547 2627 1684 2665 Omne
1704 2638 1859 2677 corpus
1889 2628 2160 2669 terminatum
2196 2629 2250 2668 ad
2281 2641 2436 2680 corpus

1425 2705 1488 2741 est
1506 2701 1670 2741 finitum
1688 2716 1696 2750 ;
1722 2714 1824 2754 ergo
1851 2714 2006 2754 corpus
2037 2704 2155 2755 quod
2188 2715 2275 2745 non
2300 2708 2438 2746 termi¬

1424 2781 1549 2815 natur
1568 2777 1623 2816 ad
1644 2788 1800 2828 corpus
1821 2779 1900 2818 erit
1921 2778 2147 2827 infinitum,
2179 2792 2265 2821 non
2296 2781 2438 2832 sequi¬

1425 2855 1505 2900 tur,
1536 2855 1577 2891 et
1595 2855 1713 2902 patet
1733 2854 1948 2901 instantia,
1968 2857 2063 2906 quia
2088 2856 2265 2906 primum
2288 2858 2440 2897 coelum

1423 2937 1510 2972 non
1532 2930 1784 2969 terminatur
1816 2930 1869 2969 ad
1904 2942 2057 2982 corpus
2091 2932 2329 2972 secundum
2366 2944 2440 2972 su¬

1424 3004 1640 3054 perficiem
1682 3016 1937 3053 convexam,
1975 3011 2016 3047 et
2050 3011 2192 3047 tamen
2241 3018 2327 3048 non
2374 3011 2438 3048 est

1424 3078 1647 3126 infinitum,
1671 3082 1714 3119 et
1735 3083 1800 3119 est
1827 3081 1964 3120 simile
1998 3092 2046 3120 ac
2075 3083 2109 3120 si
2141 3088 2396 3132 argueretur
2426 3097 2434 3123 :

1426 3154 1562 3195 Omne
1595 3156 1750 3194 animal
1789 3160 1854 3195 est
1882 3157 2118 3197 substantia
2139 3171 2146 3204 ;
2183 3169 2285 3210 ergo
2321 3160 2437 3210 quod

1424 3242 1510 3270 non
1533 3234 1597 3271 est
1617 3231 1774 3270 animal
1793 3243 1879 3271 non
1902 3235 1967 3272 est
1986 3234 2221 3274 substantia
2238 3249 2246 3283 ;
2272 3236 2436 3287 lignum

1423 3317 1507 3346 non
1529 3310 1594 3346 est
1615 3308 1787 3356 animal,
1819 3319 1922 3358 ergo
1955 3320 2042 3348 non
2076 3311 2154 3349 erit
2181 3312 2433 3353 substantia.

1790 3424 2053 3462 SCHOLIUM.

1470 3508 1655 3553 Epilogat
1674 3509 1955 3554 pulcherrime
1989 3522 2060 3549 suo
2079 3513 2234 3558 ordine,
2262 3525 2352 3561 quae
2372 3516 2437 3552 di¬

1423 3574 1486 3607 cta
1508 3575 1602 3608 sunt
1640 3574 1682 3608 in
1723 3577 1893 3620 utroque
1935 3577 2109 3614 articulo
2147 3583 2288 3624 quaest.
2324 3580 2356 3616 1.
2396 3584 2434 3616 et

1423 3637 1545 3672 solvit
1566 3641 1820 3681 argumenta.
