2740 3979
242 351 318 397 Ex
355 352 618 410 praedictis
652 355 795 413 patet
843 353 1038 400 solutio
1063 368 1195 413 quae¬

187 426 392 479 stionis,
442 441 564 474 nam
633 443 694 475 ex
747 430 916 489 primo
968 429 1195 476 articulo

186 501 411 550 habetur
435 506 567 564 quod
593 506 802 564 aliquod
827 519 919 552 ens
959 508 1040 553 est
1075 505 1195 552 sim¬

185 577 398 637 pliciter
422 580 652 639 primum
679 581 877 640 triplici
901 582 1060 640 primi
1071 583 1192 634 tate,

187 654 389 702 scilicet
442 655 738 703 efficientiae
798 657 919 702 finis
970 659 1020 703 et
1073 656 1198 702 emi¬

185 731 393 784 nentiae,
452 734 502 778 et
571 731 646 778 ita
703 732 1020 792 simpliciter
1088 731 1195 791 pri¬

189 819 330 852 mum
354 807 487 865 quod
526 810 607 854 est
635 806 962 867 impossibile
1001 807 1194 866 aliquid

185 894 300 928 esse
353 881 516 940 prius,
565 886 616 929 et
670 883 723 928 in
767 883 865 930 hoc
911 883 1194 942 probatum

185 959 265 1004 est
297 973 383 1000 esse
421 959 479 1004 de
523 959 631 1004 Deo
667 962 920 1017 quantum
967 958 1028 1004 ad
1072 970 1194 1016 pro¬

187 1032 441 1092 prietates
490 1034 813 1093 respectivas
841 1034 936 1080 Dei
965 1034 1025 1080 ad
1053 1045 1195 1080 crea¬

184 1110 379 1162 turam,
433 1109 516 1155 vel
566 1109 878 1168 inquantum
941 1109 1196 1156 terminat

186 1187 458 1244 respectus
523 1187 572 1230 et
624 1186 992 1245 dependentias
1049 1197 1197 1231 crea¬

183 1262 432 1306 turarum
461 1261 522 1307 ad
544 1262 737 1320 ipsum.

245 1337 323 1382 Ex
391 1337 614 1382 secundo
681 1338 909 1384 articulo
973 1337 1199 1384 habetur

187 1412 510 1470 quadruplici
571 1412 674 1465 via,
730 1413 864 1472 quod
916 1411 1045 1459 illud
1096 1411 1199 1471 pri¬

190 1500 331 1532 mum
366 1491 447 1536 est
475 1488 742 1536 infinitum.

248 1563 445 1616 Primo,
486 1564 744 1617 videlicet,
805 1564 927 1623 quia
967 1563 1200 1622 primum

189 1638 437 1686 efficiens.

247 1715 498 1768 Secundo,
554 1715 674 1775 quia
736 1715 968 1775 primum
1012 1726 1202 1772 cogno¬

190 1804 337 1838 scens
420 1792 595 1837 omnia
687 1790 1083 1849 cognoscibilia,
1149 1792 1202 1836 et

188 1868 410 1926 propter
433 1868 715 1914 secundam
736 1867 877 1912 viam
908 1864 1202 1925 praemitte¬

191 1941 386 1989 bantur
436 1942 804 1989 conclusiones
871 1943 1102 2000 quatuor
1144 1941 1203 1986 de

192 2019 440 2076 intelligere
482 2018 658 2078 primi.

250 2094 446 2148 Tertio,
476 2094 599 2154 quia
629 2094 748 2140 finis
793 2094 1027 2142 ultimus.

252 2174 470 2223 Quarto,
531 2170 653 2229 quia
704 2169 1202 2216 eminentissimum.

249 2248 411 2294 Juxta
438 2247 667 2306 primam
705 2246 863 2297 viam,
887 2245 1103 2292 exclusa
1123 2246 1204 2291 est

193 2323 427 2382 quaedam
466 2323 553 2368 via
592 2322 797 2368 inutilis
835 2322 894 2368 de
915 2319 1202 2367 creatione.

248 2400 409 2445 Juxta
455 2398 752 2449 secundam,
800 2396 1044 2455 tangitur
1100 2396 1204 2440 alia

188 2474 275 2520 via
318 2475 376 2520 de
423 2473 750 2533 perfectione
810 2471 973 2532 primi
1013 2469 1205 2531 objecti

190 2551 243 2596 in
272 2550 727 2609 intelligibilitate.

248 2627 411 2672 Juxta
451 2627 712 2684 quartam,
738 2624 1026 2682 exponitur
1064 2623 1205 2670 ratio

192 2701 442 2753 Anselmi,
479 2703 732 2758 Prosologio
776 2701 819 2745 2.
857 2713 970 2758 quae
1005 2702 1112 2746 stat
1153 2699 1207 2744 in

194 2779 291 2826 hac
344 2777 711 2838 propositione
744 2781 753 2826 :
784 2781 874 2826 Quo
924 2779 1065 2833 majus
1090 2777 1208 2832 cogi¬

197 2857 285 2898 tari
311 2869 399 2898 non
440 2861 579 2910 potest
585 2855 595 2904 ,
624 2853 739 2896 illud
761 2860 840 2895 est.

207 2930 452 2976 •MJltimo
481 2928 777 2974 excluditur
803 2928 890 2973 via
912 2927 1117 2974 inutilis
1145 2940 1209 2972 ex

200 3003 660 3050 immaterialitate
705 3002 940 3048 inferens
982 3002 1211 3048 infinita¬

201 3084 325 3128 tem.
374 3080 558 3137 Itaque
615 3078 777 3137 junge
841 3077 1210 3123 conclusiones

201 3156 424 3201 duorum
458 3153 812 3200 articulorum
835 3152 1212 3211 principalium

204 3231 278 3278 sic
307 3248 316 3276 :
353 3230 576 3289 Aliquod
625 3243 717 3275 ens
772 3228 1065 3287 tripliciter
1111 3229 1214 3287 pri¬

205 3320 347 3353 mum
389 3306 440 3351 in
496 3304 703 3352 entibus
755 3304 939 3351 existit
981 3305 1211 3355 inactu;

202 3382 342 3430 istud
381 3381 670 3440 tripliciter
715 3381 948 3440 primum
998 3380 1051 3426 in
1088 3381 1217 3426 enti¬

200 3456 296 3501 bus
344 3457 425 3501 est
489 3453 773 3505 infinitum,
820 3465 948 3510 ergo
1006 3453 1216 3511 aliquod

202 3528 466 3576 infinitum
510 3541 601 3573 ens
653 3529 772 3574 actu
817 3527 1016 3574 existit.
1055 3528 1119 3572 Et
1166 3526 1219 3572 in

207 3604 304 3650 hoc
368 3603 651 3663 probatum
713 3604 792 3649 est
843 3618 929 3646 esse
984 3603 1042 3648 de
1110 3603 1218 3648 Deo

1272 357 1523 414 quantum
1547 356 1607 402 ad
1637 356 1761 402 illud
1795 355 2110 407 absolutum,
2144 355 2277 414 quod

1269 434 1350 478 est
1392 433 1622 491 primum
1664 432 1987 491 perfectione
2040 431 2275 478 omnium

1271 518 1300 552 a
1356 507 1504 553 nobis
1560 507 1989 567 conceptibilium
2045 507 2104 553 de
2148 509 2272 560 Deo,

1271 580 1407 628 sicut
1458 582 1664 629 dicetur
1703 584 1744 628 3.
1787 585 1889 627 dist.
1931 592 2076 639 qucest.
2135 585 2156 629 1
2168 596 2175 627 .
2225 584 2276 627 et

1271 670 1364 716 per
1437 670 1762 716 consequens
1846 658 2127 716 probatum
2197 661 2277 704 est

1269 745 1384 778 esse
1441 734 1621 784 Deum,
1667 736 1920 792 quantum
1976 734 2037 778 ad
2093 746 2278 779 conce¬

1269 810 1418 865 ptum
1471 806 1919 866 perfectissimum
1960 806 2277 867 conceptibi-

1267 881 1369 928 lem
1402 882 1484 928 vel
1531 883 1837 941 possibilem
1872 896 1901 928 a
1939 883 2088 929 nobis
2127 883 2276 928 habe¬

1270 958 1317 1003 ri
1361 958 1419 1003 de
1457 959 1582 1004 Deo.

1326 1034 1400 1080 Ad
1432 1034 1659 1093 primum
1682 1036 2057 1093 argumentum
2093 1035 2276 1094 primae

2299 1096 2304 1162 (n
1271 1109 1577 1168 quaestionis
1637 1110 1947 1169 principale,
1988 1111 2101 1157 dico
2144 1110 2278 1170 quod

1271 1198 1431 1231 causa
1480 1184 1686 1231 infinita
1730 1185 1905 1233 activa
1943 1199 2007 1232 ex
2056 1183 2280 1234 necessi-

1270 1262 1381 1306 tate
1403 1263 1625 1314 naturae,
1657 1275 1761 1307 non
1804 1263 2133 1321 compatitur
2183 1263 2280 1308 sibi

1273 1336 1483 1395 aliquod
1538 1337 1889 1391 contrarium,
1945 1337 2054 1384 sive
2111 1338 2181 1386 sit
2235 1339 2282 1384 ei

1274 1413 1606 1458 contrarium
1634 1413 1953 1466 formaliter,
1981 1414 2182 1460 scilicet
2211 1428 2284 1460 se¬

1274 1488 1496 1534 cundum
1524 1489 1734 1548 aliquod
1756 1491 1889 1549 quod
1916 1490 2161 1537 convenit
2185 1490 2282 1536 sibi

1273 1564 1648 1618 essentialiter,
1680 1565 1790 1611 sive
1826 1565 2152 1620 virtuaiiter,
2188 1566 2283 1613 sci¬

1274 1638 1398 1686 licet
1446 1640 1730 1686 secundum
1772 1640 2033 1686 rationem
2062 1642 2281 1690 effectus

1278 1713 1358 1760 sui
1441 1729 1594 1773 quem
1675 1716 1985 1763 virtuaiiter
2047 1717 2279 1766 includit.

1275 1790 1512 1849 Utroque
1573 1791 1712 1836 enim
1786 1792 1936 1838 modo
2006 1793 2282 1852 impediret

1276 1867 1540 1926 quodlibet
1579 1867 2008 1927 incompossibile
2031 1883 2124 1915 suo
2165 1870 2285 1916 effe¬

1277 1943 1401 1996 ctui,
1473 1944 1608 1991 sicut
1656 1948 1909 2003 argutum
1974 1947 2053 1991 est
2119 1946 2284 2005 prius.

1277 2021 1417 2066 Deus
1457 2023 1635 2067 autem
1673 2022 1753 2066 est
1814 2021 1974 2067 libere
2015 2024 2065 2068 et
2105 2023 2285 2068 volun¬

1275 2095 1414 2144 tarie
1440 2107 1602 2153 agens
1632 2099 1877 2155 respectu
1907 2097 2142 2143 omnium
2175 2112 2288 2157 quae

1278 2173 1400 2218 sunt
1432 2174 1587 2217 extra
1644 2170 1834 2230 ipsum,
1885 2175 1936 2219 et
1981 2172 2093 2218 ideo
2144 2187 2287 2219 com¬

1277 2247 1484 2306 patitur
1528 2247 1743 2293 malum.

1333 2325 1549 2377 Contra,
1596 2324 1846 2383 numquid
1881 2324 2188 2385 Philosophi
2221 2328 2291 2384 (a)

1273 2400 1527 2457 ponentes
1560 2400 1727 2444 Deum
1768 2412 1928 2458 agere
1955 2414 2020 2446 ex
2060 2404 2290 2450 necessi¬

1278 2477 1391 2521 tate
1441 2476 1648 2520 naturae
1700 2488 1804 2521 non
1864 2477 2123 2535 ponebant
2174 2493 2293 2525 esse

1282 2550 1481 2609 aliquid
1527 2550 1724 2596 malum
1768 2551 1818 2597 in
1846 2551 2096 2598 universo
2119 2557 2141 2598 ?

1339 2625 1665 2684 Respondeo,
1697 2625 1834 2674 sicut
1866 2627 2034 2685 patuit
2071 2628 2292 2686 proban¬

1280 2700 1342 2746 do
1378 2702 1543 2746 Deum
1588 2714 1704 2746 esse
1749 2714 1909 2760 agens
1956 2715 2050 2761 per
2110 2705 2289 2762 cogni¬

1283 2774 1499 2828 tionem,
1563 2789 1668 2821 non
1740 2779 2027 2835 potuerunt
2085 2779 2294 2825 salvare

1284 2851 1494 2909 aliquod
1541 2852 1739 2897 malum
1799 2865 1953 2911 posse
2008 2852 2124 2899 fieri
2176 2868 2294 2900 con-

1282 2926 1553 2984 tingenter
1582 2926 1634 2971 in
1676 2926 1940 2980 universo,
1978 2928 2064 2974 sed
2087 2931 2294 2989 tantum

1286 3002 1420 3060 quod
1483 3015 1617 3047 unus
1660 3002 1786 3047 ordo
1845 3016 2132 3050 causarum
2183 3017 2296 3062 pro-

1286 3078 1499 3124 duceret
1549 3077 1762 3136 aliquod
1802 3080 1934 3137 quod
1978 3083 2119 3126 esset
2164 3093 2300 3126 rece-

1287 3155 1491 3213 ptivum
1514 3155 1737 3215 alicujus
1762 3154 2129 3214 perfectionis;
2161 3157 2296 3223 alius

1289 3232 1467 3276 autem
1530 3231 1655 3277 ordo
1711 3232 1770 3277 de
1821 3232 2139 3280 necessitate
2175 3234 2296 3292 pro-

1288 3305 1502 3353 duceret
1561 3307 1862 3365 oppositum
1926 3307 2068 3353 illius
2132 3307 2295 3367 perfe-

1291 3379 1499 3434 ctionis,
1565 3381 1640 3427 ita
1691 3382 1823 3436 quod
1883 3382 1976 3428 illa
2041 3382 2294 3436 perfectio

1293 3467 1406 3512 quae
1437 3459 1614 3513 posset
1644 3459 1763 3502 tunc
1787 3458 1958 3502 induci
1981 3469 2296 3504 concurren-

1293 3529 1432 3576 tibus
1473 3531 1710 3577 omnibus
1757 3531 1948 3584 causis,
1985 3531 2108 3578 licet
2149 3525 2298 3577 abso-

1289 3605 1398 3652 lute
1435 3607 1746 3664 productum
1785 3608 1848 3653 ab
1876 3607 2155 3666 aliquibus,
2181 3606 2298 3655 con-
