2740 3979
221 302 529 349 consequente,
564 300 778 348 videlicet,
811 312 914 352 ergo
952 301 1141 340 movebit
1179 301 1222 338 in

219 383 307 413 non
335 378 546 423 tempore.
594 376 712 423 Nam,
756 375 870 425 quod
910 378 1052 414 motus
1089 375 1142 413 sit
1181 374 1224 412 in

218 459 305 488 non
347 452 565 500 tempore,
597 455 657 490 est
684 451 910 500 implicatio
950 449 1219 489 contradicti¬

215 525 323 572 onis,
367 526 465 576 quia
494 527 632 566 omnis
670 531 812 565 motus
860 525 905 564 fit
936 526 977 565 in
1014 529 1219 574 tempore,

215 598 293 638 sed
315 610 400 639 non
421 601 614 651 sequitur
631 602 712 640 hoc
733 600 786 640 de
808 601 960 640 virtute
980 599 1156 646 infinita,
1180 602 1222 638 et

215 682 301 711 non
324 673 365 711 in
386 673 699 725 magnitudine,
724 674 821 724 quia
851 673 919 714 illa
944 676 1088 724 potest
1118 683 1223 723 age¬

215 758 259 787 re
292 750 336 789 in
368 750 555 797 instanti,
590 761 675 790 non
705 752 848 790 tamen
880 760 1052 790 movere
1081 749 1123 788 in
1155 750 1219 789 in¬

215 826 354 872 stanti,
387 826 484 876 quia
511 829 574 865 est
610 825 838 876 implicatio
861 825 1218 865 contradictionis.

216 903 447 952 Sequentia
471 903 581 941 clara
603 905 717 948 sunt,
741 905 782 941 et
801 903 834 941 si
864 901 965 953 quid
997 901 1218 941 difficulta¬

217 978 266 1016 tis
288 981 366 1025 est,
388 978 498 1016 clare
529 981 771 1027 exponetur
801 976 908 1016 infra
943 979 982 1017 d.
1005 977 1043 1027 8.
1077 981 1218 1027 quxst.

212 1054 288 1092 ult.

485 1198 786 1250 QILESTIO
854 1198 948 1243 IIT.

388 1317 456 1359 An
495 1324 662 1359 tantum
685 1318 741 1360 sit
770 1332 880 1360 unus
906 1317 1052 1360 Deus?

277 1889 547 1943 Quaeritur
575 1890 737 1938 tertio
790 1903 856 1936 an
902 1890 970 1937 sit
1020 1893 1229 1939 tantum

221 1979 353 2012 unus
376 1968 533 2013 Deus.
571 1967 635 2012 Et
671 1967 802 2025 quod
830 1980 949 2020 non,
983 1967 1232 2026 arguitur

221 2044 257 2088 I.
283 2043 344 2090 ad
365 2042 603 2091 Corinth.
625 2044 668 2089 8.
692 2044 744 2086 Si
763 2044 1045 2100 quidemsunt
1064 2045 1233 2088 domini

223 2121 350 2163 multi
368 2128 408 2163 et
427 2121 494 2163 dii
518 2121 659 2164 mulli.

280 2197 414 2243 Item
437 2196 510 2242 sic
535 2212 543 2240 :
569 2197 708 2242 Deus
731 2196 827 2248 est,
853 2207 981 2254 ergo
1004 2194 1073 2241 dii
1088 2198 1230 2244 sunt.

221 2273 485 2320 Probatur
523 2271 930 2331 consequentia,
968 2271 1091 2331 quia
1131 2272 1231 2318 sin¬

220 2349 406 2408 gulare
428 2351 480 2395 et
515 2348 720 2408 plurale
748 2348 882 2394 idem
911 2347 1226 2406 significant,

217 2423 341 2470 licet
362 2422 608 2470 differant
632 2422 683 2468 in
707 2421 856 2467 modo
876 2421 1226 2479 significandi;

217 2513 344 2559 ergo
386 2499 655 2546 includunt
708 2499 841 2545 idem
886 2498 1228 2557 praedicatum

221 2576 699 2636 proportionaliter
747 2579 1046 2636 acceptum;
1099 2587 1228 2634 ergo

219 2652 356 2699 sicut
391 2651 660 2711 singulare
689 2651 905 2699 includit
941 2651 1226 2710 singulare,

220 2729 294 2774 ita
322 2728 526 2788 plurale
549 2728 765 2776 includit
795 2728 1016 2787 plurale.

277 2805 545 2851 Praeterea
601 2805 824 2851 secundo
855 2841 864 2857 ,
921 2803 1040 2863 quia
1091 2803 1228 2850 sicut

218 2881 358 2926 Deus
394 2882 474 2927 est
513 2893 612 2938 quo
651 2880 822 2939 majus
861 2879 1091 2938 cogitari
1125 2892 1229 2924 non

219 2959 410 3016 potest,
441 2956 515 3002 ita
543 2956 613 3002 dii
647 2958 766 3002 sunt
789 2955 974 3014 quibus
996 2956 1228 3015 majores

219 3033 520 3092 excogitari
563 3047 667 3079 non
712 3036 957 3093 possunt;
1007 3034 1098 3079 illa
1138 3047 1228 3080 au¬

221 3114 326 3159 tem
374 3109 558 3169 quibus
604 3109 812 3170 majora
851 3110 1080 3168 cogitari
1124 3122 1228 3155 non

223 3187 459 3246 possunt,
485 3187 602 3232 sunt
632 3185 685 3230 in
705 3184 909 3236 effectu,
943 3184 1065 3243 quia
1089 3184 1227 3231 vide¬

221 3265 312 3309 tur
334 3261 466 3320 quod
493 3261 537 3307 si
576 3275 680 3306 non
723 3264 899 3308 essent
936 3261 989 3306 in
1021 3260 1225 3313 effectu,

226 3337 433 3398 majora
460 3339 681 3396 possunt
702 3337 777 3383 eis
805 3337 1051 3395 cogitari.

285 3415 551 3460 Praeterea
581 3437 588 3463 :
619 3416 780 3461 Omne
808 3426 898 3459 ens
933 3426 1027 3472 per
1067 3413 1228 3472 parti¬

227 3490 546 3551 cipationem
585 3488 856 3536 reducitur
889 3490 950 3535 ad
983 3503 1074 3535 ens
1121 3490 1228 3536 tale

227 3582 320 3629 per
367 3566 679 3618 essentiam;
734 3566 820 3612 sed
864 3566 1126 3613 individua
1177 3567 1229 3613 in

1303 311 1628 358 quacumque
1674 298 1846 357 specie
1904 299 2120 348 creata,
2183 295 2306 340 sunt

1298 373 1442 421 entia
1492 387 1587 433 per
1634 373 2127 433 participationem,
2183 369 2307 415 alio-

1298 450 1422 508 quin
1444 463 1548 496 non
1575 450 1750 496 essent
1774 448 1956 499 multa,
1993 459 2121 505 ergo
2162 443 2307 490 redu¬

1298 528 1494 572 cuntur
1521 525 1583 571 ad
1628 524 1823 583 aliquid
1858 523 1966 570 tale
2007 535 2100 582 per
2128 533 2305 568 essen¬

1296 601 1453 652 tiam;
1503 612 1632 659 ergo
1661 603 1741 646 est
1781 598 1972 657 aliquis
2016 597 2174 643 homo
2215 608 2308 656 per

1295 676 1599 728 essentiam,
1645 678 1697 722 et
1737 673 1927 733 aliquis
1973 673 2065 718 bos
2105 684 2200 732 per
2236 685 2310 717 es¬

1297 752 1521 799 sentiam
1540 768 1549 803 ;
1591 751 1677 796 sed
1717 748 1961 808 quidquid
1998 750 2079 794 est
2113 760 2207 807 per
2232 760 2307 793 es¬

1297 828 1524 874 sentiam
1567 830 1621 874 et
1665 840 1768 872 non
1829 839 1922 886 per
1978 823 2307 883 participati¬

1297 917 1465 954 onem,
1497 905 1576 949 est
1610 904 1774 954 Deus;
1799 913 1946 960 ergo,
1972 903 2070 947 etc.

1353 979 1622 1024 Praeterea
1644 995 1653 1023 :
1686 977 1847 1023 Plura
1877 976 2014 1022 bona
2043 978 2164 1022 sunt
2206 988 2306 1021 me-

1295 1054 1434 1100 liora
1462 1053 1800 1114 paucioribus
1838 1052 2016 1104 bonis;
2048 1051 2135 1097 sed
2174 1063 2307 1110 quae¬

1296 1143 1519 1190 cumque
1567 1129 1790 1176 meliora
1823 1131 1944 1175 sunt
1981 1128 2219 1187 ponenda
2254 1126 2308 1172 in

1298 1205 1565 1258 universo,
1596 1217 1739 1263 ergo,
1765 1206 1864 1251 etc.

1375 1283 1575 1330 Contra
1619 1281 1834 1327 Deuter.
1885 1281 1927 1325 6.
1975 1280 2091 1322 Audi
2147 1278 2282 1322 Israel
2287 1315 2297 1332 ,

1299 1360 1510 1402 Dominus
1529 1360 1642 1400 Deus
1670 1365 1765 1400 tuus
1802 1371 1913 1400 unus
1946 1363 2020 1399 est.
2052 1356 2115 1402 Et
2154 1354 2307 1401 Isaiae

1297 1435 1338 1480 3.
1369 1435 1512 1477 Extra
1531 1448 1597 1476 me
1621 1447 1711 1476 non
1737 1439 1796 1475 est
1817 1433 1944 1475 Deus.

1659 1587 1920 1623 SGHOLIUM.

1349 1715 1497 1761 Rejicit
1515 1716 1737 1751 Varronem
1769 1713 1985 1758 dicentem,
2014 1714 2207 1751 unitatem
2241 1715 2309 1750 Dei

1304 1782 1463 1818 ratione
1502 1779 1680 1816 naturali
1714 1788 1792 1815 non
1825 1788 1913 1815 esse
1948 1778 2313 1822 demonstrabilem,

1303 1849 1455 1892 septem
1477 1845 1569 1880 viis.
1606 1845 1654 1880 Et
1677 1845 1809 1889 primo
1841 1853 1889 1879 ex
1927 1846 2040 1889 parte
2078 1843 2312 1880 intellectus

1305 1910 1470 1952 infiniti,
1485 1910 1580 1955 quia
1601 1909 1805 1955 cognoscit
1824 1909 1959 1944 omnia
1991 1909 2309 1956 perfectissime;

1306 1976 1376 2013 sed
1416 1984 1520 2011 unus
1570 1976 1673 2010 Deus
1712 1984 1790 2010 non
1834 1977 2092 2019 cognosceret
2135 1976 2310 2010 alterum

1305 2043 1428 2076 Deum
1451 2040 1521 2081 sic,
1545 2039 1639 2084 quia
1660 2048 1737 2074 non
1757 2047 1832 2083 per
1851 2040 2036 2074 naturam
2068 2048 2312 2083 cognoscen¬

1304 2106 1368 2149 tis,
1397 2105 1493 2150 quia
1530 2113 1609 2139 non
1629 2103 1805 2138 continet
1842 2102 2016 2139 alterum
2056 2104 2204 2149 Deum;
2239 2113 2312 2140 nec

1306 2179 1378 2215 per
1398 2171 1585 2204 naturam
1606 2167 1790 2209 alterius,
1812 2167 1906 2212 quia
1928 2169 2039 2202 actus
2070 2168 2312 2212 cognitionis

1305 2235 1410 2270 esset
1442 2232 1640 2279 posterior
1659 2234 1698 2267 et
1727 2230 1960 2276 dependens
1992 2231 2040 2267 ab
2073 2232 2312 2268 extrinseco.

1305 2297 1488 2334 Secundo
1508 2299 1620 2332 actus
1645 2305 1720 2330 non
1742 2297 1869 2341 potest
1887 2295 2036 2331 habere
2058 2295 2136 2331 duo
2161 2296 2314 2342 objecta

1305 2361 1527 2407 adaequata,
1545 2359 1614 2395 sed
1635 2361 1738 2395 Deus
1759 2361 1818 2395 est
1832 2358 2081 2405 adaequatum
2103 2361 2165 2396 sui
2192 2364 2316 2399 actus.

1365 2502 1424 2547 In
1464 2500 1568 2548 ista
1614 2499 1904 2559 quaestione
1932 2500 1998 2558 (a)
2043 2500 2316 2548 conclusio

1304 2578 1384 2624 est
1417 2579 1581 2624 certa.
1619 2575 1715 2623 Sed
1741 2575 1918 2622 dicunt
1952 2575 2139 2635 aliqui,
2184 2560 2317 2636 quod

1303 2652 1414 2699 haec
1447 2652 1719 2699 conclusio
1747 2664 1853 2697 non
1881 2653 1961 2699 est
1994 2652 2317 2700 demonstra-

1302 2727 1440 2781 bilis,
1490 2727 1575 2772 sed
1614 2727 1824 2772 tantum
1872 2728 2091 2786 accepta
2128 2740 2220 2787 per
2262 2724 2315 2774 fi-

1303 2805 1443 2855 dem;
1475 2806 1526 2850 et
1560 2802 1620 2848 ad
1659 2801 1758 2848 hoc
1804 2802 2100 2849 auctoritas
2148 2804 2315 2851 Rabbi

1305 2879 1478 2936 Moysi
1502 2878 1574 2920 lib.
1600 2879 1640 2921 3.
1671 2893 1765 2934 cap.
1800 2878 1841 2922 6.
1867 2878 1999 2936 quod
2022 2880 2197 2925 unitas
2220 2880 2313 2926 Dei

1303 2956 1522 3013 accepta
1547 2955 1627 3000 est
1656 2965 1685 2998 a
1715 2953 1845 3011 lege.

1362 3032 1472 3077 Hoc
1528 3030 1690 3077 etiam
1741 3029 1991 3088 arguitur
2046 3043 2140 3089 per
2186 3032 2312 3078 rati¬

1305 3120 1471 3160 onem,
1509 3105 1632 3165 quia
1665 3105 1709 3152 si
1743 3119 1838 3165 per
1873 3106 2136 3153 rationem
2166 3110 2312 3154 natu¬

1304 3183 1471 3229 ralem
1499 3184 1680 3242 posset
1710 3182 1959 3240 cognosci
1997 3182 2163 3228 Deum
2196 3197 2311 3230 esse

1302 3259 1540 3311 unicum;
1588 3271 1716 3317 ergo
1765 3261 1943 3317 posset
1989 3259 2312 3307 naturaliter

1301 3336 1552 3396 cognosci
1571 3338 1737 3382 Deum
1765 3349 1828 3382 ex
1857 3350 1910 3381 se
1935 3349 2050 3382 esse
2083 3336 2311 3394 singula¬

1303 3427 1415 3459 rem
1435 3430 1443 3465 ;
1482 3424 1611 3471 ergo
1650 3413 1831 3471 posset
1868 3412 2118 3470 cognosci
2161 3414 2309 3459 natu¬

1306 3489 1493 3536 raliter
1538 3488 1886 3547 singularitas
1914 3488 2008 3534 Dei
2047 3490 2098 3535 et
2136 3502 2307 3535 essen¬

1302 3565 1378 3613 tia
1410 3564 1505 3611 Dei
1526 3567 1582 3612 ut
1609 3564 1914 3623 singularis,
1945 3564 2079 3623 quod
2109 3564 2303 3612 falsum
