2711 3950
278 296 394 349 quod
415 299 528 340 Deus
551 304 833 350 cognosceret
852 301 969 342 illum
996 302 1124 341 alium
1146 303 1281 342 Deum

275 385 362 414 non
396 387 474 425 per
503 379 735 417 essentiam
770 379 944 417 alterius
976 379 1062 424 Dei,
1097 377 1175 416 sed
1206 388 1284 427 per

274 451 494 501 propriam
533 454 779 500 essentiam,
813 456 856 492 et
883 453 942 492 sic
972 452 1282 503 perfectissime

271 529 315 567 in
337 528 522 566 essentia
553 538 627 567 sua
665 532 948 579 cognosceret
979 528 1106 566 alium
1130 529 1281 574 Deum,

275 604 318 640 et
336 603 397 641 sic
423 602 493 641 ille
520 603 626 642 alius
658 604 772 642 Deus
808 613 892 642 non
923 607 1036 642 esset
1065 602 1279 654 objectum

276 677 565 726 adaequatum,
600 678 679 717 sed
710 678 790 717 ista
820 678 1043 727 responsio
1070 687 1198 728 supra
1220 680 1285 716 est

273 752 526 800 improbata.
554 754 632 792 Dat
651 753 775 792 aliam
796 753 1138 800 responsionem,
1168 753 1281 800 quod

275 829 309 866 si
357 839 467 867 unus
505 829 618 867 Deus
665 832 950 879 cognosceret
979 829 1107 867 alium
1147 830 1284 867 Deum

277 913 352 952 per
373 904 605 943 essentiam
625 904 797 943 alterius
818 905 909 952 Dei,
933 903 1051 954 quod
1071 904 1141 944 ille
1163 907 1283 943 actus

273 978 561 1028 cognoscendi
610 989 696 1018 non
744 978 923 1018 haberet
980 978 1063 1018 duo
1111 978 1279 1029 objecta

271 1053 517 1105 adaequata,
545 1056 634 1095 sive
666 1055 906 1094 intellectus
929 1056 1056 1093 unius
1090 1055 1167 1093 Dei
1196 1065 1282 1093 non

272 1129 451 1169 haberet
471 1130 555 1169 duo
579 1130 747 1181 objecta
768 1130 1005 1180 adaequata,
1021 1129 1099 1169 sed
1121 1129 1281 1179 aliquid

273 1217 501 1246 commune
548 1208 720 1258 utrique
770 1208 856 1247 Deo
904 1210 1020 1247 esset
1065 1206 1280 1256 objectum

273 1281 566 1332 adaequatum.

325 1357 409 1396 Sed
438 1361 571 1407 patet,
596 1357 712 1408 quod
732 1358 812 1396 ista
844 1359 1065 1407 responsio
1100 1368 1186 1397 non
1215 1359 1282 1396 in¬

274 1431 419 1482 fringit
455 1434 667 1472 rationem
697 1434 916 1481 Doctoris;
961 1437 1063 1480 tum,
1098 1432 1196 1484 quia
1219 1433 1283 1471 lo-

278 1508 449 1560 quendo
472 1509 525 1549 de
546 1510 726 1562 objectis
748 1510 1001 1560 quietativis,
1033 1513 1198 1549 certum
1220 1512 1286 1548 est

281 1585 396 1636 quod
416 1585 520 1625 illud
542 1596 768 1626 commune
802 1597 888 1626 non
923 1589 986 1625 est
1016 1585 1285 1636 adaequatum

282 1662 574 1713 quietativum,
624 1664 724 1713 quia
774 1673 856 1702 nec
911 1661 1285 1712 perfectissimum,

278 1740 325 1777 ut
360 1741 500 1789 patet;
535 1749 633 1776 cum
665 1748 768 1789 ergo
800 1740 982 1788 uterque
1015 1739 1130 1777 Deus
1171 1739 1289 1776 esset

275 1824 441 1853 summe
462 1813 696 1864 perfectus,
719 1813 776 1852 ita
799 1813 1018 1863 adaequate
1040 1823 1151 1852 unus
1173 1814 1287 1851 esset

276 1889 536 1938 quietativus
556 1890 666 1928 sicut
687 1891 729 1927 et
750 1889 873 1928 alius.
894 1889 1000 1927 Tum
1023 1887 1164 1934 etiam,
1189 1888 1288 1936 quia

274 1963 499 2015 loquendo
533 1963 586 2003 de
637 1964 808 2015 objecto
839 1964 1011 2008 motivo,
1035 1966 1194 2002 certum
1228 1964 1291 2000 est

276 2039 392 2088 quod
431 2039 674 2080 intellectus
717 2038 886 2078 divinus
924 2048 1008 2076 non
1045 2037 1175 2076 habet
1213 2035 1288 2075 ali¬

274 2113 392 2164 quod
411 2124 656 2160 commune,
677 2117 725 2152 ut
743 2115 864 2163 patet
889 2123 968 2162 per
1001 2111 1287 2150 communiter

270 2191 496 2237 Doctores,
529 2192 566 2229 et
599 2198 730 2239 supra
759 2187 982 2227 ostensum
1001 2187 1046 2226 in
1065 2198 1103 2236 q.
1122 2186 1284 2236 penult.

268 2266 439 2314 Prolog,
472 2267 516 2303 et
543 2265 603 2304 sic
638 2275 724 2303 non
753 2265 903 2313 posset
940 2262 1138 2308 evadere,
1182 2263 1284 2311 quin

272 2341 340 2380 isti
380 2340 463 2379 duo
496 2340 552 2380 dii
592 2342 738 2379 essent
776 2339 948 2389 objecta
982 2338 1203 2388 adaequata
1242 2337 1283 2374 in

271 2415 436 2454 ratione
458 2415 558 2454 moti
563 2416 613 2453 vi.
637 2415 686 2452 Et
711 2415 820 2453 ultra
846 2413 984 2462 posito
1021 2411 1139 2462 quod
1168 2411 1287 2462 obje¬

274 2495 384 2529 ctum
417 2490 696 2541 adaequatum
726 2489 970 2528 intellectus
1005 2487 1134 2528 divini
1168 2489 1285 2526 esset

273 2566 448 2617 aliquod
478 2576 722 2613 commune,
755 2564 896 2604 adhuc
935 2567 1020 2603 stat
1061 2573 1288 2614 argumen¬

275 2645 362 2681 tum
403 2643 609 2689 Doctoris,
643 2643 741 2692 quia
778 2640 885 2679 illud
926 2650 1152 2679 commune
1198 2648 1288 2678 non

273 2720 468 2756 moveret
501 2717 768 2757 intellectum
802 2715 857 2754 ad
892 2715 1179 2765 cognitionem
1214 2714 1285 2752 ali¬

275 2803 418 2843 quam,
455 2792 533 2832 sed
572 2794 775 2831 contenta
813 2790 892 2829 sub
936 2791 1006 2829 tali
1055 2789 1285 2829 communi.

278 2868 425 2916 Quaero
475 2871 574 2906 tunc
622 2878 675 2905 an
725 2866 880 2905 eadem
920 2866 1105 2917 cognitio
1144 2865 1284 2904 divina

276 2944 410 2994 possit
430 2944 555 2983 simul
583 2953 679 2982 esse
714 2954 737 2981 a
772 2942 943 2981 duobus
977 2942 1157 2992 objectis
1189 2951 1288 2979 con¬

280 3019 428 3061 tentis;
451 3018 486 3058 si
505 3018 580 3065 sic,
605 3028 707 3068 ergo
742 3017 895 3056 eadem
929 3017 1006 3054 erit
1040 3019 1212 3054 causata
1248 3018 1290 3054 et

276 3094 512 3141 incausata,
536 3093 792 3144 dependens
825 3096 867 3131 et
898 3091 1216 3142 independens,
1244 3093 1291 3130 ut

281 3169 366 3209 dixi
393 3179 523 3220 supra
542 3183 550 3217 ;
587 3169 622 3208 si
652 3179 756 3215 non,
781 3167 860 3206 sed
880 3167 961 3206 alia
982 3170 1024 3206 et
1043 3167 1123 3205 alia
1143 3177 1289 3216 respe¬

280 3250 349 3285 ctu
382 3244 556 3284 alterius
592 3248 635 3283 et
673 3243 845 3283 alterius
886 3243 975 3290 Dei,
1023 3252 1128 3293 ergo
1176 3252 1288 3282 unus

281 3323 396 3360 Deus
432 3321 610 3360 habebit
649 3320 755 3359 duas
804 3319 1073 3369 cognitiones
1117 3318 1290 3357 realiter

283 3396 517 3443 distinctas,
552 3399 594 3436 et
623 3396 683 3434 sic
712 3406 800 3434 non
832 3397 948 3434 esset
968 3395 1099 3440 Deus,
1120 3398 1166 3432 ut
1188 3393 1290 3433 dicit

282 3473 452 3512 Doctor.
488 3472 536 3511 Et
563 3472 695 3510 multa
728 3471 809 3510 alia
837 3473 1015 3520 possent
1051 3469 1205 3509 adduci
1247 3472 1290 3508 et

285 3549 379 3588 elici
412 3559 464 3587 ex
498 3547 753 3598 supradiclis
784 3549 932 3586 contra
960 3547 1288 3594 responsionem

1355 304 1546 352 istorum,
1588 315 1685 356 quae
1732 306 1949 348 brevitatis
1999 319 2127 348 causa
2193 311 2352 349 omitto.

1734 445 1992 482 SGHOLIUM.

1407 553 1590 590 Secundo
1621 554 1763 600 probat
1802 557 2000 592 unitatem
2048 558 2115 593 Dei
2161 568 2209 594 ex
2256 562 2370 604 parte

1358 616 1578 654 voluntatis
1600 617 1760 654 infinite
1782 621 1914 655 rectse.
1938 620 2085 664 Primo,
2115 621 2200 658 haec
2233 622 2371 668 diligit

1358 689 1475 716 omne
1496 680 1701 725 diligibile
1723 686 1918 727 quantum
1941 687 2147 730 meretur;
2175 694 2273 730 ergo
2300 696 2373 722 vo¬

1358 742 1494 779 luntas
1516 745 1638 780 unius
1665 745 1730 780 Dei
1761 745 1953 791 diligeret
1985 747 2160 783 alterum
2194 748 2372 793 infinite,

1358 806 1427 842 sed
1459 808 1590 852 magis
1622 811 1785 844 tenetur
1817 819 1859 846 se
1892 810 2067 856 diligere
2099 821 2220 856 quam
2242 812 2369 856 aliud,

1357 871 1474 916 cujus
1495 881 1573 907 non
1596 875 1655 909 est
1674 882 1768 918 pars
1791 883 1864 910 nec
1890 875 2071 911 effectus.
2106 875 2302 919 Secundo,
2336 876 2370 910 si

1358 944 1464 970 unus
1484 936 1613 971 utitur
1633 936 1724 980 alio,
1756 937 1985 975 inordinate
2020 938 2115 976 facit
2148 940 2182 974 si
2215 939 2370 975 fruitur

1356 1007 1426 1044 eo;
1449 1009 1546 1044 ergo
1567 1001 1714 1036 Beatus
1746 1002 1789 1036 in
1817 1001 1985 1047 duobus,
2018 1013 2191 1049 quorum
2227 1006 2372 1040 neuter

1355 1060 1556 1108 dependet
1596 1064 1647 1100 ab
1695 1065 1790 1108 alio,
1831 1068 1870 1102 et
1909 1066 2038 1103 allero
2061 1066 2280 1110 destructo,
2295 1077 2370 1104 non

1353 1126 1490 1162 minus
1514 1131 1619 1164 esset
1640 1130 1799 1165 Beatus.

1413 1258 1478 1315 (a)
1524 1260 1788 1310 Quantum
1817 1258 1878 1304 ad
1913 1260 2193 1306 secundam
2224 1261 2368 1307 viam

1355 1333 1607 1391 arguitur
1635 1333 1709 1380 sic
1735 1349 1745 1378 :

1411 1408 1668 1456 Voluntas
1692 1409 1898 1456 infinita
1925 1413 2004 1456 est
2036 1413 2212 1464 recta;
2237 1425 2365 1471 ergo

1355 1483 1524 1543 diligit
1548 1484 1812 1542 quodlibet
1835 1485 2090 1543 diligibile
2113 1490 2366 1546 quantum

1359 1561 1439 1606 est
1474 1559 1742 1618 diligibile.
1780 1560 1832 1607 Si
1862 1560 2027 1619 igitur
2054 1565 2089 1604 B
2116 1565 2196 1609 est
2230 1545 2367 1610 alius

1358 1638 1514 1688 Deus,
1562 1638 1643 1683 est
1687 1636 1957 1695 diligibilis
1999 1637 2046 1683 in
2086 1639 2364 1693 infinitum,

1359 1726 1478 1758 cum
1507 1712 1576 1760 sit
1598 1713 1787 1759 bonum
1811 1714 2074 1760 infinitum
2096 1718 2147 1762 et
2170 1715 2371 1764 infinite

1360 1802 1390 1834 a
1433 1788 1709 1836 voluntate
1749 1791 1962 1848 potente
2000 1791 2073 1836 sic
2117 1791 2364 1850 diligere;

1359 1875 1485 1922 ergo
1516 1863 1763 1910 voluntas
1803 1867 1837 1907 A
1870 1864 2043 1924 diligit
2083 1869 2117 1908 B
2140 1866 2360 1921 infinite,

1361 1937 1447 1983 sed
1475 1937 1571 1985 hoc
1595 1941 1675 1985 est
1704 1938 2046 1999 impossibile,
2078 1942 2200 2001 quia
2220 1946 2254 1986 A
2283 1957 2370 1989 na¬

1360 2013 1614 2062 turaliter
1652 2015 1768 2074 plus
1806 2014 1978 2075 diligit
2023 2031 2076 2064 se
2122 2023 2276 2076 quam
2316 2023 2368 2064 B.

1360 2091 1628 2144 Probatio,
1661 2092 1925 2150 quodlibet
1947 2094 2085 2140 enim
2115 2096 2370 2142 naturali¬

1361 2169 1443 2212 ter
1484 2167 1600 2225 plus
1645 2167 1816 2226 diligit
1865 2182 1980 2214 esse
2021 2182 2174 2215 suum
2209 2183 2366 2228 quam

1359 2255 1474 2288 esse
1514 2242 1754 2295 alterius,
1798 2243 1948 2302 cujus
1993 2244 2125 2291 nihil
2174 2249 2254 2292 est
2306 2249 2363 2292 ut

1359 2331 1485 2377 pars
1507 2319 1589 2364 vel
1609 2318 1848 2372 effectus;
1873 2323 1906 2364 A
1932 2323 2109 2367 autem
2131 2321 2262 2367 nihil
2289 2324 2371 2368 est

1360 2393 1526 2452 ipsius
1566 2398 1602 2437 B
1608 2431 1616 2446 ,
1659 2409 1752 2442 nec
1787 2398 1844 2443 ut
1884 2409 2009 2455 pars
2043 2410 2136 2443 nec
2170 2400 2227 2444 ut
2254 2397 2371 2443 effe¬

1360 2472 1493 2523 ctus,
1517 2483 1646 2529 ergo
1672 2472 1788 2531 plus
1811 2472 1981 2531 diligit
2007 2476 2041 2517 A
2072 2487 2125 2519 se
2152 2476 2368 2521 natura¬

1359 2546 1484 2593 liter
1513 2559 1669 2605 quam
1702 2547 1874 2607 ipsum
1908 2552 1958 2593 B.
1991 2549 2084 2596 Sed
2117 2549 2365 2597 voluntas

1360 2620 1528 2666 libera
1550 2622 1752 2679 quando
1776 2624 1857 2669 est
1880 2625 2042 2675 recta,
2068 2623 2369 2670 confirma¬

1358 2697 1450 2741 tur
1505 2696 1770 2744 voluntati
1819 2697 2077 2751 naturali,
2131 2699 2368 2759 alioquin

1360 2773 1608 2820 voluntas
1632 2775 1896 2821 naturalis
1928 2788 2032 2821 non
2065 2778 2206 2824 esset
2240 2789 2370 2822 sem-

1362 2861 1456 2907 per
1486 2850 1661 2900 recta;
1699 2853 1828 2908 ergo
1861 2853 1894 2893 A
1934 2849 1978 2896 si
2010 2849 2165 2899 habet
2186 2852 2372 2898 volun¬

1361 2926 1528 2971 tatem
1550 2923 1771 2971 liberam
1801 2929 2019 2979 rectam,
2044 2929 2163 2973 actu
2192 2928 2371 2975 elicito

1364 3001 1479 3060 pius
1512 3001 1683 3060 diligit
1725 3016 1778 3049 se
1811 3006 1968 3062 quam
2004 3006 2065 3056 B;
2102 3017 2229 3063 ergo
2264 3019 2368 3052 non

1362 3081 1399 3121 B
1420 3078 1638 3125 infinite.

1420 3155 1484 3214 (b)
1510 3155 1741 3202 Secundo
1765 3155 1840 3202 sic
1865 3157 1925 3202 de
1950 3157 2240 3204 voluntate.

1421 3233 1523 3277 Aut
1562 3234 1596 3274 A
1643 3231 1845 3279 fruitur
1883 3235 1935 3286 B,
1970 3234 2061 3280 aut
2095 3234 2293 3286 utitur;
2326 3235 2370 3282 si

1363 3307 1536 3355 utitur
1574 3322 1652 3361 eo,
1696 3312 1824 3366 ergo
1862 3312 1897 3352 A
1938 3309 2093 3356 habet
2130 3311 2370 3358 volunta¬

1362 3386 1470 3429 tem
1510 3384 1893 3436 inordinatam;
1931 3385 1975 3430 si
2016 3383 2216 3432 fruitur
2241 3390 2278 3429 B
2316 3391 2367 3434 et

1362 3460 1563 3506 fruitur
1601 3464 1635 3502 A
1643 3495 1652 3511 ,
1709 3462 1838 3518 ergo
1877 3462 1910 3502 A
1951 3462 2031 3507 est
2075 3461 2271 3508 Beatus
2319 3463 2371 3509 in

1361 3537 1558 3583 duobus
1595 3535 1831 3595 objectis,
1863 3550 2087 3595 quorum
2118 3540 2369 3586 neutrum
