2653 3979
314 327 388 376 (ut
422 322 554 368 alias
595 320 811 376 patebit)
851 331 955 364 non
989 319 1165 376 potest
1199 329 1321 361 con-

314 398 447 444 cludi
472 397 679 444 ratione
703 396 955 444 naturali,
982 396 1038 440 ut
1061 396 1321 438 Oatholici

312 475 529 522 credunt
571 474 1025 532 omnipotentiam,
1062 482 1155 514 nec
1201 481 1320 514 con-

283 534 291 597 creSum
309 550 540 597 eluditur
594 563 658 596 ex
719 548 924 594 ratione
976 544 1192 592 infinitae
1233 556 1318 602 po-

307 626 503 674 tentiae.
558 627 752 671 Tamen
811 637 874 670 ex
935 619 1319 680 omnipotentia

307 702 509 749 credita
546 701 795 760 arguitur
283 696 288 727 gice
833 699 908 746 sic
946 696 1312 756 propositum:

283 777 288 840 nor^neces-
307 776 360 826 Si
387 779 421 822 A
456 780 536 824 est
576 776 926 835 omnipotens,
973 785 1101 831 ergo
1142 773 1316 831 potest

308 852 330 898 f
329 867 481 900 acere
503 852 648 901 circa
672 851 1030 910 quodeumque
1057 847 1213 900 aliud,
1244 847 1315 906 ip-

308 943 423 976 sum
569 942 600 973 y
604 942 630 974 e
636 928 651 973 l
684 943 771 971 non
945 925 997 972 et
1032 925 1106 982 ita
1134 926 1314 982 pOSSet

303 1006 577 1053 destruere
622 1008 669 1055 B,
700 1006 752 1050 et
790 1002 866 1049 ita
904 1002 1056 1048 fieret
1089 1003 1125 1042 B
1162 1000 1312 1045 nulli-

306 1084 517 1139 potens;
548 1091 677 1137 ergo
701 1080 737 1120 A
757 1089 861 1122 non
888 1078 968 1122 est
996 1078 1152 1122 Deus.

362 1157 471 1202 Ista
506 1155 643 1202 ratio
676 1166 780 1198 non
806 1152 965 1210 valet,
999 1151 1120 1210 quia
1147 1153 1182 1193 B
1208 1163 1312 1195 non

300 1234 380 1279 est
418 1230 680 1290 objectum
717 1227 1114 1287 omnipotentiae
1146 1225 1309 1284 ipsius

297 1311 347 1360 A,
380 1307 502 1367 quia
543 1304 927 1365 omnipotentia
966 1317 1063 1363 pro
1105 1303 1309 1361 objecto

301 1383 517 1442 respicit
559 1381 824 1442 possibile,
870 1383 904 1422 B
937 1382 1114 1426 autem
1156 1392 1308 1438 pone¬

296 1459 454 1504 batur
488 1456 851 1504 necessarium
883 1455 1020 1501 sicut
1047 1457 1099 1498 A.

356 1534 473 1580 Ideo
539 1547 603 1579 ex
663 1529 1048 1590 omnipotentia
1109 1529 1308 1576 credita

296 1609 544 1669 arguitur
578 1608 737 1656 aliter
771 1608 860 1660 sic,
891 1606 1203 1653 declarando
1228 1618 1307 1650 ra¬

296 1685 495 1731 tionem
535 1683 805 1736 Richardi,
850 1683 892 1728 2.
929 1684 982 1726 de
1013 1683 1173 1725 Trinit.
1210 1696 1304 1737 ccip.

293 1763 372 1805 ult.
433 1760 776 1819 Omnipotens
835 1758 972 1805 sicut
1028 1771 1122 1804 suo
1174 1756 1307 1802 velle

295 1838 468 1896 potest
508 1836 799 1895 producere
846 1847 996 1880 omne
1037 1832 1304 1893 possibile,

293 1912 369 1960 ita
408 1926 503 1958 suo
536 1912 676 1957 nolle
721 1913 895 1971 potest
935 1909 1188 1968 impedire
1224 1908 1306 1955 vel

291 1989 568 2035 destruere
615 2001 768 2033 omne
816 1985 1063 2046 possibile
1110 1985 1154 2031 si
1193 1985 1305 2044 jam

293 2062 451 2110 habet
490 2065 606 2109 esse
646 2065 707 2115 A;
747 2075 874 2121 ergo
923 2061 1101 2106 omnia
1141 2060 1304 2120 possi¬

291 2139 419 2185 bilia
447 2140 622 2198 potest
663 2152 757 2184 suo
789 2137 923 2183 velle
952 2137 1005 2183 in
1043 2150 1158 2182 esse
1185 2149 1305 2195 pro¬

293 2216 498 2267 ducere,
556 2228 661 2260 non
716 2215 892 2260 autem
951 2214 1030 2258 est
1089 2225 1303 2258 necesse

293 2289 427 2348 quod
470 2292 507 2332 B
550 2288 678 2335 velit
719 2288 896 2334 omnia
923 2287 1015 2332 illa
1047 2300 1179 2337 esse,
1217 2285 1304 2331 sed

292 2368 468 2423 potest
507 2365 646 2411 nolle
686 2364 778 2410 illa
806 2377 921 2410 esse
950 2366 1063 2422 quae
1102 2366 1133 2405 A
1170 2362 1299 2415 vult,

291 2441 413 2500 quia
446 2441 696 2488 voluntas
730 2442 766 2482 B
805 2454 859 2486 se
897 2439 1053 2485 habet
1104 2437 1303 2485 contin-

290 2520 477 2575 genter
511 2517 574 2563 ad
616 2517 707 2562 illa
755 2529 868 2575 quae
916 2516 1025 2562 vult
1068 2518 1118 2566 .4,
1164 2514 1301 2563 sicut

288 2593 537 2640 voluntas
577 2596 609 2636 A
645 2594 706 2638 ad
746 2593 837 2638 illa
879 2594 991 2651 quae
1026 2594 1063 2635 B
1100 2592 1229 2645 vult,
1256 2594 1300 2639 si

290 2673 371 2717 est
417 2671 573 2716 Deus.
623 2669 677 2717 Si
728 2672 906 2715 autem
960 2672 995 2711 B
1035 2669 1168 2714 nolit
1209 2669 1301 2714 illa

288 2760 421 2799 esse,
486 2759 616 2804 ergo
679 2745 883 2791 nullum
941 2758 1128 2790 eorum
1185 2747 1296 2797 est;

286 2822 454 2881 igitur
499 2822 542 2868 si
582 2821 687 2868 sint
737 2823 835 2868 duo
889 2821 1295 2880 omnipotentes,

286 2900 507 2957 uterque
553 2898 771 2943 illorum
820 2897 1022 2944 faceret
1068 2898 1297 2944 alterum

284 2974 691 3034 nullipotentem
729 2987 834 3019 non
877 2974 1190 3020 destruendo
1238 2975 1298 3020 il¬

286 3051 409 3103 lum,
454 3051 540 3097 sed
579 3050 815 3096 faciendo
856 3050 940 3096 vel
973 3049 1294 3108 prohibendo

285 3140 379 3185 per
414 3140 567 3172 suum
602 3125 743 3171 nolle
776 3141 862 3168 esse
906 3125 1196 3172 volitorum
1233 3126 1295 3172 ab

283 3201 405 3248 alio.

341 3279 486 3331 Quod
518 3279 561 3324 si
595 3277 736 3324 dicas
756 3279 771 3293 *
793 3279 1118 3332 somniando,
1158 3281 1291 3338 quod

283 3355 602 3401 concordant
626 3353 969 3400 involuntate
986 3368 1096 3406 sua,
1118 3368 1293 3413 quam¬

283 3430 356 3475 vis
380 3430 440 3475 de
466 3427 563 3476 hoc
599 3428 744 3474 nulla
767 3428 834 3474 sit
862 3429 1171 3481 necessitas,
1205 3430 1291 3476 sed

283 3506 426 3565 quasi
448 3505 687 3552 fecerunt
715 3507 884 3564 pacta.

331 3583 508 3630 Adhuc
555 3583 736 3643 probo,
791 3583 925 3642 quod
962 3585 1152 3630 neuter
1202 3598 1286 3630 eo¬

1397 328 1514 360 rum
1559 315 1663 361 erit
1716 315 2064 374 omnipotens,
2119 327 2239 361 nam
2288 313 2332 360 si
2366 315 2398 357 A

1395 391 1475 435 est
1511 390 1858 449 omnipotens,
1898 392 2073 449 potest
2113 390 2402 448 producere

1395 477 1488 510 suo
1528 466 1662 512 velle
1701 466 2059 524 quodeumque
2104 465 2244 515 aliud
2283 478 2401 524 pos¬

1396 540 1547 587 sibile
1579 541 1800 589 volitum
1826 554 1856 587 a
1878 555 1948 587 se.
1985 542 2060 586 Ex
2099 539 2198 586 hoc
2233 540 2400 600 sequi¬

1392 617 1496 667 tur,
1529 617 1657 675 quod
1701 620 1736 660 B
1773 617 1974 662 nullum
2002 629 2187 662 eorum
2229 617 2401 674 potest

1392 693 1683 752 producere
1729 707 1820 739 suo
1871 693 2022 746 velle,
2073 695 2125 739 et
2171 691 2246 739 ita
2296 705 2399 737 non

1390 772 1471 816 est
1499 770 1849 828 omnipotens.

1460 846 1602 897 Quod
1667 844 1764 892 hoc
1827 848 2080 904 sequatur
2139 847 2283 903 patet
2333 857 2396 890 ex

1390 923 1581 977 quarta
1626 920 1728 974 via,
1778 921 1899 980 quia
1946 920 2273 979 impossibile
2315 923 2395 967 est

1386 995 1514 1040 duas
1569 1008 1758 1042 causas
1808 1009 1924 1043 esse
1986 996 2180 1044 totales
2242 996 2395 1042 unius

1386 1070 1620 1123 effectus,
1679 1072 1800 1131 quia
1856 1086 1919 1118 ex
1980 1085 2080 1130 quo
2144 1074 2395 1118 causatus

1385 1149 1467 1193 est
1507 1147 1569 1193 ab
1609 1160 1727 1200 una,
1770 1147 2097 1207 impossibile
2135 1150 2216 1194 est
2263 1146 2395 1206 quod

1387 1224 1456 1270 sit
1483 1224 1546 1269 ab
1573 1224 1694 1269 alia.

1442 1299 2412 1358 Argumenta quaedam aliorum ad secundum
1383 1376 1780 1420 conclusionem
1817 1376 2121 1434 praedictam
2147 1376 2272 1420 nolo
2305 1376 2388 1422 hic

1384 1441 2412 1510 adducere, quibus non oportet in- D^Thom.
1381 1526 1495 1579 niti,
1540 1527 1662 1585 quia
1709 1531 1830 1574 sunt
1881 1527 2128 1574 solubilia
2154 1530 2205 1574 et
2246 1540 2391 1586 aeque

1381 1601 1566 1648 forsan
1628 1603 1996 1651 concludentia
2053 1617 2214 1649 unum
2277 1616 2392 1649 esse

1381 1678 1639 1736 Angelum
1685 1678 1739 1725 in
1771 1694 1874 1726 una
1914 1681 2102 1740 specie,
2141 1680 2184 1725 si
2225 1680 2393 1737 Ange¬

1379 1752 1462 1798 lus
1506 1756 1587 1800 est
1633 1753 1858 1813 simplex
1905 1754 1956 1800 in
2001 1755 2234 1801 essentia
2271 1767 2390 1805 sua;

1380 1832 1471 1875 aut
1518 1829 1562 1874 si
1608 1830 1940 1884 concludunt,
1969 1844 2074 1876 non
2117 1833 2296 1877 tamen
2330 1844 2393 1875 ex

1379 1905 1703 1951 naturaliter
1728 1906 1878 1952 nobis
1917 1906 2074 1958 notis,
2110 1919 2204 1952 nec
2240 1919 2392 1964 opor¬

1379 1983 1454 2027 tet
1477 1980 1569 2026 illa
1597 1982 1852 2028 adducere
1880 1984 1937 2028 ut
1973 1981 2236 2035 solvenda,
2269 1980 2392 2041 quia

1378 2069 1482 2101 non
1553 2060 1675 2104 sunt
1739 2060 1930 2105 contra
1992 2057 2389 2104 conclusionem

1379 2145 1536 2190 quam
1559 2135 1729 2180 teneo.

1672 2256 2088 2298 COMMENTARIUS.

1430 2384 1485 2437 (a)
1518 2389 1577 2425 De
1612 2388 1789 2436 septima
1817 2389 1900 2427 via.
1932 2388 2041 2427 Dicit
2078 2389 2236 2427 Doctor
2269 2386 2385 2438 quod

1374 2461 1592 2512 loquendo
1633 2462 1686 2501 de
1723 2464 2051 2513 omnipotentia,
2094 2466 2140 2502 ut
2178 2463 2382 2514 Theologi

1372 2537 1621 2587 loquuntur,
1670 2539 1832 2578 scilicet
1867 2539 1985 2590 quod
2023 2540 2206 2589 primum
2246 2541 2385 2589 possit

1374 2612 1416 2651 in
1447 2623 1620 2652 omnem
1648 2614 1847 2653 effectum
1883 2615 2144 2664 immediate,
2180 2617 2237 2654 ita
2270 2615 2385 2666 quod

1374 2685 1508 2732 possit
1529 2684 1770 2734 producere
1793 2697 1921 2725 omne
1953 2686 2238 2736 producibile,
2269 2687 2386 2726 nulla

1375 2772 1504 2800 causa
1532 2762 1726 2802 secunda
1768 2767 2068 2810 concurrente,
2104 2764 2212 2803 sicut
2249 2775 2386 2814 expo¬

1372 2837 1433 2875 nit
1462 2839 1620 2878 Doctor
1645 2840 1690 2877 in
1719 2840 1796 2878 isto
1835 2841 1869 2879 1.
1897 2841 1990 2879 dist.
2025 2840 2090 2879 42.
2127 2844 2167 2879 et
2190 2839 2384 2878 diffusius

1371 2913 1414 2951 ia
1436 2913 1590 2960 quolib.
1621 2919 1762 2963 quaest.
1797 2916 1833 2953 7.
1859 2915 1939 2953 hoc
1970 2915 2098 2955 modo
2132 2915 2382 2966 accipiendo

1372 2989 1714 3037 omnipotentiam
1721 3021 1728 3033 ,
1768 2993 1982 3040 negarent
2019 2991 2261 3040 Philosophi
2296 2991 2380 3040 pri¬

1370 3072 1488 3100 mum
1528 3064 1770 3103 effectivum
1813 3076 1908 3104 esse
1952 3066 2241 3116 omnipotens,
2282 3066 2382 3116 quia

1370 3147 1455 3176 non
1504 3139 1794 3180 concederent
1842 3141 2041 3181 effectum
2077 3141 2379 3192 imperfectum

1367 3224 1496 3263 posse
1533 3214 1780 3255 immediate
1818 3215 1999 3266 produci
2036 3227 2059 3256 a
2099 3218 2236 3267 primo
2276 3218 2382 3257 effe¬

1371 3291 1491 3337 ctivo,
1520 3293 1568 3329 ut
1590 3302 1717 3341 supra
1751 3294 1930 3341 exposui
1966 3294 2010 3341 in
2040 3304 2078 3341 q.
2106 3294 2138 3343 1.
2163 3296 2383 3343 praesentis

1366 3366 1654 3405 distinctionis.
1692 3367 1775 3406 Sed
1813 3368 1893 3406 hoc
1935 3372 2098 3408 tantum
2137 3372 2201 3409 est
2243 3369 2380 3410 credi¬

1366 3443 1469 3486 tum,
1510 3451 1594 3490 quo
1639 3441 1799 3481 credito
1851 3443 2004 3492 posito,
2045 3445 2175 3494 aliqui
2216 3446 2276 3484 sic
2315 3457 2377 3485 ar¬

1360 3521 1500 3565 guunt
1523 3530 1531 3554 :
1561 3517 1602 3556 Si
1623 3520 1650 3556 A
1674 3522 1738 3556 esi
1770 3518 2058 3568 omnipotens,
2103 3530 2206 3571 ergo
2237 3526 2378 3571 potest

1361 3590 1588 3631 destruere
1627 3593 1756 3632 alium
1796 3594 1946 3641 Deum,
1984 3595 2146 3636 scilicet
2174 3599 2222 3636 B.
2266 3598 2373 3638 Dicit
