2711 3950
166 364 323 405 Doclor
353 367 468 417 quod
505 368 593 409 haec
636 372 737 410 ralio
773 381 858 409 non
904 372 1032 415 valet,
1073 373 1172 421 quia

168 443 476 492 omnipotentia
523 445 697 495 respicit
750 449 912 485 tantum
954 448 1170 496 possibile,

163 520 210 556 ut
245 518 358 557 clare
392 520 579 560 ostendit
611 521 653 560 in
695 525 768 562 isto
800 523 836 562 1.
871 523 909 561 d.
945 524 996 562 20
1028 532 1063 562 et
1108 524 1170 563 42.

164 597 199 633 et
231 595 421 644 l.qnxst.
445 596 585 645 quodt.
612 597 706 637 vide
738 597 806 636 ibi.
840 597 1016 648 Reliqua
1037 599 1176 637 littera

169 669 282 709 clara
304 673 370 709 est
388 682 526 722 usque
560 672 603 711 in
628 671 758 712 finem
788 673 966 714 articuli.

531 793 807 840 TEXTUS.

226 901 300 947 Ad
322 900 412 948 illa
445 904 510 961 (a)
534 916 646 962 quae
669 905 787 950 sunt
819 917 912 964 pro
943 905 1047 951 alia
1072 905 1177 964 opi¬

168 976 321 1022 nione
366 979 672 1037 respondeo,
697 980 758 1025 ad
798 980 1177 1027 auctoritatem

173 1052 337 1098 Rabbi
392 1053 562 1112 Moysi
613 1054 726 1101 dico
787 1056 921 1114 quod
957 1057 1178 1116 populus

172 1128 420 1176 Judaicus
465 1129 565 1178 fuit
606 1131 749 1178 rudis
788 1133 838 1178 et
879 1145 1077 1191 pronus
1118 1133 1179 1179 ad

173 1203 547 1258 idololatriam,
581 1206 691 1253 ideo
731 1207 948 1266 indiguit
984 1207 1179 1254 instrui

174 1295 267 1342 per
298 1283 440 1342 leges
473 1284 531 1330 de
560 1284 762 1332 unitate
789 1284 900 1338 Dei,
934 1285 1058 1333 licet
1087 1299 1181 1345 per

176 1357 438 1405 rationem
482 1360 783 1406 naturalem
840 1362 1050 1420 poterat
1097 1362 1180 1408 de¬

176 1435 484 1489 monstrari,
542 1435 618 1482 ita
684 1437 845 1484 etiam
907 1440 1180 1497 acceptum

171 1512 251 1556 est
288 1524 318 1556 a
351 1510 466 1570 lege
506 1513 642 1570 quod
683 1515 824 1560 Deus
874 1513 958 1568 sit,
1015 1513 1180 1560 Exodi

171 1586 332 1633 tertio
363 1590 371 1632 :
404 1590 495 1645 Ego
532 1603 626 1631 sum
665 1592 739 1646 qui
780 1605 888 1633 sum.
943 1592 1008 1637 Et
1044 1591 1181 1649 Apo¬

170 1662 340 1711 stolus
371 1663 434 1709 ad
451 1663 702 1711 Hebraeos
731 1665 870 1718 dicit,
897 1667 1029 1724 quod
1055 1681 1179 1723 opor¬

169 1747 224 1782 tet
260 1740 530 1788 accedentem
574 1741 631 1783 ad
675 1743 810 1783 Deum
852 1741 1024 1785 credere
1032 1757 1040 1798 ,
1078 1743 1180 1798 quia

170 1824 244 1869 est,
292 1816 343 1861 et
386 1819 567 1864 tamen
609 1829 714 1862 non
770 1819 999 1875 negatur
1043 1819 1181 1861 Deum

167 1907 268 1948 esse,
303 1906 419 1939 esse
447 1894 883 1946 demonstrabile;
909 1907 1038 1953 ergo
1061 1894 1179 1954 pari

168 1968 376 2016 ratione
410 1970 704 2028 negandum
748 1983 851 2016 non
895 1972 974 2017 est
1023 1984 1176 2030 posse

166 2046 525 2093 demonstrari
577 2050 713 2091 Deum
757 2063 845 2091 esse
868 2062 1027 2101 unum,
1055 2047 1180 2094 licet

166 2124 442 2181 acceptum
489 2123 558 2170 sit
599 2136 628 2168 a
679 2123 812 2182 lege.
874 2123 972 2169 Illa
1017 2123 1180 2183 ejiiam

168 2210 281 2255 quae
320 2201 542 2256 possunt
598 2198 990 2252 demonstrari,
1051 2198 1180 2245 utile

168 2276 248 2320 est
280 2273 650 2321 communitati
699 2274 839 2320 tradi
896 2288 990 2333 per
1040 2274 1180 2320 viam

167 2348 525 2402 auctoritatis,
573 2353 625 2396 et
653 2353 875 2410 propter
919 2351 1181 2409 negligen-

167 2424 299 2471 tiam
343 2425 743 2471 communitatis
773 2425 827 2470 in
867 2425 1178 2484 inquirendo

166 2501 451 2547 veritatem
478 2503 529 2548 et
561 2504 781 2561 propter
808 2501 1180 2560 impotentiam

169 2575 483 2629 intellectus,
526 2578 575 2622 et
606 2580 827 2636 propter
865 2590 1080 2623 errores
1108 2577 1181 2622 in¬

170 2651 494 2709 quirentium
525 2665 617 2710 per
649 2653 1177 2705 demonstrationem,

171 2726 292 2786 quia
329 2726 647 2774 veritatibus
683 2728 791 2774 suis
838 2730 1005 2775 multa
1044 2727 1181 2774 falsa

170 2802 508 2861 permiscent,
535 2805 590 2849 ut
611 2802 737 2850 dicit
759 2804 1084 2862 Augustinus
1109 2806 1178 2850 18.

168 2879 221 2920 de
252 2879 369 2921 civit.
399 2880 494 2930 Dei,
531 2880 581 2924 et
610 2878 722 2926 ideo
761 2879 883 2937 quia
913 2879 1181 2938 simplices

170 2956 445 3012 sequentes
489 2953 623 3000 tales
679 2955 1179 3007 demonstrationes,

170 3030 298 3076 bene
352 3032 564 3089 possent
608 3030 870 3084 dubitare,
914 3031 998 3077 cui
1043 3033 1182 3077 esset

173 3105 580 3157 assentiendum,
612 3105 723 3152 ideo
749 3107 862 3153 tuta
900 3110 980 3154 est
1016 3105 1102 3152 via
1131 3107 1182 3152 et

175 3179 345 3227 facilis
405 3183 456 3227 et
502 3182 796 3227 communis
822 3217 830 3233 ,
886 3182 1183 3228 auctoritas

175 3259 323 3304 certa
363 3269 476 3315 quae
521 3270 624 3302 non
663 3259 837 3317 potest
876 3257 1062 3304 fallere
1089 3271 1184 3303 nec

177 3332 308 3379 falli.

238 3409 301 3466 (b)
347 3407 422 3454 Ad
473 3409 752 3455 secundam
808 3409 1072 3456 rationem
1127 3410 1186 3456 de

180 3484 443 3543 singulari
471 3521 482 3538 ,
529 3484 641 3530 dico
706 3486 840 3544 quod
909 3487 1051 3533 aliud
1106 3488 1188 3532 est

182 3559 610 3619 singularitatem
633 3574 748 3606 esse
784 3563 1096 3620 conceptam
1133 3564 1188 3607 ut

184 3636 446 3696 objectum
489 3635 572 3681 vel
606 3639 660 3683 ut
708 3638 914 3696 partem
980 3636 1187 3696 objecti,

1248 372 1388 419 aliud
1412 373 1490 419 est
1520 372 1951 432 singularitatem
1984 388 2099 422 esse
2130 388 2256 434 prae¬

1248 448 1355 494 cise
1395 447 1604 494 modum
1649 449 1973 509 concipiendi
2015 450 2124 497 sive
2164 451 2258 497 sub

1251 537 1349 584 quo
1373 524 1675 584 concipitur
1704 524 1982 585 objectum.

1309 601 1650 660 Exemplum,
1681 615 1800 647 cum
1845 602 1958 659 dico
1997 605 2172 659 plurale
2198 613 2257 648 est

1247 678 1493 733 singulare,
1527 676 1790 735 objectum
1824 681 2138 737 conceptum
2176 682 2258 728 est

1249 752 1498 807 pluralitas,
1547 752 1632 798 sed
1680 753 1860 799 modus
1914 754 2255 814 concipiendi,

1252 827 1299 872 id
1326 829 1421 880 est,
1457 829 1638 875 modus
1678 829 1772 875 sub
1806 843 1904 890 quo
1939 831 2256 890 concipitur,

1251 905 1331 952 est
1351 907 1653 963 singularitas.
1693 907 1772 953 Ita
1807 906 1858 952 in
1880 906 2260 954 intentionibus

1254 980 1490 1038 Logicis,
1533 995 1653 1027 cum
1694 981 1808 1028 dico
1857 982 2129 1041 singulare
2178 985 2259 1030 est

1254 1055 1587 1110 universale,
1643 1057 1776 1116 quod
1826 1057 2127 1116 concipitur
2180 1061 2259 1105 est

1252 1134 1552 1189 singularitas,
1596 1133 1682 1180 sed
1723 1135 1903 1181 modus
1932 1136 2260 1196 concipiendi

1256 1208 1348 1254 sub
1372 1222 1470 1267 quo
1499 1209 1799 1269 concipitur
1826 1212 1905 1258 est
1932 1214 2254 1266 universalitas,

1256 1284 1376 1343 quia
1415 1286 1547 1344 quod
1584 1285 1885 1345 concipitur
1930 1290 1986 1335 ut
2036 1290 2261 1350 concipi¬

1254 1363 1359 1413 tur,
1391 1361 1545 1409 habet
1567 1362 1974 1411 indifferentiam
2003 1365 2064 1412 ad
2091 1367 2261 1426 plura.

1258 1439 1337 1484 Ita
1360 1437 1473 1484 dico
1509 1439 1561 1484 in
1595 1440 1890 1499 proposito,
1928 1441 2060 1500 quod
2087 1456 2264 1489 essen¬

1253 1513 1330 1559 tia
1356 1513 1532 1561 divina
1578 1517 1752 1574 potest
1779 1516 1988 1576 concipi
2009 1519 2066 1564 ut
2091 1517 2263 1576 singu¬

1253 1589 1384 1635 laris
1409 1625 1419 1643 ,
1469 1590 1544 1637 ita
1601 1591 1735 1650 quod
1786 1592 2134 1651 singularitas
2193 1594 2261 1640 sit

1254 1668 1525 1724 concepta,
1556 1666 1638 1712 vel
1684 1668 1738 1712 ut
1777 1667 2039 1727 objectum
2081 1670 2164 1715 vel
2206 1673 2262 1717 ut

1255 1753 1379 1799 pars
1422 1741 1628 1802 objecti,
1669 1757 1763 1790 nec
1802 1747 1980 1791 tamen
2024 1747 2264 1804 sequitur

1255 1819 1390 1876 quod
1427 1819 1660 1866 essentia
1705 1820 1874 1879 possit
1918 1821 2166 1879 cognosci
2205 1825 2263 1869 ut

1256 1895 1562 1953 singularis,
1612 1897 1686 1943 ita
1733 1900 1866 1956 quod
1912 1900 2262 1958 singularitas

1257 1971 1325 2018 sit
1360 1972 1540 2018 modus
1580 1973 1920 2032 concipiendi.
1976 1977 2265 2034 Cognosce¬

1257 2061 1314 2093 re
1342 2047 1481 2094 enim
1516 2049 1590 2095 sic
1635 2050 1830 2110 aliquid
1870 2054 1925 2098 ut
1972 2051 2261 2111 singulare,

1254 2127 1335 2172 est
1378 2136 1703 2183 cognoscere
1744 2127 1869 2174 illud
1907 2137 1954 2172 ut
1985 2131 2078 2182 hoc,
2127 2129 2264 2176 sicut

1255 2201 1432 2247 album
1459 2201 1667 2249 videtur
1695 2211 1741 2246 ut
1775 2206 1876 2256 hoc;
1907 2206 1958 2251 et
1986 2203 2084 2251 hoc
2114 2205 2265 2250 modo

1256 2278 1336 2336 (ut
1379 2278 1688 2336 praedictum
1721 2280 1825 2337 est)
1865 2292 1969 2325 non
1996 2280 2267 2339 cognosci¬

1254 2355 1346 2400 tur
1394 2352 1627 2399 essentia
1677 2353 1853 2400 divina
1906 2355 1999 2400 sub
2057 2357 2267 2403 ratione

1257 2427 1561 2487 singularis,
1605 2430 1656 2474 et
1702 2428 1814 2474 ideo
1854 2428 1906 2475 in
1946 2435 2264 2488 argumento

1254 2506 1335 2551 est
1363 2503 1576 2551 fallacia
1602 2504 1788 2563 figurae
1828 2505 2091 2564 dictionis,
2126 2520 2268 2553 com¬

1257 2580 1507 2626 mutando
1527 2594 1639 2626 rem
1664 2581 1716 2627 in
1741 2581 1967 2627 modum.

1314 2656 1388 2701 Ad
1417 2656 1654 2702 rationes
1696 2657 2033 2717 principales.
2059 2659 2132 2706 Ad
2164 2660 2266 2719 pri-

1257 2744 1397 2777 mam
1424 2731 1537 2779 dico
1562 2733 1696 2792 quod
1718 2733 2004 2793 Apostolus
2029 2716 2267 2794 loquitur

1255 2807 1314 2852 de
1336 2806 1506 2860 idolis,
1539 2810 1589 2854 et
1629 2807 1742 2854 ideo
1765 2808 1823 2855 de
1864 2810 1977 2856 Diis
2005 2822 2269 2870 nuncupa¬

1256 2884 1379 2939 tive,
1406 2888 1457 2932 et
1486 2886 1656 2932 subdit
1689 2886 1758 2932 ibi
1780 2890 1794 2932 .-
1828 2890 1959 2932 Nobis
1991 2897 2134 2933 autem
2159 2904 2270 2932 unus

1257 2970 1316 3005 est
1337 2964 1463 3014 Deus,
1497 2962 1619 3021 quia
1657 2978 1801 3007 omnes
1840 2966 1908 3007 dii
1944 2966 2136 3022 gentium
2185 2966 2270 3008 dce-

1257 3039 1420 3082 monia.

1318 3113 1379 3172 (c)
1402 3113 1475 3159 Ad
1504 3115 1783 3161 secundam
1817 3116 1947 3169 dico,
1986 3118 2118 3175 quod
2154 3131 2270 3164 con-

1261 3191 1533 3246 sequentia
1572 3203 1675 3235 non
1726 3193 1865 3239 valet
1890 3228 1899 3244 ,
1936 3206 2058 3251 quia
2096 3207 2270 3249 nume-

1262 3277 1353 3310 rus
1387 3278 1491 3310 non
1511 3268 1593 3313 est
1621 3265 1744 3313 talis
1769 3268 1949 3313 modus
1974 3267 2270 3325 signiflcan-

1259 3340 1309 3387 di
1361 3342 1880 3398 grammaticaliter,
1934 3343 2114 3402 quales
2178 3343 2269 3390 alii

1264 3415 1401 3461 modi
1430 3417 1878 3474 grammaticales,
1935 3417 2021 3476 qui
2052 3419 2274 3478 praecise

1260 3491 1438 3538 dicunt
1501 3493 1710 3538 modum
1768 3493 2096 3552 concipiendi
2161 3509 2275 3560 rem

1263 3567 1456 3623 absque
1482 3568 1656 3624 aliquo
1680 3569 1812 3614 reali
1840 3571 2274 3626 correspondenti

1266 3643 1360 3690 tali
1395 3643 1546 3690 modo
1586 3644 1936 3703 concipiendi;
1972 3658 2065 3692 nec
2099 3646 2276 3694 dicunt
