2653 3979
316 434 323 441 ,
357 392 552 452 aliquid
578 392 628 437 in
660 405 715 437 re
745 404 774 436 a
821 404 918 449 quo
962 389 1163 436 moveri
1194 389 1360 448 possit

358 468 655 515 intellectus
684 467 744 512 ad
778 465 936 511 talem
963 465 1170 510 modum
1193 464 1363 510 conci¬

358 543 598 602 piendum
636 559 645 586 :
693 542 779 587 sed
816 541 1083 586 Numerus
1126 552 1252 585 vere
1292 539 1364 584 in¬

356 619 518 666 cludit
553 631 664 664 rem
706 617 1032 663 substratam
1059 652 1067 667 ,
1111 616 1240 661 unde
1291 628 1365 660 se¬

359 692 539 752 quitur
562 695 570 736 :
608 694 802 736 homines
840 698 1022 734 currunt
1047 705 1056 741 ;
1082 705 1182 746 ergo
1218 691 1367 746 plures

355 771 549 813 homines
585 776 783 819 currunt,
809 766 896 812 sed
936 778 1039 812 non
1067 768 1148 811 est
1200 764 1275 810 sic
1307 764 1366 810 de

356 845 475 890 aliis
504 842 973 902 consignificativis
1004 840 1246 887 Nominis
1285 840 1368 886 vel

354 920 529 972 Verbi,
556 919 678 979 quia
712 930 815 964 non
851 916 1092 976 sequitur
1117 919 1124 959 :
1160 919 1272 959 Deus
1310 923 1369 958 est

355 998 526 1052 generis
558 995 804 1046 masculini,
829 1008 930 1050 ergo
969 994 1083 1035 Deus
1120 1000 1179 1034 est
1204 1005 1370 1034 mascu¬

359 1072 439 1123 lus,
501 1070 621 1130 quia
650 1069 710 1115 ad
741 1066 1191 1114 masculinitatem
1232 1064 1369 1110 suffi¬

359 1146 432 1193 cit
454 1145 650 1205 aliquid
684 1144 735 1190 in
764 1157 836 1195 re,
869 1156 898 1188 a
922 1155 1022 1202 quo
1059 1142 1158 1189 iste
1188 1141 1369 1187 modus

359 1220 686 1281 concipiendi
749 1218 916 1278 possit
979 1217 1179 1277 accipi,
1243 1219 1371 1275 puta

359 1297 625 1345 activitas.

414 1375 545 1421 Dico
594 1372 776 1432 igitur,
844 1371 978 1430 quod
1028 1370 1152 1416 illud
1199 1369 1370 1428 subje¬

358 1451 500 1498 ctum
564 1450 632 1493 dii
648 1484 658 1501 ,
702 1450 1016 1506 conceptum
1066 1446 1159 1491 sub
1218 1445 1368 1491 modo

359 1525 552 1585 plurali
600 1522 817 1570 includit
870 1520 1365 1571 contradictionem,

358 1602 479 1661 quia
520 1600 700 1648 modus
741 1597 1071 1657 concipiendi
1106 1599 1368 1655 repugnat

357 1680 405 1724 ei
428 1678 560 1737 quod
582 1673 882 1734 concipitur
905 1673 998 1719 sub
1027 1672 1195 1718 modo.
1240 1673 1368 1718 Cum

358 1753 524 1811 igitur
546 1751 804 1812 probatur
826 1746 1219 1807 consequentia,
1245 1746 1369 1805 quia

358 1829 490 1875 idem
513 1826 731 1874 includit
760 1825 1033 1884 singulare
1060 1825 1112 1870 et
1142 1822 1364 1882 plurale,

355 1904 468 1951 dico
504 1903 638 1963 quod
679 1901 951 1960 singulare
995 1898 1211 1945 includit
1240 1897 1368 1943 illud

356 1980 450 2025 sub
485 1979 637 2025 modo
674 1975 1003 2035 concipiendi
1032 1973 1367 2021 convenienti

355 2055 456 2114 ipsi
477 2055 749 2112 concepto,
788 2052 874 2097 sed
911 2050 1115 2110 plurale
1145 2049 1365 2096 includit

354 2131 480 2177 illud
510 2129 602 2176 sub
640 2128 790 2174 modo
837 2123 1258 2184 incompossibili
1288 2124 1364 2170 illi

353 2208 608 2265 concepto
632 2241 642 2256 ,
684 2206 735 2251 et
774 2202 886 2249 ideo
932 2201 1059 2247 illud
1093 2200 1364 2259 singulare

354 2281 573 2328 includit
614 2279 879 2326 rationem
912 2276 1064 2336 quasi
1097 2276 1150 2321 in
1184 2290 1238 2323 se
1282 2290 1362 2322 ve¬

357 2371 489 2410 ram,
524 2358 683 2416 prout
715 2353 933 2401 includit
972 2355 1284 2411 conceptum
1312 2355 1364 2400 et

356 2435 565 2480 modum
587 2429 935 2490 concipiendi;
958 2428 1163 2488 plurale
1185 2430 1361 2475 autem

356 2511 512 2570 prout
559 2506 776 2554 includit
821 2505 934 2557 illa,
978 2503 1196 2550 includit
1238 2503 1363 2549 rati¬

354 2599 506 2633 onem
541 2583 690 2643 quasi
720 2582 771 2628 in
819 2595 872 2627 se
918 2581 1125 2633 falsam,
1168 2583 1219 2627 et
1249 2579 1360 2626 ideo

349 2673 453 2706 non
483 2657 729 2717 sequitur
764 2655 898 2715 quod
928 2654 1135 2714 plurale
1172 2654 1241 2701 sit
1279 2668 1360 2699 ve¬

351 2749 471 2782 rum
535 2735 595 2781 de
647 2731 846 2792 plurali
900 2731 1036 2778 sicut
1088 2730 1362 2789 singulare

350 2811 408 2858 de
432 2809 709 2869 singulari,
739 2806 860 2867 quia
898 2807 957 2852 de
991 2818 1051 2852 eo
1089 2805 1239 2864 cujus
1282 2818 1359 2850 ra¬

351 2886 426 2935 tio
456 2888 536 2932 est
564 2884 616 2930 in
640 2898 694 2930 se
716 2883 867 2935 falsa,
897 2880 1030 2926 nihil
1052 2883 1131 2926 est
1153 2893 1354 2927 verum.

409 2962 510 3007 Per
535 2960 669 3008 idem
691 2961 836 3018 patet
859 2958 920 3003 ad
943 2956 1105 3003 aliam
1130 2955 1358 3015 probati¬

352 3050 504 3084 onem
534 3049 634 3095 quo
667 3033 839 3092 majus
868 3031 1100 3090 cogitari
1131 3044 1235 3077 non
1270 3044 1358 3089 po¬

348 3114 469 3166 test,
500 3110 620 3171 quia
647 3123 751 3156 non
787 3111 907 3155 sunt
942 3107 1010 3154 dii
1044 3106 1356 3166 cogitabiles

349 3187 461 3234 sine
500 3182 921 3232 contradictione
946 3219 954 3234 ,
999 3182 1121 3241 quia
1174 3181 1355 3227 modus

349 3263 610 3322 repugnat
669 3258 745 3304 rei
801 3259 1087 3317 conceptae,
1140 3259 1192 3304 et
1242 3255 1354 3302 ideo

347 3339 522 3398 major
567 3338 649 3383 est
677 3334 961 3393 glossanda
1007 3333 1143 3380 sicut
1205 3333 1354 3392 prius

342 3415 395 3460 in
423 3412 714 3473 quaestione
747 3408 1089 3470 praecedenti;
1122 3410 1183 3455 ad
1221 3408 1356 3455 veri¬

339 3493 507 3537 tatem
537 3491 714 3535 autem
762 3485 1146 3545 propositionis
1188 3486 1354 3543 requi¬

341 3566 497 3618 ritur,
527 3564 660 3624 quod
683 3562 823 3609 ratio
859 3560 1082 3620 subjecti
1105 3560 1172 3607 sit
1212 3560 1263 3606 in
1298 3574 1351 3606 se

340 3655 468 3692 vera
506 3644 557 3688 et
583 3653 688 3686 non
733 3637 964 3685 includat
1009 3637 1348 3684 contradicti¬

1440 401 1606 442 onem,
1639 389 1773 436 sicut
1796 389 1990 436 dictum
2028 391 2109 435 est
2149 388 2198 434 in
2240 387 2446 448 quaesti¬

1439 477 1534 510 one
1563 465 1786 511 secunda
1809 464 1962 523 hujus
1984 464 2357 511 distinctionis.

1496 541 1569 586 Ad
1617 542 1839 587 tertium
1882 540 2026 593 dico,
2081 541 2214 598 quod
2271 540 2445 597 major

1440 618 1737 674 propositio
1761 627 1865 660 non
1898 617 1978 661 est
2025 627 2213 673 prima,
2252 615 2337 660 sed
2366 629 2446 660 re-

1439 689 1649 736 ducitur
1677 690 1737 735 ad
1766 690 1924 737 istam
1950 692 1958 733 :
1988 692 2119 733 Omne
2147 692 2448 747 imperfectum

1438 765 1664 809 reducitur
1681 767 1740 808 ad
1762 767 2016 822 perfectum,
2059 766 2112 811 et
2152 764 2275 823 quia
2298 760 2450 810 omne

1441 851 1532 884 ens
1557 853 1648 899 per
1672 840 2138 900 participationem
2160 843 2240 887 est
2267 840 2453 899 imper¬

1443 913 1637 962 fectum
1663 953 1671 968 ,
1720 920 1771 964 et
1816 919 2023 964 tantum
2071 916 2195 963 illud
2243 929 2334 962 ens
2374 918 2455 962 est

1445 988 1739 1049 perfectum
1768 992 1901 1051 quod
1934 995 2014 1038 est
2041 1005 2132 1038 ens
2162 1005 2256 1052 per
2283 1004 2455 1037 essen¬

1445 1067 1590 1119 tiam,
1618 1067 1731 1114 ideo
1760 1068 2001 1127 sequitur
2035 1068 2332 1127 propositio
2366 1066 2457 1112 illa

1447 1141 1621 1200 major
1641 1143 1699 1189 de
1728 1142 2162 1201 participatione.

1503 1217 1626 1264 Haec
1649 1220 1827 1265 autem
1851 1217 2026 1276 major
2045 1219 2104 1265 de
2121 1216 2453 1276 imperfecto,

2364 1294 2457 1340 im¬
1446 1292 1520 1339 sic
1558 1293 1712 1340 habet
1744 1294 1990 1353 intelligi,
2023 1293 2218 1353 aliquid
2244 1296 2325 1340 est

1446 1369 1738 1427 perfectum
1767 1369 2050 1416 secundum
2075 1369 2455 1429 perfectionem

1446 1444 1779 1504 simpliciter,
1831 1459 1944 1504 quae
1994 1449 2099 1491 noii
2145 1444 2452 1491 necessario

1444 1520 1598 1568 habet
1665 1520 2123 1580 imperfectionem
2192 1520 2454 1567 concomi¬

1443 1598 1662 1647 tantem,
1706 1597 1828 1655 quia
1883 1609 1987 1643 non
2034 1596 2252 1643 includit
2297 1596 2348 1641 in
2399 1609 2453 1642 se

1444 1673 1835 1726 limitationem,
1870 1675 1928 1720 ut
1955 1675 2032 1717 hoc
2070 1674 2238 1725 bonum,
2272 1675 2349 1716 hoc
2380 1688 2452 1716 ve¬

1440 1764 1552 1801 rum,
1589 1752 1667 1793 hoc
1699 1765 1786 1800 ens,
1836 1751 1887 1794 et
1932 1747 2234 1807 hujusmodi
2263 1747 2452 1806 imper¬

1441 1825 1638 1871 fectum
1701 1824 1973 1871 reducitur
2036 1824 2095 1870 ad
2157 1823 2451 1882 perfectum

1441 1901 1672 1960 ejusdem
1722 1900 1966 1953 rationis,
2016 1899 2220 1947 scilicet
2276 1902 2448 1952 bonum,

1440 1992 1527 2029 ens,
1569 1991 1734 2027 verum,
1789 1987 1901 2035 quae
1954 1975 2251 2035 important
2286 1973 2451 2034 perfe¬

1439 2052 1642 2098 ctiones
1666 2049 1997 2110 simpliciter.
2040 2049 2249 2108 Aliquid
2275 2049 2451 2095 autem

1439 2130 1519 2176 est
1560 2126 1930 2187 imperfectum
1966 2126 2248 2173 secundum
2280 2124 2449 2185 perfe-

1437 2203 1665 2250 ctionem
1709 2216 1813 2248 non
1855 2201 2199 2257 simpliciter,
2243 2200 2329 2246 sed
2375 2214 2447 2246 se-

1437 2280 1660 2325 eundum
1691 2278 2072 2337 perfectionem
2107 2290 2220 2335 quae
2259 2276 2318 2322 de
2364 2289 2446 2322 ra-

1438 2354 1581 2401 tione
1610 2354 1692 2400 sui
1726 2353 1941 2400 includit
1970 2352 2364 2403 limitationem,
2395 2334 2446 2399 et

1437 2429 1548 2476 ideo
1593 2430 1896 2476 necessario
1928 2428 2079 2476 habet
2123 2426 2446 2487 imperfecti-

1439 2519 1591 2552 onem
1618 2518 1895 2557 annexam,
1943 2507 1999 2550 ut
2038 2507 2109 2548 hic
2133 2507 2258 2547 homo
2290 2505 2343 2549 et
2376 2505 2447 2546 hic

1435 2584 1614 2633 asinus;
1666 2581 1800 2639 quod
1844 2578 2011 2638 igitur
2074 2577 2445 2639 imperfectum

1435 2660 1516 2704 est
1545 2657 1717 2716 primo
1743 2656 1909 2707 modo,
1942 2654 2215 2701 reducitur
2241 2655 2302 2700 ad
2330 2666 2446 2713 per-

1436 2733 1632 2780 fectum
1661 2730 1980 2788 simpliciter
2007 2730 2290 2776 secundum
2327 2739 2443 2785 per-

1432 2809 1715 2856 fectionem
1743 2807 1886 2853 illius
1910 2805 2152 2858 rationis,
2191 2805 2312 2864 quia
2345 2804 2441 2850 ali-

1433 2880 1552 2939 quid
1615 2879 1895 2924 secundum
1957 2875 2104 2921 illam
2173 2861 2437 2921 rationem

2456 2931 2462 2973 ahqu
1419 2956 1609 3014 ■potest
1630 2967 1746 2999 esse
1765 2951 2083 3011 simpliciter
2114 2950 2404 3009 perfectum
2427 2942 2435 3002 ;

2460 3015 2463 3043 ul
1433 3030 1567 3090 quod
1603 3031 1780 3075 autem
1821 3029 1898 3073 est
1940 3025 2310 3085 imperfectum
2363 3023 2440 3071 se-

1431 3106 1596 3152 eundo
1620 3104 1789 3157 modo,
1813 3115 1918 3149 non
1953 3101 2223 3148 reducitur
2261 3100 2323 3147 ad
2351 3101 2442 3147 ali-

1433 3181 1552 3236 quid
1588 3179 1879 3235 perfectum
1902 3176 2220 3233 simpliciter
2266 3189 2445 3222 secun-

1430 3258 1551 3305 dum
1594 3254 1974 3316 perfectionem
2002 3253 2235 3313 ejusdem
2282 3251 2445 3298 ratio-

1429 3332 1528 3384 nis,
1580 3332 1784 3378 scilicet
1824 3330 1885 3376 ad
1933 3329 2197 3376 rationem
2250 3327 2447 3387 specifl-

1430 3421 1562 3461 cain,
1613 3420 1734 3467 quia
1767 3418 1907 3452 enim
1948 3408 2052 3451 ista
2093 3406 2449 3463 imperfectio-

1427 3497 1548 3530 nem
1578 3481 1812 3534 includit,
1840 3481 1952 3528 ideo
1983 3479 2267 3526 secundum
2297 3477 2447 3524 illam

1426 3573 1531 3606 non
1564 3561 1741 3618 potest
1779 3571 1895 3604 esse
1923 3556 2118 3616 aliquid
2148 3553 2443 3614 perfectum

1426 3636 1747 3696 simpliciter
1783 3637 2005 3694 propter
2043 3631 2438 3681 limitationem,
