2711 3950
200 252 286 299 sed
322 253 590 302 reducitur
612 257 672 302 ad
694 257 888 312 aliquid
912 256 1203 315 perfectum

199 328 530 388 simpliciter,
555 332 879 392 aequivocum
909 332 1204 379 eminenter

198 403 463 451 includens
512 406 658 453 illam
712 407 1106 466 perfectionem,
1153 409 1204 453 et

196 480 307 526 ideo
330 480 520 528 bonum
546 482 914 542 imperfectum
936 483 1203 529 reducitur

195 555 254 601 ad
286 556 577 615 perfectum
606 558 796 603 bonum
827 573 834 609 ;
861 558 946 604 sed
971 557 1044 603 sic
1066 557 1201 618 lapis

196 632 282 689 qui
310 636 390 680 est
418 632 758 693 imperfectus
787 647 890 680 non
933 634 1202 680 reducitur

194 707 255 753 ad
278 708 501 768 lapidem
538 710 830 769 perfectum
865 709 1198 770 simpliciter,

199 785 285 830 sed
324 785 384 831 ad
419 799 682 832 summum
731 799 821 832 ens
867 788 919 832 et
965 787 1025 832 ad
1065 800 1201 832 sum¬

199 873 339 906 mum
367 862 586 912 bonum,
631 875 742 921 quae
792 862 1062 908 includunt
1099 863 1201 909 Vir¬

194 937 304 982 tual
314 937 416 984 iter
454 937 599 983 illam
635 937 1031 997 perfectionem.

251 1013 312 1070 (d)
359 1013 431 1059 Ad
488 1013 732 1059 ultimum
789 1013 984 1060 dicitur
1013 1050 1021 1066 ,
1070 1013 1200 1072 quod

192 1088 342 1146 plura
382 1088 517 1134 bona
579 1088 729 1136 finita
793 1091 913 1135 sunt
976 1087 1200 1134 meliora

192 1163 530 1222 paucioribus
560 1165 707 1210 bonis
749 1164 931 1216 finitis,
963 1177 1065 1209 non
1114 1176 1199 1209 au¬

189 1241 294 1285 tem
316 1240 469 1299 plura
498 1240 631 1286 bona
659 1240 881 1287 infinita.

251 1317 312 1374 (e)
339 1316 432 1362 Sed
480 1314 577 1362 hoc
609 1329 712 1361 non
745 1315 950 1362 videtur
987 1328 1199 1374 respon¬

192 1392 313 1438 dere
359 1392 418 1437 ad
452 1393 842 1450 argumentum,
892 1390 1012 1450 quia
1060 1404 1198 1449 quae¬

192 1480 413 1527 cumque
442 1467 486 1513 si
508 1469 683 1514 essent
712 1467 935 1512 meliora
957 1466 1199 1513 videntur

192 1544 426 1604 ponenda
454 1544 507 1589 in
534 1544 739 1590 entibus
782 1557 912 1596 esse,
944 1546 996 1590 et
1029 1543 1198 1589 maxi¬

191 1633 271 1665 me
307 1619 358 1664 in
385 1620 504 1665 ente
548 1631 812 1678 supremo,
839 1619 972 1677 quod
1008 1621 1088 1664 est
1116 1631 1198 1664 ne-

188 1709 333 1742 cesse
366 1709 496 1748 esse,
530 1695 649 1754 quia
688 1694 758 1740 ibi
800 1693 1045 1753 quidquid
1085 1707 1197 1753 pos¬

193 1773 270 1818 set
317 1785 432 1817 esse
476 1771 687 1822 bonum,
736 1772 841 1823 est,
889 1773 940 1817 et
985 1783 1198 1816 necesse

188 1852 268 1896 est
295 1848 364 1895 ibi
393 1862 524 1902 esse,
568 1847 654 1894 sed
687 1847 842 1906 plura
864 1848 1000 1894 bona
1030 1848 1196 1894 infini¬

189 1928 244 1972 ta
285 1925 330 1971 si
356 1926 531 1970 essent
566 1923 819 1975 meliora;
857 1923 1068 1970 videtur
1101 1924 1196 1983 igi¬

190 2005 279 2048 tur
318 2002 451 2060 quod
483 2000 636 2059 plura
667 1999 801 2045 bona
830 1999 1035 2046 infinita
1075 2003 1196 2047 sunt

191 2078 425 2138 ponenda
457 2077 509 2122 in
536 2078 731 2123 natura
765 2076 956 2121 summi
985 2076 1122 2122 boni.

248 2153 320 2199 Ad
346 2152 484 2198 istud
530 2152 818 2210 respondeo
844 2167 853 2194 :
891 2152 1034 2204 Quod
1076 2166 1193 2198 cum

185 2230 380 2278 dicitur
419 2230 470 2276 in
506 2229 722 2289 majori,
762 2229 853 2274 illa
886 2243 996 2288 quae
1032 2229 1074 2275 si
1119 2244 1195 2275 es¬

186 2310 317 2358 sent,
348 2308 524 2352 essent
547 2304 785 2356 meliora,
815 2307 936 2351 sunt
958 2306 1194 2364 ponenda

185 2384 270 2434 ibi,
301 2383 414 2430 dico
450 2382 583 2441 quod
615 2384 704 2427 aut
734 2395 828 2441 per
853 2382 909 2440 ly
937 2384 990 2434 si,
1024 2382 1192 2441 impli¬

185 2462 337 2507 catur
371 2457 566 2518 positio
595 2456 927 2517 possibilium
975 2460 1066 2504 aut
1106 2471 1192 2516 po¬

187 2534 309 2582 sitio
351 2531 875 2592 incompossibilium.
920 2531 972 2578 Si
1017 2532 1189 2591 primo

189 2611 356 2662 modo,
388 2609 500 2656 dico
545 2609 677 2668 quod
729 2607 904 2666 major
947 2610 1026 2654 est
1065 2621 1192 2655 vera

188 2691 237 2733 et
292 2686 465 2732 minor
514 2684 675 2736 falsa,
724 2683 845 2742 quia
896 2683 1189 2742 implicatio

187 2763 278 2810 illa
300 2763 351 2809 in
375 2760 571 2808 minori
593 2773 698 2805 non
723 2762 803 2806 est
831 2759 1185 2818 possibilium,

184 2840 269 2886 sed
297 2835 825 2896 incompossibilium.
853 2835 905 2882 Si
939 2838 1114 2882 autem
1136 2836 1190 2894 ly

179 2919 220 2959 si
248 2914 484 2974 implicet
529 2912 848 2972 positionem
896 2911 1187 2970 incompos¬

181 2991 428 3041 sibilium,
456 2989 631 3035 minor
664 2990 744 3034 est
776 3000 904 3033 vera
939 2990 989 3034 et
1013 2989 1188 3049 major

179 3069 331 3119 falsa,
363 3079 475 3126 quae
503 3065 640 3111 enim
674 3077 779 3109 non
823 3066 1000 3111 essent
1045 3066 1186 3111 meli¬

181 3157 276 3190 ora
324 3142 427 3188 nisi
455 3155 518 3187 ex
547 3139 812 3199 positione
841 3139 1188 3199 incompossi¬

179 3218 361 3264 bilium
386 3253 393 3267 ,
442 3229 544 3261 non
606 3216 783 3260 essent
824 3214 1048 3260 meliora
1092 3229 1186 3262 nec

182 3293 343 3340 etiam
381 3293 500 3337 sunt
531 3291 690 3341 bona,
727 3290 864 3336 sicut
892 3289 1018 3335 illud
1056 3292 1186 3349 quod

181 3383 285 3416 non
319 3370 399 3415 est
434 3367 536 3413 nisi
581 3379 645 3412 ex
684 3365 950 3424 positione
994 3367 1188 3413 incom¬

184 3442 517 3504 possibilium
546 3442 758 3486 omnino
793 3452 897 3485 non
925 3443 1020 3492 est,
1053 3441 1188 3488 sicut

184 3533 278 3567 nec
308 3518 432 3565 illud
472 3518 550 3563 est
580 3529 609 3562 a
644 3529 742 3576 quo
767 3514 894 3562 illud
921 3515 1186 3575 dependet.

1577 261 1988 306 COMMENTARIUS.

1328 417 1385 471 (a)
1412 421 1475 460 Ad
1500 421 1579 460 illa
1599 432 1689 471 quas
1725 425 1818 461 sunt
1851 433 1930 472 pro
1963 423 2053 462 alia
2090 425 2283 474 opinione

1275 497 1504 544 respondeo
1526 499 1583 537 ad
1601 499 1895 537 auctoritatem
1915 499 2052 538 Rabbi
2080 500 2226 548 Moysi.

1329 571 1400 611 Hic
1443 573 1602 612 Doctor
1654 574 1891 624 respondet
1937 574 1990 614 ad
2028 570 2282 626 argumenta

1275 645 1385 686 facta
1409 659 1483 696 pro
1513 648 1712 699 opinione
1751 650 1947 689 Gulielmi
1973 651 2171 690 Varronis
2202 662 2281 701 po¬

1275 723 1352 762 sita
1389 733 1517 773 supra
1536 754 1546 771 ,
1570 726 1611 763 et
1629 726 1852 774 responsio
1894 724 1948 764 ad
1985 726 2282 766 auctoritatem

1277 797 1388 837 clara
1411 802 1473 838 est
1492 798 1534 838 in
1553 799 1707 839 littera.

1328 871 1387 924 (b)
1406 875 1467 912 Ad
1493 878 1719 915 secundam
1737 878 1945 914 rationem
1973 878 2024 915 de
2052 876 2278 925 singulari,

1274 949 1351 987 Pro
1375 951 1642 999 expositione
1673 951 1800 1003 hujus
1837 951 2006 996 litterae,
2033 955 2136 991 nota
2166 952 2282 1003 quod

1273 1025 1490 1074 singulare
1526 1028 1670 1075 potest
1698 1026 1917 1076 tripliciter
1954 1026 2099 1078 accipi.
2144 1024 2280 1068 Primo

1273 1104 1320 1139 ut
1360 1104 1424 1140 est
1459 1101 1650 1140 secunda
1682 1102 1877 1150 intentio,
1916 1102 2076 1142 scilicet
2121 1105 2169 1142 ut
2216 1106 2281 1142 est

1275 1176 1469 1227 quaedam
1518 1176 1840 1226 praedicabilitas
1879 1180 2043 1216 tantum
2094 1177 2147 1218 de
2194 1190 2281 1218 uno

1273 1251 1386 1300 solo,
1435 1251 1522 1291 sive
1560 1255 1608 1290 ut
1646 1254 1710 1291 est
1746 1263 1830 1291 una
1875 1252 2068 1291 secunda
2104 1254 2282 1294 intentio

1273 1329 1369 1366 nnta
1393 1329 1556 1366 tantum
1585 1327 1788 1377 applicari
1827 1327 1950 1367 alicui
1991 1328 2043 1367 de
2075 1339 2122 1368 se
2169 1330 2278 1378 ipso,

1271 1407 1437 1443 tantum
1466 1406 1643 1452 potente
1678 1403 1918 1453 praedicari.
1967 1404 2165 1444 Secundo
2206 1416 2280 1453 pro

1270 1479 1549 1520 fundamento
1613 1480 1706 1519 talis
1771 1479 1970 1519 secundae
2015 1480 2279 1529 intentionis,

1271 1560 1375 1608 puta
1411 1568 1487 1607 pro
1526 1557 1763 1596 Francisco.
1811 1558 1967 1603 Tertio,
2003 1568 2078 1606 pro
2115 1558 2279 1598 ratione

1271 1631 1520 1672 individuali
1552 1630 1878 1671 determinativa
1918 1635 2078 1672 naturae
2115 1633 2170 1672 ad
2198 1634 2280 1673 sin¬

1272 1709 1559 1760 gularitatem,
1593 1718 1684 1757 quae
1714 1711 1779 1747 est
1799 1707 1975 1758 quidam
2006 1711 2126 1748 actus
2147 1709 2281 1749 adve¬

1271 1786 1394 1825 niens
1439 1787 1602 1824 naturae
1632 1782 1793 1822 faciens
1820 1783 1959 1833 ipsam
2001 1794 2096 1823 esse
2136 1785 2280 1836 singu¬

1269 1861 1417 1906 larem,
1444 1859 1497 1898 de
1528 1869 1612 1909 qua
1633 1858 1927 1909 singularitate
1949 1859 2114 1908 patebit
2139 1860 2183 1899 in
2202 1861 2280 1900 isto

1264 1937 1409 1987 primo
1416 1935 1425 1983 ,
1448 1935 1542 1975 dist.
1565 1936 1725 1984 quinta,
1748 1935 1916 1984 quaestio
1937 1937 2132 1984 secunda,
2156 1940 2192 1975 et
2212 1937 2277 1977 26.

1271 2014 1364 2051 dist.
1399 2010 1477 2050 sed
1499 2009 1651 2049 clarius
1691 2012 1733 2049 et
1770 2010 1972 2060 prolixius
2003 2011 2048 2050 in
2083 2015 2261 2052 secundo
2267 2042 2277 2060 ,

1269 2090 1362 2128 dist.
1395 2088 1433 2126 3.
1454 2088 1572 2126 Tunc
1600 2086 1711 2134 dico,
1745 2087 1862 2137 quod
1892 2087 2110 2138 singulare
2142 2090 2276 2139 primo

1267 2165 1395 2205 modo
1417 2165 1652 2214 sumptum,
1683 2163 1847 2203 scilicet
1884 2174 1960 2212 pro
1996 2164 2187 2205 secunda
2208 2166 2275 2206 in¬

1269 2242 1461 2281 tentione
1481 2241 1623 2289 potest
1650 2238 1694 2277 in
1723 2248 1769 2277 se
1793 2239 1973 2288 concipi,
1998 2243 2040 2278 et
2073 2243 2174 2280 tunc
2212 2245 2277 2281 est

1268 2317 1482 2368 objectum
1502 2316 1773 2364 conceptum,
1796 2317 1937 2364 potest
1969 2316 2098 2355 etiam
2131 2318 2273 2357 conci¬

1265 2395 1309 2444 pi
1328 2393 1406 2432 sub
1428 2391 1558 2431 modo
1572 2389 1815 2438 universali,
1848 2392 1896 2429 ut
1917 2390 2101 2433 dicendo
2130 2394 2276 2443 singu¬

1266 2472 1358 2510 lare
1395 2471 1452 2508 est
1483 2467 1732 2507 universale.
1768 2467 1872 2506 Nam
1912 2467 1994 2507 hoc
2024 2469 2139 2518 quod
2179 2469 2272 2523 dico

2287 2531 2288 2574 prffid
1264 2543 1484 2596 praedicari
1506 2543 1559 2582 de
1580 2554 1666 2582 uno
1689 2543 1779 2582 solo
1801 2545 1981 2589 tantum,
2006 2547 2071 2582 est
2091 2554 2276 2584 commu-

1264 2633 1320 2662 ne
1340 2621 1395 2660 ad
1414 2620 1496 2659 hoc
1511 2618 1730 2669 praedicari
1751 2617 1803 2658 de
1824 2629 1910 2658 uno
1932 2620 2040 2666 solo,
2063 2623 2106 2660 et
2121 2620 2172 2659 ad
2194 2621 2275 2661 hoc

1264 2695 1488 2746 praedicari
1536 2694 1589 2733 de
1627 2705 1713 2733 uno
1753 2695 1862 2742 solo,
1895 2697 1938 2734 et
1975 2695 2034 2734 sic
2074 2695 2126 2735 de
2166 2697 2272 2737 aliis,

1262 2770 1487 2810 Praedicari
1503 2773 1647 2809 autem
1676 2767 1974 2818 praedicatione
1991 2770 2155 2820 signata
2195 2777 2273 2821 per

2285 2861 2288 2890 et
1262 2859 1308 2887 se
1331 2846 1533 2896 competit
1552 2844 1754 2884 secundis
1779 2845 2102 2892 intentionibus,
2125 2849 2168 2886 et
2192 2859 2270 2897 per

1262 2923 1464 2962 accidens
1497 2922 1641 2972 primis
1673 2921 1995 2969 intentionibus,
2026 2925 2073 2961 ut
2110 2927 2227 2973 patet
2246 2936 2268 2964 a

2285 2981 2288 3012 G
1259 3001 1444 3038 Doctore
1473 2999 1517 3037 in
1567 2997 1653 3036 suis
1699 2996 2035 3045 universalibus;
2095 3003 2136 3038 et
2183 2981 2261 3039 isto

2276 3061 2288 3102 pul
1258 3073 1386 3114 modo
1417 3074 1474 3114 ibi
1495 3073 1714 3124 objectum
1745 3076 2002 3122 conceptum
2025 3078 2089 3114 est
2117 3071 2261 3127 singu-

1258 3151 1365 3197 lare,
1404 3148 1481 3188 sed
1515 3148 1670 3187 modus
1700 3148 1967 3198 concipiendi
2001 3153 2065 3189 est
2106 3152 2274 3192 univer¬

1261 3224 1366 3271 sale,
1389 3224 1486 3274 quia
1508 3224 1586 3262 sub
1608 3222 1738 3262 modo
1759 3224 1990 3263 universali
2017 3226 2268 3276 concipitur.

1261 3300 1301 3339 Si
1338 3310 1439 3339 vero
1480 3299 1699 3348 singulare
1730 3299 1863 3348 primo
1898 3299 2027 3338 modo
2056 3306 2272 3352 sumptum

1261 3375 1493 3425 accipiatur
1528 3375 1654 3414 simul
1697 3385 1790 3413 cum
1831 3373 2129 3425 fundamento,
2170 3381 2269 3427 puta

1262 3462 1359 3489 cum
1379 3451 1618 3498 Francisco,
1640 3454 1742 3489 tunc
1772 3453 1907 3489 totum
1925 3451 2141 3501 objectum
2173 3463 2271 3493 con¬

1266 3529 1439 3576 ceptum
1470 3529 1534 3566 est
1568 3526 1814 3566 Franciscus
1848 3537 1943 3566 cum
1976 3526 2270 3579 singularitate
