2711 3950
259 304 430 355 quando
461 308 517 344 est
540 315 674 344 unum
696 308 859 344 tantum
879 298 1118 346 secundum
1139 298 1256 346 quid,

251 385 298 420 ut
352 380 479 419 homo
518 380 561 419 in
598 392 681 420 esse
719 380 940 423 diminuto,
986 375 1055 415 vel
1095 374 1139 412 in
1171 384 1254 412 esse

250 456 421 507 cognito
454 457 523 495 vel
560 456 747 505 opinato.
788 451 984 495 Secundo
1024 448 1253 500 requiritur

249 529 365 581 quod
401 531 471 570 illa
503 531 585 570 duo
626 541 718 582 quae
754 533 854 569 sunt
874 526 1027 567 eadem
1047 527 1090 565 in
1112 523 1249 571 tertio,

244 609 329 648 sint
357 609 605 659 simpliciter
644 608 797 648 eadem
825 605 883 646 illi
913 607 956 644 et
984 613 1069 642 non
1099 612 1249 641 secun¬

247 682 348 734 dum
378 685 491 733 quid.
532 683 778 734 Exemplum
816 683 868 722 de
917 679 1164 729 simpliciter
1170 707 1179 724 ,
1217 677 1252 716 si

248 758 494 798 Franciscus
534 770 628 799 esse
667 770 817 805 unum,
867 756 954 796 sive
993 753 1111 795 idem
1148 753 1247 792 sim¬

247 835 412 884 pliciter
448 847 545 875 cum
579 837 658 875 hac
709 838 859 874 natura
908 833 1112 877 humana,
1152 831 1251 868 actu

249 908 458 962 existente
516 910 528 962 (
533 912 645 951 idem
694 910 804 957 dico,
853 906 1137 949 essentialiter
1183 904 1248 944 vel

247 985 435 1037 realiter)
475 988 516 1025 et
551 986 742 1025 similiter
781 987 966 1026 Joannes
1004 982 1084 1020 hoc
1120 980 1248 1020 modo

248 1065 361 1101 esset
396 1061 525 1110 idem,
561 1066 661 1102 tunc
698 1062 810 1101 inter
855 1070 901 1099 se
941 1060 1085 1098 essent
1134 1055 1250 1095 idem

246 1137 530 1177 essentialiter
558 1142 600 1177 et
627 1138 867 1177 secundum
888 1146 971 1174 esse
1003 1132 1246 1173 existentiae.

243 1213 443 1254 Similiter
479 1214 515 1252 si
543 1216 690 1253 essent
726 1212 838 1252 idem
884 1209 1040 1250 homini
1079 1208 1123 1247 in
1167 1219 1251 1247 esse

247 1292 352 1332 reali
399 1294 442 1330 et
479 1291 774 1342 quidditativo,
816 1291 961 1329 essent
1008 1286 1251 1337 simpliciter

244 1367 361 1408 idem
389 1369 499 1406 inter
541 1378 602 1406 se.
636 1364 888 1416 Exemplum
936 1363 988 1403 de
1026 1363 1251 1401 secundum

248 1448 365 1496 quid,
413 1449 455 1484 ut
494 1444 647 1485 albedo
688 1448 730 1484 et
769 1441 951 1484 dulcedo
991 1444 1089 1480 sunt
1134 1439 1250 1479 idem

246 1522 344 1561 lacti
376 1524 540 1561 tantum
570 1521 810 1569 secundum
843 1519 957 1569 quid,
998 1520 1039 1556 et
1084 1518 1145 1556 sic
1184 1517 1250 1554 in¬

247 1600 311 1636 ter
343 1607 390 1637 se
449 1599 574 1637 erunt
618 1596 734 1635 idem
787 1597 948 1635 tantum
1011 1592 1251 1632 secundum

243 1674 359 1722 quid,
413 1684 508 1712 nam
547 1675 590 1713 in
638 1673 742 1712 lacte
783 1674 945 1710 tantum
982 1671 1081 1708 sunt
1135 1667 1251 1707 idem

242 1745 498 1787 accidentali
506 1750 582 1787 ter.
654 1749 702 1786 Et
766 1745 864 1785 ideo
917 1744 1164 1784 Aristoteles
1216 1745 1248 1782 1.

241 1823 407 1863 Elench.
451 1823 552 1864 dicit
601 1822 717 1874 quod
760 1823 847 1862 hsec
899 1822 1048 1873 regula
1096 1822 1252 1872 patitur

239 1900 463 1940 instantias
511 1898 632 1947 duas,
673 1910 778 1950 quas
814 1899 872 1940 ibi
929 1898 1043 1946 facit,
1093 1901 1136 1937 et
1170 1898 1252 1937 hoc

248 1980 346 2028 quia
387 1988 474 2017 non
513 1988 743 2028 possumus
789 1975 1046 2016 concludere
1093 1975 1246 2014 identi¬

247 2061 379 2097 tatem
437 2057 682 2106 simpliciter
735 2057 973 2107 aliquorum
1020 2057 1132 2095 inter
1185 2067 1247 2104 se,

248 2130 420 2182 quando
478 2134 577 2171 sunt
614 2131 729 2171 idem
777 2132 900 2171 alicui
960 2130 1076 2181 quod
1112 2132 1155 2170 in
1202 2142 1248 2171 se

245 2207 487 2247 secundum
533 2207 651 2257 quid,
693 2212 734 2247 et
771 2208 938 2259 quando
987 2211 1088 2246 sunt
1134 2207 1249 2246 idem

244 2283 303 2323 illi
334 2285 499 2322 tantum
528 2283 767 2322 secundum
801 2281 916 2333 quid.
949 2283 996 2321 Et
1025 2293 1102 2331 per
1137 2282 1249 2321 hanc

241 2357 438 2408 regulam
485 2359 603 2406 prius
643 2360 896 2408 expositam,
952 2360 1070 2397 tenet
1110 2358 1247 2397 omnis

241 2433 375 2472 forma
432 2433 675 2484 Syllogismi
713 2433 893 2484 perfecti
915 2446 923 2481 ;
985 2434 1083 2484 quia
1135 2436 1249 2474 enim

240 2510 367 2549 homo
390 2513 432 2548 et
451 2510 608 2549 risibile
628 2513 728 2549 sunt
756 2509 1005 2560 simpliciter
1022 2510 1136 2550 idem
1157 2510 1245 2549 ani¬

242 2586 339 2625 mali
357 2586 553 2626 rationali
583 2586 700 2635 quod
731 2589 795 2624 est
821 2596 955 2624 unum
987 2585 1247 2635 simpliciter,

241 2673 319 2712 per
347 2662 451 2701 illud
490 2662 661 2701 tertium
701 2661 970 2701 concluditur
997 2663 1154 2701 risibile
1195 2663 1248 2702 de

242 2737 429 2777 homine.

296 2812 356 2864 (b)
378 2812 575 2851 Secundo
600 2813 890 2862 principaliter
910 2815 1116 2863 arguitur,
1135 2814 1251 2864 quod

245 2888 384 2927 unitas
415 2888 612 2928 essentiae
648 2898 734 2927 non
764 2889 816 2928 sit
852 2899 895 2927 in
924 2889 1117 2937 pluribus
1147 2900 1247 2938 sup¬

240 2964 404 3014 positis,
444 2965 541 3013 quia
583 2964 617 3002 si
659 2967 776 3003 esset
816 2965 859 3003 in
891 2963 987 3011 illis,
1027 2969 1141 3004 esset
1174 2976 1252 3014 per

241 3039 523 3090 proprietates
562 3039 752 3079 ultimate
808 3039 1117 3079 constituentes
1155 3041 1251 3079 talia

242 3115 471 3164 supposita,
514 3126 604 3165 quae
646 3116 927 3166 proprietates
965 3120 1064 3155 sunt
1099 3117 1142 3155 in
1181 3127 1247 3156 es¬

242 3192 379 3230 sentia
395 3190 551 3237 divina,
573 3195 621 3230 ut
637 3190 747 3231 infra
767 3192 947 3242 patebit,
969 3193 1062 3231 dist.
1085 3194 1124 3242 5.
1153 3204 1192 3242 q.
1208 3194 1248 3232 2.

245 3269 285 3304 et
320 3268 418 3304 tunc
454 3276 611 3316 quaero,
654 3269 726 3305 aut
752 3271 852 3305 sunt
882 3266 940 3305 ibi
970 3267 1253 3307 essentialiter

240 3339 366 3389 idem,
403 3344 476 3379 aut
505 3341 840 3389 accidentaliter,
878 3352 965 3380 non
1013 3342 1135 3381 datur
1163 3353 1249 3382 me¬

244 3416 375 3456 dium.
416 3417 506 3455 Non
536 3419 682 3466 primo,
717 3418 816 3468 quia
862 3417 1139 3467 multiplicato
1176 3419 1245 3459 illo

244 3492 361 3543 quod
409 3496 473 3531 est
535 3492 651 3534 idem
707 3494 992 3534 essentialiter
1038 3495 1247 3543 essentiae,

244 3568 548 3618 multiplicatur
625 3570 824 3610 essentia.
890 3571 982 3610 Non
1038 3570 1246 3621 secundo,

1334 295 1430 346 quia
1471 295 1573 335 nihil
1613 299 1675 335 est
1703 296 1867 336 accidei
1885 306 1904 335 s
1938 295 2136 334 cssei.lise
2174 292 2335 333 divinae.

1379 369 1434 423 (c)
1473 371 1610 411 Tertio
1635 373 1643 411 :
1679 372 1794 411 Nihil
1819 375 1874 411 est
1900 373 2142 420 ponendum
2162 371 2205 408 in
2229 369 2314 408 enti
2318 389 2332 397 -

1329 448 1418 493 bus,
1477 450 1558 486 etc.
1615 448 1750 488 Minor
1797 450 1929 498 patet,
1995 448 2094 498 quia
2142 444 2334 485 secunda

1326 532 1510 572 persona
1565 533 1650 562 non
1700 524 1851 574 posita,
1908 524 2012 563 nihil
2061 521 2335 572 perfectionis

1325 595 1467 637 deficit
1497 598 1540 637 in
1585 599 1801 647 universo,
1859 599 1959 650 quia
2011 601 2095 637 tota
2135 596 2334 649 perfectio

1322 674 1510 714 salvatur
1539 676 1581 714 in
1614 677 1773 726 prima;
1807 686 1909 727 ergo
1931 675 2122 716 secunda
2152 685 2336 726 persona

1323 761 1411 790 non
1450 755 1514 791 est
1550 753 1767 802 ponenda,
1806 763 1909 803 ergo
1938 751 2092 792 sufficit
2129 751 2245 802 quod
2267 761 2332 790 es¬

1325 834 1463 873 sentia
1496 834 1547 874 sit
1590 838 1752 874 tantum
1792 835 1834 874 in
1862 845 1948 874 uno
1982 834 2216 885 supposito.
2248 834 2334 873 Nec

1326 910 1440 952 valet
1496 909 1639 951 dicere
1688 912 1805 963 quod
1843 911 1877 952 si
1923 910 2109 950 secunda
2146 921 2330 960 persona

1323 999 1410 1028 non
1462 990 1578 1027 esset
1614 998 1700 1028 non
1728 988 1960 1027 haberetur
1979 985 2202 1036 perfectio,
2251 987 2330 1027 sub

1322 1065 1438 1105 omni
1467 1064 1595 1104 modo
1632 1076 1714 1115 quo
1747 1068 1894 1114 posset
1927 1064 2088 1111 haberi,
2124 1064 2223 1115 quia
2252 1064 2333 1105 hoc

1323 1139 1427 1178 nihil
1460 1144 1537 1179 est.
1559 1139 1670 1180 Talis
1705 1141 1818 1179 enim
1858 1138 2007 1178 modus
2039 1137 2227 1177 habendi
2247 1149 2334 1178 non

1323 1217 1389 1256 est
1407 1213 1614 1264 perfectio
1645 1216 1799 1266 aliqua,
1823 1215 1921 1266 quia
1952 1218 2052 1254 tunc
2071 1216 2218 1264 primae
2238 1225 2334 1264 per¬

1322 1301 1436 1331 sonae
1470 1289 1674 1331 deficeret
1711 1291 1852 1342 aliqua
1873 1288 2095 1340 perfectio.

1376 1366 1436 1420 (d)
1458 1367 1615 1416 Quarto
1657 1370 1698 1407 et
1735 1368 1900 1415 ultimo,
1933 1368 2125 1418 arguitur
2156 1376 2234 1416 per
2264 1376 2326 1405 ra¬

1325 1445 1485 1484 tionem
1525 1443 1756 1483 ducentem
1811 1443 1867 1483 ad
1909 1442 2183 1493 impossibile,
2231 1443 2329 1492 quia

1323 1523 1579 1571 sequeretur
1617 1520 1734 1569 quod
1765 1531 1849 1560 una
1887 1529 2071 1570 persona
2111 1522 2225 1558 esset
2252 1528 2329 1557 ne-

1324 1606 1446 1636 cesse
1495 1607 1606 1644 esse,
1640 1597 1738 1647 quia
1793 1598 1835 1636 in
1873 1595 1964 1646 ipsa
2003 1599 2148 1636 essent
2187 1597 2332 1646 plures

1323 1672 1607 1712 necessitates
1637 1672 1826 1720 essendi,
1867 1672 1965 1722 quia
2004 1676 2117 1711 esset
2153 1683 2332 1712 necesse

1326 1760 1423 1790 esse
1453 1761 1531 1800 per
1558 1750 1602 1789 id
1625 1761 1708 1800 quo
1750 1749 1947 1789 convenit
1978 1759 2075 1787 cum
2122 1749 2202 1787 alia
2242 1759 2334 1798 per¬

1325 1838 1445 1876 sona,
1494 1828 1658 1868 scilicet
1694 1837 1773 1877 per
1811 1826 2055 1872 essentiam,
2098 1829 2141 1865 et
2187 1836 2265 1875 per
2292 1826 2335 1866 id

1326 1916 1409 1955 quo
1446 1903 1722 1954 distinguitur
1753 1903 1806 1942 ab
1845 1902 1923 1941 alia
1945 1912 2146 1952 persona,
2175 1902 2336 1941 scilicet

1324 1992 1402 2030 per
1428 1980 1748 2030 proprietatem,
1784 1982 1826 2018 et
1858 1977 1917 2016 sic
1955 1980 2159 2028 arguatur
2180 1981 2227 2016 ut
2260 1989 2331 2017 su¬

1322 2069 1398 2107 pra
1437 2062 1635 2108 argutum
1684 2058 1748 2094 est
1779 2054 1831 2094 de
1852 2055 2015 2094 unitate
2054 2055 2134 2094 Dei

1694 2199 1951 2236 SGHOLIUM.

1369 2339 1510 2375 Positis
1532 2341 1704 2384 quatuor
1742 2337 1995 2383 argumentis
2016 2347 2088 2382 pro
2109 2339 2221 2382 parte
2262 2338 2334 2374 fal¬

1322 2414 1377 2446 sa,
1417 2404 1529 2449 ponit
1560 2403 1757 2439 rationem
1799 2402 1848 2438 ad
1891 2402 2128 2447 oppositum,
2169 2403 2208 2437 et
2245 2410 2329 2437 rem

1320 2471 1462 2507 tractat
1482 2478 1519 2513 q.
1563 2468 1599 2503 7.
1640 2467 1708 2503 ubi
1746 2470 1768 2510 §
1815 2467 1862 2501 ad
1880 2467 2058 2508 primam
2093 2467 2332 2509 quaestionem

1322 2543 1361 2568 n.
1378 2531 1436 2569 38.
1458 2532 1580 2567 solvit
1599 2533 1838 2575 argumenta
1876 2529 1999 2574 hujus
2037 2529 2283 2574 quaestionis.

1382 2691 1454 2736 Ad
1482 2686 1800 2748 oppositum,
1828 2680 1956 2728 illud
1976 2683 2058 2728 est
2082 2682 2331 2741 possibile

1326 2746 2347 2828 quod non includit contradicti-0pp08Itum'
1326 2859 1493 2897 onem,
1525 2846 1610 2892 sed
1649 2859 1751 2891 non
1810 2843 2027 2892 includit
2070 2839 2328 2888 contradi¬

1324 2920 1552 2968 ctionem
1589 2922 1721 2981 quod
1767 2922 1835 2969 sit
1863 2933 1967 2966 una
2003 2917 2234 2965 essentia
2278 2916 2328 2961 in

1321 2997 1495 3044 tribus
1557 2998 1816 3058 personis,
1879 2996 2001 3056 quia
2067 2991 2333 3040 contradi¬

1324 3077 1430 3123 ctio
1465 3080 1545 3124 est
1585 3077 1868 3124 secundum
1916 3075 2075 3125 idem;
2112 3072 2198 3118 hic
2249 3084 2337 3116 au¬

1322 3156 1429 3200 tem
1472 3166 1574 3198 non
1619 3155 1699 3200 est
1767 3149 2118 3198 contradictio
2163 3159 2341 3194 secun¬

1323 3230 1442 3275 dum
1465 3229 1615 3280 idem,
1654 3227 1775 3287 quia
1810 3226 1892 3272 hic
1934 3226 2013 3272 est
2047 3224 2222 3271 unitas
2267 3236 2341 3268 es¬

1324 3305 1522 3356 sentiae,
1570 3307 1622 3352 et
1666 3304 1899 3350 Trinitas
1989 3313 2337 3360 personarum

1325 3381 1697 3432 relativarum,
1746 3393 1894 3439 ergo,
1932 3382 2029 3426 etc.
