2653 3979
255 368 316 403 est
336 364 508 410 potentia
532 363 678 398 factiva
698 375 705 407 ;
742 368 838 404 ergo
859 359 972 394 oxtra
993 365 1034 392 se
1057 364 1133 392 non
1166 363 1261 399 pro¬

256 429 381 466 ducit.
416 426 644 472 Respondet
681 425 819 461 Scotus
852 421 901 457 ad
943 421 1138 467 primum,
1177 427 1263 454 esse

257 494 304 530 ad
327 492 568 538 oppositum,
594 491 688 537 quia
721 488 973 534 principium
1006 486 1139 521 manet
1170 493 1266 529 pro¬

254 557 464 593 ductivum
502 555 627 590 donec
677 555 767 589 actu
820 551 964 586 habeat
1013 548 1267 593 adaequatum

255 620 510 667 productum,
533 621 571 655 et
593 628 670 654 non
692 615 843 652 sufficit
874 614 989 660 quasi
1010 612 1266 658 productum,

254 683 360 731 quod
382 692 478 719 vere
504 685 564 718 est
592 680 907 728 improductum.
937 677 998 713 Ad
1029 674 1268 717 secundum,

254 747 430 793 potentia
462 745 592 781 omnis
615 744 856 791 productiva
884 744 1014 787 potest
1046 738 1270 786 producere

256 811 297 846 in
331 818 587 856 quocumque
625 808 832 853 receptivo
866 804 1167 851 proportionale
1199 811 1273 847 ap¬

258 874 495 922 proximato,
519 876 558 910 et
578 874 610 909 si
638 870 895 919 producibile
935 872 1070 914 aptum
1108 876 1186 903 non
1220 867 1271 902 sit

260 939 388 984 recipi
411 939 452 974 in
479 938 572 980 alio,
592 937 838 983 producetur
869 943 942 979 per
973 944 1015 969 se
1048 932 1273 970 subsistens

262 1003 295 1038 si
318 1002 496 1047 potentia
515 1002 575 1036 est
599 998 912 1046 perfectissima,
946 1000 984 1033 et
1014 997 1072 1032 sic
1106 998 1165 1031 est
1191 993 1271 1030 hic.

323 1121 455 1173 Quia
503 1120 641 1168 sicut
696 1118 802 1166 dixi
853 1118 934 1175 (a),
991 1115 1272 1176 pluralitas

262 1196 567 1243 declaratur
623 1209 687 1241 ex
737 1191 1099 1253 productione,
1159 1191 1272 1237 ideo

240 1301 243 1344 quodutam
261 1286 292 1333 P
302 1285 326 1317 p
331 1271 436 1319 im°
489 1270 779 1330 Tespondeo
822 1269 883 1314 ad
925 1268 1271 1326 quaestionem

352 1348 712 1407 productione,
756 1359 868 1404 quae
895 1347 976 1391 est
1018 1343 1185 1390 tertia
1223 1343 1275 1388 in

264 1424 460 1475 ordine,
491 1425 540 1469 et
569 1423 682 1469 dico
718 1421 851 1476 quod
883 1420 936 1466 in
962 1419 1152 1466 divinis
1197 1422 1276 1466 est

263 1502 315 1548 et
376 1502 550 1553 potest
601 1511 716 1544 esse
779 1495 1071 1552 productio.
1134 1495 1277 1548 Quod

268 1576 432 1636 probo
477 1590 552 1621 sic
605 1589 614 1617 :
661 1574 916 1631 Quidquid
966 1574 1024 1618 de
1072 1573 1278 1618 ratione

268 1663 363 1698 sua
403 1650 618 1696 formali
663 1650 741 1696 est
792 1647 1110 1707 principium
1157 1660 1281 1706 pro¬

266 1726 532 1774 ductivum
579 1723 859 1771 sufficiens.
906 1724 1037 1770 Illud
1077 1724 1128 1769 in
1157 1736 1281 1781 quo¬

270 1816 490 1862 cumque
529 1804 608 1848 est
643 1815 672 1848 a
713 1815 767 1847 se
797 1803 848 1847 et
891 1801 1002 1846 sine
1039 1799 1281 1859 imperfe¬

272 1879 463 1931 ctione,
504 1878 555 1924 in
595 1892 656 1924 eo
694 1880 774 1924 est
816 1877 1135 1936 principium
1165 1889 1282 1934 pro¬

271 1954 559 2002 ductivum.
594 1953 738 2000 Istud
766 1953 829 2012 (b)
852 1954 1041 2004 totum,
1079 1951 1282 1998 scilicet

273 2030 573 2077 intellectus
614 2030 810 2075 habens
859 2028 1121 2088 objectum
1162 2031 1283 2073 actu

271 2106 604 2165 intelligibile
644 2105 741 2152 sibi
789 2118 1022 2164 praesens
1062 2118 1125 2151 ex
1160 2103 1285 2149 rati¬

273 2195 370 2229 one
417 2195 511 2228 sua
557 2181 789 2232 formali,
841 2182 922 2228 est
964 2180 1285 2240 principium

272 2258 645 2317 productivum
667 2257 874 2305 notitiae
903 2257 1120 2316 genitae;
1156 2268 1286 2315 ergo

272 2334 328 2381 in
372 2348 699 2394 quocumque
757 2336 838 2380 est
891 2333 1034 2387 illud,
1085 2334 1288 2381 scilicet

274 2413 575 2460 intellectus
623 2411 816 2458 habens
860 2412 1122 2472 objectum
1166 2412 1286 2456 actu

273 2489 606 2547 intelligibile
635 2488 733 2534 sibi
780 2501 1029 2547 praesens,
1072 2487 1142 2534 ibi
1184 2487 1287 2533 erit

274 2563 600 2623 principium
653 2562 1026 2622 productivum
1081 2561 1288 2609 notitiae

274 2639 483 2698 genitae,
524 2641 573 2685 et
607 2638 702 2685 hoc
744 2639 1028 2685 secundum
1068 2651 1288 2698 propor¬

273 2714 476 2760 tionem
517 2728 623 2760 suae
677 2713 1051 2773 perfectionis;
1099 2714 1187 2760 sed
1236 2713 1290 2759 in

274 2790 384 2836 Deo
447 2792 528 2837 est
587 2790 714 2836 illud
778 2790 1060 2836 secundum
1104 2802 1288 2835 veram

277 2864 542 2911 rationem
589 2865 686 2918 sui,
734 2877 863 2924 ergo
913 2879 1039 2911 vere
1089 2866 1168 2912 est
1221 2864 1292 2910 ibi

278 2940 558 3001 productio
588 2940 795 2988 notitiae
817 2941 1025 2998 genitae.

338 3018 482 3059 Aliter
514 3024 653 3072 potest
684 3018 814 3073 argui
850 3018 911 3058 sic
938 3034 952 3060 :
985 3017 1209 3073 Quidquid
1241 3016 1293 3058 de

279 3094 449 3136 ratione
480 3106 559 3134 sua
595 3093 780 3148 formali
811 3100 871 3135 est
893 3095 1167 3150 principium
1190 3107 1292 3148 pro¬

277 3169 480 3220 ducendi,
511 3169 625 3211 illud
657 3170 705 3212 in
732 3183 990 3226 quocumque
1017 3178 1076 3212 est
1108 3185 1133 3212 a
1158 3184 1216 3220 se,
1246 3171 1295 3212 in

278 3259 324 3287 eo
363 3252 423 3287 est
453 3246 727 3301 principium
768 3246 956 3299 perfecte
993 3245 1291 3300 producendi;

282 3321 357 3363 sed
400 3321 609 3362 memoria
654 3320 863 3376 perfecta,
899 3321 988 3362 sive
1025 3320 1137 3376 quod
1174 3321 1290 3363 idem

279 3403 340 3438 est
383 3396 664 3451 explicando,
716 3396 958 3438 intellectus
1010 3397 1169 3439 habens
1217 3397 1291 3438 ob¬

277 3475 440 3529 jectum
502 3472 780 3528 intelligibile
832 3472 916 3513 sibi
971 3486 1180 3526 praesens,
1240 3487 1295 3514 ex

283 3548 454 3590 ratione
478 3561 558 3589 sua
588 3548 771 3601 formali
802 3554 862 3589 est
897 3548 1169 3602 principium
1192 3561 1294 3603 pro¬

280 3620 500 3664 ductivum
538 3622 707 3664 notitiae
745 3622 915 3676 genitae,
952 3628 992 3663 et
1030 3628 1149 3677 patet
1183 3621 1296 3677 quod

1335 355 1545 395 memoria
1601 353 1702 394 talis
1758 359 1816 394 est
1855 354 1902 394 in
1953 351 2102 407 aliqua
2155 364 2342 406 persona

1337 429 1491 471 divina
1535 436 1573 471 et
1598 444 1625 471 a
1656 444 1713 481 se,
1757 430 1857 484 quia
1896 429 2046 484 aliqua
2084 435 2142 469 est
2182 429 2343 482 impro-

1338 505 1495 556 ducta;
1546 518 1646 560 ergo
1701 506 1780 547 illa
1826 517 2010 559 persona
2062 504 2221 558 poterit
2267 516 2347 558 per

1340 581 1424 622 tale
1447 581 1717 636 principium
1749 582 1988 636 perfectum
2025 581 2215 636 perfecte
2246 594 2347 635 pro¬

1341 657 1512 700 ducere.

1410 734 1480 776 Vel
1509 733 1571 774 sic
1605 738 1741 787 potest
1785 732 1915 788 argui
1942 747 1954 773 :
1988 731 2121 773 Omne
2151 733 2347 787 supposi¬

1345 815 1432 850 tum
1466 807 1620 850 habens
1646 822 1671 849 a
1710 822 1752 849 se
1791 806 2082 863 quodeumque
2125 808 2348 861 sufficiens

1340 884 1611 939 principium
1629 883 1915 938 producendi,
1948 890 2085 939 potest
2111 883 2349 939 producere

1342 960 1601 1015 productum
1656 959 1930 1015 adaequatum
1969 960 2043 1001 illi
2094 959 2348 1014 principio;

1345 1035 1523 1090 aliquod
1560 1036 1826 1089 suppositum
1872 1035 2072 1076 divinum
2109 1034 2232 1075 habet
2257 1048 2284 1076 a
2309 1046 2350 1074 se

1342 1111 1613 1166 principium
1640 1110 1930 1166 quodeumque
1949 1111 2172 1165 sufficiens
2191 1110 2351 1166 produ¬

1346 1186 1472 1228 cendi
1497 1185 1609 1242 quod
1636 1193 1695 1228 est
1728 1187 1936 1228 memoria
1959 1187 2169 1241 perfecta,
2200 1186 2349 1242 igitur,

1347 1270 1424 1305 elc.
1475 1263 1616 1317 Major
1653 1269 1692 1304 et
1743 1264 1888 1305 minor
1931 1261 2213 1304 declarantur
2257 1275 2332 1303 con

1346 1345 1586 1394 sequenter.

1413 1425 1602 1467 Ulterius
1645 1432 1949 1480 consequenter
1997 1438 2133 1480 arguo
2153 1441 2185 1466 •:
2224 1424 2358 1466 Nulla

1347 1501 1578 1556 productio
1609 1514 1688 1556 per
1721 1501 1973 1543 memoriam
2007 1502 2247 1555 perfectam
2281 1514 2357 1556 po¬

1353 1584 1429 1619 test
1468 1590 1553 1619 esse
1588 1577 1795 1631 perfecta,
1845 1578 1934 1618 nisi
1975 1577 2031 1617 sit
2068 1577 2236 1618 notitiae
2281 1575 2358 1618 ad¬

1353 1661 1529 1710 aequatae
1564 1652 1636 1694 illi
1666 1654 1884 1694 memoriae
1908 1653 1998 1694 sive
2019 1653 2090 1694 illi
2111 1651 2356 1694 intellectui

1351 1737 1545 1784 respectu
1584 1729 1684 1770 talis
1731 1729 1908 1784 objecti;
1959 1730 2178 1771 memoriae
2220 1736 2362 1771 autem

1353 1806 1444 1848 sive
1484 1805 1723 1847 intellectui
1756 1818 1954 1859 personae
1991 1804 2154 1846 alivinae
2191 1818 2285 1846 cum
2309 1805 2365 1845 sit

1355 1882 1551 1934 infinita,
1592 1881 1715 1922 nulla
1741 1881 1898 1922 notitia
1937 1880 2194 1935 adaequatur
2224 1894 2365 1935 respe¬

1356 1965 1425 1999 ctu
1451 1957 1614 1999 divinae
1640 1958 1832 1998 essentiae
1864 1956 2054 2010 infinitae
2085 1963 2131 1998 ut
2158 1956 2366 2012 intelligi-

1358 2033 1456 2074 bilis
1492 2032 1585 2075 nisi
1623 2032 1814 2086 infinita,
1863 2034 1966 2088 quia
2009 2032 2248 2074 intellectus
2291 2032 2367 2074 ille

1358 2115 1417 2150 est
1445 2108 1818 2163 comprehensivus
1844 2110 1967 2151 illius
1993 2108 2146 2163 objecti
2174 2107 2366 2160 infiniti;

1359 2185 1497 2241 igitur
1534 2184 1684 2240 aliqua
1714 2198 1900 2239 persona
1925 2184 2083 2227 divina
2102 2198 2182 2239 per
2214 2197 2367 2225 memo¬

1359 2262 1475 2303 riam
1510 2267 1647 2316 potest
1681 2261 1921 2315 producere
1964 2260 2165 2301 notitiam
2218 2259 2370 2313 infini¬

1362 2344 1464 2380 tam.
1497 2336 1582 2378 Sed
1602 2336 1685 2378 illa
1705 2337 1788 2378 erit
1807 2337 1855 2378 in
1881 2342 2042 2378 natura
2069 2335 2237 2386 divina,
2268 2336 2371 2391 ajuia

1360 2411 1477 2453 nihil
1508 2410 1633 2452 aliucl
1652 2418 1712 2452 est
1732 2412 1978 2464 infinitum;
2004 2424 2104 2466 ergo
2135 2411 2184 2452 in
2208 2409 2372 2452 divinis

1358 2497 1437 2538 per
1474 2483 1728 2525 memoriam
1759 2490 1896 2538 potest
1935 2496 2022 2524 esse
2057 2482 2289 2537 productio
2315 2480 2374 2524 ad

1364 2559 1500 2601 intra.
1536 2558 1622 2600 Sed
1641 2559 1681 2600 si
1697 2565 1835 2614 potest
1864 2572 1966 2609 esse,
2002 2558 2140 2614 igitur
2177 2564 2253 2609 est,
2285 2565 2374 2600 tum

1366 2636 1468 2690 quia
1507 2635 1568 2677 ibi
1599 2648 1723 2676 omne
1746 2635 1949 2690 possibile
1974 2641 2034 2676 est
2064 2635 2369 2684 necessarium,

1366 2718 1454 2752 tum
1492 2711 1594 2766 quia
1632 2710 1747 2752 illud
1787 2711 2059 2766 principium
2102 2718 2162 2752 est
2207 2710 2374 2765 produ¬

1365 2787 1524 2828 ctivum
1564 2800 1644 2841 per
1686 2786 1860 2827 modum
1903 2793 2099 2840 naturae;
2134 2787 2271 2842 igitur
2295 2800 2372 2829 ne¬

1365 2864 1552 2904 cessario
1595 2862 1702 2917 agit.
1753 2861 2070 2917 Consequentia
2103 2868 2238 2916 patet,
2270 2862 2371 2917 cpiia

1365 2952 1454 2981 non
1476 2944 1614 2994 potest
1651 2937 1874 2991 impediri,
1910 2951 1987 2979 nec
2018 2937 2070 2978 ab
2107 2938 2254 2993 aliquo
2286 2939 2375 2980 alio

1368 3012 1579 3069 dependet
1617 3013 1665 3054 in
1704 3012 1886 3067 agendo.
1927 3012 2061 3054 Omne
2092 3013 2209 3054 enim
2246 3026 2378 3068 agens

1368 3104 1422 3131 ex
1464 3089 1713 3131 necessitate
1758 3094 1941 3138 naturae,
1982 3089 2223 3130 necessario
2265 3090 2357 3144 agit
2364 3123 2372 3140 ,

1367 3166 1457 3208 nisi
1493 3163 1760 3219 impediatur
1803 3163 1869 3204 vel
1913 3161 1965 3204 ab
2006 3163 2095 3203 alio
2139 3162 2377 3219 dependeat

1368 3243 1418 3284 in
1447 3240 1629 3296 agendo.
1660 3239 1803 3294 Major
1837 3238 1976 3293 primi
2002 3239 2259 3294 Syllogismi
2301 3254 2376 3296 ap¬

1364 3323 1505 3373 paret,
1551 3316 1654 3370 quia
1697 3313 1809 3370 quod
1859 3314 2078 3368 principio
2119 3314 2376 3368 productivo

1369 3405 1424 3433 ex
1454 3406 1498 3433 se
1545 3403 1633 3432 non
1677 3390 1904 3430 conveniat
1948 3389 2062 3443 quod
2099 3390 2148 3431 in
2201 3391 2281 3432 illo
2322 3391 2378 3432 sit

1365 3465 1686 3520 productivum,
1728 3477 1813 3505 non
1856 3470 1992 3517 potest
2030 3477 2116 3504 esse
2160 3465 2249 3505 nisi
2276 3478 2377 3520 pro¬

1366 3548 1466 3597 pter
1502 3540 1689 3582 alterum
1727 3539 1927 3588 duorum,
1975 3539 2038 3579 vel
2072 3546 2253 3594 propter
2300 3541 2379 3582 im¬

1365 3617 1678 3674 perfectionem
1721 3617 1813 3672 ejus
1850 3616 1896 3656 in
1941 3615 2033 3667 illo,
2082 3616 2149 3656 vel
2192 3617 2293 3672 cpiia
2336 3623 2381 3658 ut
