2711 3950
1378 367 1521 424 Ergo
1549 365 1633 412 hic
1668 368 1748 414 est
1773 366 1983 427 aliquod
2018 379 2177 425 agens
2204 367 2325 414 libe¬

1322 441 1512 488 raliter
1558 443 1707 489 modo
1750 444 2016 502 praedicto.
2068 443 2239 503 Igitur
2276 444 2328 490 in

1320 528 1511 574 genere
1570 518 1817 578 principii
1882 519 2180 579 productivi
2243 523 2325 567 est

1321 592 1529 651 aliquod
1555 594 1872 653 principium
1896 596 2001 641 tale
2030 596 2159 655 quod
2180 595 2325 642 nullo

1320 668 1470 713 modo
1510 669 1783 728 perficitur
1818 683 1911 730 per
1945 683 2095 716 suam
2138 672 2326 730 produ¬

1319 743 1565 797 ctionem,
1613 745 1738 791 talis
1776 747 1855 792 est
1898 745 2199 793 intellectus
2240 746 2326 792 ha¬

1316 818 1440 864 bens
1477 819 1739 879 objectum
1769 821 1843 868 sic
1870 822 1968 868 sibi
1999 835 2247 882 praesens,
2272 826 2324 870 et

1316 894 1490 941 nullus
1530 896 1665 943 alius
1705 900 1785 944 est
1823 898 1925 944 nisi
1965 898 2053 944 ille
2089 898 2175 957 qui
2216 911 2320 944 non

1316 970 1506 1030 recipit
1540 985 1634 1019 nec
1674 973 1951 1032 perficitur
1991 988 2084 1034 per
2125 974 2323 1022 intelle¬

1315 1047 1544 1093 ctionem
1598 1063 1753 1109 quam
1805 1050 1997 1109 gignit,
2054 1052 2159 1097 sive
2211 1065 2324 1110 quae

1313 1122 1515 1169 virtute
1562 1125 1676 1184 ejus
1720 1125 1988 1184 gignitur;
2044 1139 2173 1186 ergo
2218 1141 2325 1174 non

1316 1202 1527 1257 oportet
1548 1201 1875 1249 intellectum
1901 1217 2108 1250 omnem
2141 1205 2328 1263 produ¬

1312 1287 1433 1320 cere
1483 1277 1734 1324 notitiam
1782 1280 1839 1325 ut
1885 1291 1947 1325 ea
1992 1279 2321 1338 perficiatur,

1313 1351 1399 1397 sed
1434 1354 1643 1411 oportet
1678 1367 1794 1400 esse
1823 1355 2058 1414 aliquam
2086 1355 2326 1415 priorem

1312 1427 1688 1485 producentem
1758 1444 1862 1477 non
1941 1431 2325 1491 perfectibilem

1314 1515 1408 1561 per
1458 1506 1789 1563 productum.
1827 1509 1891 1554 Et
1944 1523 2061 1555 cum
2113 1508 2327 1568 dicitur,

1313 1581 1436 1626 tunc
1482 1582 1585 1629 erit
1632 1582 1854 1636 frustra,
1915 1598 2020 1630 non
2063 1586 2321 1643 sequitur,

1313 1669 1435 1703 nam
1483 1658 1587 1706 erit
1640 1672 1906 1706 summum
1960 1661 2176 1714 bonum,
2239 1662 2326 1708 sed

1312 1745 1415 1777 non
1439 1736 1518 1779 est
1542 1735 1853 1793 productum
1877 1749 1905 1782 a
1930 1737 2247 1796 producente
2270 1739 2324 1783 ut

1314 1809 1605 1868 producens
1652 1824 1745 1870 per
1786 1812 1958 1871 ipsum
1995 1812 2319 1871 perficiatur,

1315 1886 1398 1931 sed
1463 1899 1527 1933 ex
1587 1886 1906 1946 plenitudine
1976 1888 2320 1948 perfectionis

1316 1962 1669 2021 producentis.

1374 2041 1502 2086 Cum
1531 2042 1706 2087 autem
1737 2040 1986 2099 arguitur
2014 2042 2082 2099 (g)
2115 2044 2237 2101 post
2265 2042 2325 2089 de

1317 2115 1770 2174 impossibilitate,
1825 2117 1955 2164 duco
2001 2118 2063 2163 ad
2115 2118 2322 2178 opposi¬

1320 2194 1444 2243 tum,
1494 2192 1616 2251 quia
1658 2193 1759 2240 etsi
1789 2191 1999 2252 aliquod
2053 2194 2322 2251 objectum

1315 2280 1549 2327 praesens
1593 2269 1864 2316 memoriae
1912 2270 2089 2317 Patris
2134 2270 2324 2319 habeat

1316 2344 1384 2390 ibi
1407 2345 1639 2404 aliquam
1672 2345 1921 2392 notitiam
1945 2347 2209 2394 actualem
2234 2350 2325 2394 Pa¬

1314 2420 1416 2468 tris
1445 2422 1595 2479 quasi
1625 2422 1953 2481 productam,
2002 2437 2107 2469 non
2147 2427 2324 2470 tamen

1316 2497 1470 2543 habet
1502 2497 1751 2544 notitiam
1784 2498 2110 2558 adaequatam
2148 2499 2197 2546 in
2234 2501 2325 2546 Pa¬

1315 2575 1398 2619 tre
1432 2575 1769 2633 productam;
1798 2576 1930 2622 nulli
1970 2579 2148 2622 autem
2187 2576 2325 2636 prin¬

1316 2649 1454 2708 cipio
1508 2651 1817 2710 productivo
1876 2665 1939 2698 ex
2001 2665 2056 2697 se
2112 2653 2324 2700 tollitur

1316 2725 1606 2784 producere
1652 2729 1707 2773 ut
1747 2729 1828 2774 est
1874 2726 1928 2772 in
1973 2727 2174 2787 aliquo,
2223 2728 2327 2774 nisi

1316 2800 1651 2861 intelligatur
1691 2802 1817 2848 illud
1851 2803 2167 2863 principium
2208 2818 2325 2864 pro¬

1315 2877 1504 2924 ducere
1538 2879 1621 2925 vel
1654 2880 1968 2938 produxisse
2003 2879 2180 2939 aliqua
2205 2893 2327 2940 pro¬

1315 2952 1559 3000 ductione
1618 2954 1894 3014 adaequata
1948 2955 2140 3002 virtuti
2197 2955 2322 3002 talis

1318 3028 1567 3089 principii
1594 3029 1911 3088 productivi,
1942 3032 1991 3076 et
2015 3030 2127 3076 ideo
2164 3043 2325 3090 quan-

1316 3106 1657 3163 tumcumque
1693 3104 1954 3151 memoria
1992 3107 2050 3152 ut
2088 3105 2142 3151 in
2163 3106 2323 3152 Patre

1315 3177 1505 3225 habeat
1557 3181 1708 3239 quasi
1761 3182 2101 3240 productum,
2156 3183 2320 3229 adhuc

1316 3258 1492 3316 potest
1531 3258 1822 3316 producere
1856 3258 2188 3317 productum.
2228 3259 2323 3306 Sed

1315 3345 1502 3379 verum
1523 3335 1602 3379 est
1632 3333 1765 3392 quod
1793 3347 1910 3380 cum
1935 3334 2178 3382 habuerit
2206 3349 2323 3394 pro¬

1316 3408 1529 3455 ductum
1580 3410 1926 3469 adaequatum,
1972 3423 2077 3456 non
2123 3411 2324 3469 poterit

1317 3485 1457 3532 aliud
1479 3486 1784 3544 producere.

1376 3560 2340 3623 Cum arguitur ulterius de activo Acckienta-
1317 3640 1368 3684 et
1392 3638 1605 3692 factivo,
1635 3638 1749 3686 dico
1785 3640 1916 3698 quod
1944 3640 2061 3688 istae
2088 3639 2323 3689 differen-

296 365 489 411 Tamen
523 364 565 412 si
602 366 775 425 potest
814 363 1008 410 habere
1036 365 1248 424 aliquod

241 440 504 500 objectum
568 443 687 487 actu
753 440 1082 500 intelligibile
1146 440 1247 487 sibi

237 529 487 575 praesens,
519 518 696 576 potest
727 516 958 574 aliquam
997 515 1245 562 notitiam

237 591 453 650 gignere
489 591 540 637 in
574 604 730 651 passo
772 592 1165 651 approximato,
1202 591 1246 637 si

237 667 371 725 quod
397 666 505 711 tale
541 666 625 718 sit,
668 668 758 713 aut
792 679 885 725 per
908 680 961 712 se
996 668 1242 719 stantem,

236 742 280 788 si
315 741 534 788 haberet
573 742 829 789 virtutem
869 741 1114 801 gignendi
1150 741 1245 787 ali¬

239 818 358 878 quid
387 831 481 877 per
504 831 557 865 se
588 821 752 871 stans,
782 830 912 877 ergo
952 818 1016 864 ab
1045 817 1244 865 intelle¬

235 897 323 942 ctu
363 894 537 940 divino
585 894 993 954 circumscripta
1034 895 1243 941 ratione

235 970 490 1030 receptivi
524 970 728 1018 notitiae
764 971 808 1016 si
838 972 1112 1018 remaneat
1159 983 1243 1017 ra¬

234 1046 310 1092 tio
376 1046 672 1106 productivi
739 1046 972 1100 notitiae,
1032 1049 1083 1093 et
1144 1045 1242 1094 hoc

233 1134 328 1180 per
350 1135 405 1167 se
432 1120 640 1174 stantis,
673 1121 870 1181 poterit
904 1121 1029 1168 talis
1049 1121 1243 1168 notitia

234 1198 396 1256 gigni,
422 1197 544 1245 licet
571 1211 674 1244 non
697 1197 988 1256 recipiatur
1014 1198 1065 1243 in
1088 1198 1242 1244 intel¬

231 1273 371 1319 lectu
401 1272 488 1331 qui
519 1276 599 1320 est
629 1272 949 1332 principium
977 1273 1237 1332 gignendi.

287 1351 365 1396 Ex
397 1351 495 1396 hoc
522 1353 681 1410 patet,
719 1351 850 1410 quod
875 1352 1056 1410 glossa
1097 1351 1239 1398 illius

233 1426 456 1472 minoris
492 1427 636 1472 nulla
676 1428 771 1473 est.
808 1427 881 1473 Ad
916 1427 1241 1475 confirmati¬

233 1515 383 1548 onem
424 1501 564 1548 illius
597 1502 651 1560 (f)
694 1502 885 1561 glossae
921 1506 1016 1562 per
1052 1506 1235 1559 frustra,

231 1578 344 1625 dico
393 1578 526 1637 quod
572 1578 623 1624 in
671 1579 812 1624 omni
864 1579 1042 1625 ordine
1088 1592 1239 1638 agen¬

234 1654 390 1706 tium,
452 1654 716 1713 praecipue
776 1653 860 1699 ubi
919 1654 1239 1714 principium

232 1730 463 1777 activum
515 1730 574 1776 de
616 1743 670 1776 se
710 1743 814 1774 non
865 1733 946 1777 est
997 1731 1240 1790 imperfe¬

231 1808 392 1858 ctum,
423 1807 504 1852 est
533 1808 705 1852 status
734 1805 793 1850 ad
816 1805 1027 1865 aliquod
1053 1807 1240 1866 princi¬

232 1880 375 1940 pium
420 1880 649 1928 activum
707 1880 1025 1940 simpliciter
1078 1882 1241 1941 perfe¬

231 1959 390 2009 ctum,
428 1956 560 2015 quod
600 1956 802 2004 scilicet
844 1970 1002 2017 agens
1038 1959 1150 2018 agit
1178 1973 1241 2006 ex

233 2031 552 2092 plenitudine
588 2033 944 2092 perfectionis,
971 2037 1020 2080 et
1049 2035 1243 2081 dicitur

233 2121 394 2167 agens
452 2122 516 2154 ex
578 2109 738 2155 libera
749 2109 839 2155 lita
850 2113 901 2157 te
959 2112 1242 2158 secundum

235 2185 556 2232 Avicennam
592 2187 633 2232 6.
671 2188 858 2243 Metaph.
888 2202 983 2245 cap.
1019 2189 1098 2233 ult.
1133 2189 1243 2234 nul¬

236 2261 344 2307 lum
380 2262 555 2307 autem
599 2274 759 2321 agens
799 2263 908 2321 agit
947 2262 1244 2310 liberaliter

237 2340 459 2397 propter
491 2335 589 2382 hoc
630 2337 764 2395 quod
803 2350 866 2383 ex
901 2338 1110 2385 actione
1150 2353 1244 2386 sua

233 2415 479 2472 expectat
544 2411 725 2471 perfici
761 2428 769 2464 ;
827 2411 964 2460 sicut
1003 2415 1142 2460 enim
1193 2416 1244 2462 in

234 2490 440 2536 actibus
471 2488 716 2535 humanis
750 2488 989 2536 liberalis
1024 2495 1104 2538 est
1136 2491 1239 2545 ille,

232 2565 320 2625 qui
375 2565 484 2624 agit
538 2579 643 2611 non
695 2568 981 2625 expectans
1036 2568 1243 2616 redditi¬

237 2656 406 2695 onem,
425 2642 501 2688 ita
524 2642 841 2702 simpliciter
866 2655 1027 2702 agens
1049 2644 1244 2692 dicitur

232 2718 470 2770 liberale,
512 2732 572 2765 eo
602 2719 734 2777 quod
771 2718 915 2764 nullo
951 2721 1101 2766 modo
1131 2734 1244 2780 per¬

231 2788 412 2836 ficitur
440 2802 468 2834 a
489 2788 834 2847 productione
860 2789 943 2836 vel
965 2790 1239 2849 producto.

292 2859 369 2904 Ex
413 2858 512 2904 hoc
558 2858 807 2917 arguitur
837 2860 911 2906 sic
951 2877 960 2905 :
1001 2862 1059 2906 In
1101 2861 1243 2907 omni

234 2941 426 2987 genere
480 2928 730 2988 principii
783 2930 1082 2987 productivi
1137 2944 1243 2978 non

236 2997 548 3044 includentis
596 2995 1078 3057 imperfectionem,
1127 3013 1242 3058 pos¬

238 3067 387 3114 sibile
409 3069 489 3113 est
518 3069 663 3113 stare
691 3067 752 3112 ad
775 3066 983 3126 aliquod
1011 3069 1244 3127 primum

236 3136 553 3195 simpliciter
580 3135 896 3195 perfectum;
929 3137 1015 3182 sed
1044 3139 1244 3186 intelle¬

236 3209 351 3253 ctus
379 3208 459 3252 est
490 3206 596 3252 tale
632 3205 951 3265 principium
985 3209 1035 3252 et
1067 3209 1244 3255 volun¬

234 3277 318 3322 tas
362 3275 628 3328 similiter,
665 3287 794 3333 ergo
828 3276 881 3322 in
909 3276 1010 3322 isto
1051 3289 1243 3335 genere

236 3347 412 3404 potest
436 3345 570 3391 stari
605 3345 664 3391 ad
687 3345 896 3403 aliquod
928 3347 1245 3406 simpliciter

239 3413 546 3474 perfectum,
579 3415 666 3461 sed
705 3415 838 3461 nihil
870 3420 951 3464 est
991 3417 1246 3478 simplici¬

237 3487 321 3532 ter
351 3481 642 3543 perfectum
664 3497 824 3543 agens
849 3487 980 3545 quod
1009 3501 1113 3533 non
1135 3492 1245 3551 agit

239 3553 536 3601 liberaliter
592 3555 874 3601 secundum
934 3557 1244 3615 praedictum

245 3623 470 3670 modum.
