2711 3950
284 271 453 312 videtur
494 273 774 323 impossibile.
826 272 1027 313 Secunda
1073 272 1179 312 ratio
1218 273 1292 310 im-

285 348 576 396 possibilitatis
598 353 689 388 erat
721 349 778 389 ibi
810 352 820 388 :
856 350 1044 388 Secundo
1070 348 1291 396 probatur,

284 426 385 473 quia
429 425 661 465 intellectus
690 428 745 464 est
780 426 969 474 potentia
1011 425 1162 469 activa,
1211 435 1292 463 non

281 501 456 549 fachva,
489 504 569 540 elc.
613 504 654 540 et
680 512 758 550 per
787 512 1059 552 consequens
1097 510 1183 539 non
1211 510 1288 548 po¬

282 576 364 613 test
404 574 644 625 producere
672 574 914 624 hujusmodi
948 575 1156 619 notitiam,
1191 573 1290 623 quia

284 654 381 689 tunc
422 654 537 690 esset
572 651 819 700 receptivus
868 650 1064 701 ejusdem
1088 681 1097 698 ,
1140 652 1183 689 et
1229 648 1289 688 sic

283 729 396 765 esset
424 726 467 765 in
486 726 678 775 potentia
708 727 939 776 receptiva,
965 724 1081 776 quod
1114 728 1179 764 est
1213 725 1288 764 im¬

280 800 496 849 possibile,
515 802 614 851 quia
643 800 724 840 hoc
747 804 862 840 esset
882 799 1232 851 imperfectionis,

331 875 395 915 Ad
427 877 531 916 istas
562 875 668 915 duas
706 877 894 917 rationes
927 874 1164 926 respondet
1201 875 1287 913 Do-

281 953 385 990 ctor.
417 951 483 991 Ad
505 952 684 1001 primam
702 951 760 991 ibi
782 957 791 992 :
830 957 935 992 Cum
968 956 1107 992 autem
1135 953 1284 1000 argui¬

279 1031 350 1066 tur
363 1032 457 1076 post
478 1028 527 1067 de
546 1029 898 1077 impossibilitate.
921 1029 968 1068 Et
1003 1028 1109 1068 ratio
1131 1030 1210 1067 stat
1243 1028 1285 1066 in

277 1103 358 1143 hoc
388 1103 674 1153 supponendo
712 1113 874 1150 unum,
916 1103 1032 1154 quod
1061 1103 1170 1142 sicut
1205 1103 1285 1141 im¬

275 1178 481 1227 possibile
512 1184 577 1218 est
596 1179 710 1219 idem
736 1180 992 1232 principium
1024 1181 1146 1229 quasi
1184 1189 1285 1228 pro¬

276 1253 492 1292 ductivum
551 1254 710 1294 notitiae
753 1255 940 1306 genitae,
987 1255 1148 1294 habere
1197 1255 1281 1295 duo

277 1331 398 1380 quasi
425 1328 634 1380 producta
673 1331 754 1370 sibi
789 1330 1019 1381 adaequata
1053 1331 1140 1372 sive
1176 1331 1282 1370 duas

274 1405 448 1444 notitias
483 1405 604 1455 quasi
640 1406 887 1455 productas,
924 1409 1126 1456 respectu
1164 1406 1278 1457 ejus¬

275 1481 375 1522 dem
421 1481 576 1533 objecti
615 1482 694 1522 sibi
730 1482 974 1532 simpliciter
1020 1482 1279 1531 adaequatas,

273 1559 332 1597 sic
350 1560 415 1596 est
442 1557 706 1607 impossibile
739 1557 856 1597 idem
887 1557 1140 1608 principium
1177 1567 1280 1597 vere

271 1631 573 1682 productivum
592 1632 754 1672 habere
788 1632 872 1671 duo
912 1643 1013 1672 vere
1051 1631 1276 1682 producta,

272 1710 372 1756 puta
395 1705 501 1745 duas
530 1706 701 1745 notitias
731 1717 831 1746 vere
861 1707 1093 1756 productas
1114 1706 1277 1756 simpli¬

273 1782 377 1820 citer
413 1782 492 1821 sibi
530 1781 774 1832 adaequatas
829 1785 1029 1832 respectu
1079 1782 1278 1832 ejusdem

271 1858 444 1911 objecti.
477 1858 563 1898 Sed
592 1868 678 1897 non
701 1862 766 1899 est
784 1858 1062 1908 impossibile,
1095 1857 1211 1908 quod
1244 1860 1278 1897 si

269 1935 401 1975 habet
438 1947 568 1974 unam
609 1937 731 1986 quasi
768 1935 1024 1986 productam
1061 1934 1142 1973 sibi
1171 1933 1276 1973 adae¬

271 2015 459 2063 quatam,
510 2011 626 2060 quod
662 2022 749 2050 non
781 2011 916 2060 possit
960 2010 1120 2049 habere
1153 2009 1278 2048 aliam

268 2098 369 2127 vere
402 2086 654 2136 productam
679 2087 759 2126 sibi
786 2086 1072 2136 adaequatam,
1107 2089 1148 2125 et
1175 2085 1274 2125 ideo

269 2163 574 2211 argumentum
630 2162 696 2199 est
747 2159 802 2199 ad
857 2160 1129 2210 oppositum,
1178 2160 1276 2211 quia

267 2241 406 2277 stante
440 2240 573 2286 prima
616 2238 736 2287 quasi
764 2237 992 2287 producta,
1034 2237 1174 2277 adhuc
1213 2241 1277 2277 est

268 2314 518 2363 principium
542 2323 642 2352 vere
672 2313 968 2362 productivum
990 2313 1165 2364 alicujus
1202 2323 1276 2354 no¬

267 2388 363 2428 titiae
384 2399 483 2428 vere
512 2387 739 2438 productae.

320 2465 384 2504 Ad
414 2464 651 2504 secundam
674 2465 884 2505 rationem
912 2465 1147 2515 respondet
1182 2467 1240 2506 ibi
1263 2479 1272 2505 :

270 2544 374 2581 Cum
403 2543 602 2590 arguitur
620 2541 798 2580 ulterius
817 2542 866 2580 de
886 2543 1020 2580 activo
1049 2545 1085 2581 et
1101 2543 1272 2590 factivo.

266 2618 316 2656 Et
344 2621 443 2656 nota
470 2617 579 2655 hanc
614 2617 943 2666 responsionem
966 2649 974 2664 ,
1018 2616 1119 2657 dicit
1159 2619 1272 2657 enim

267 2691 425 2731 Doctor
472 2691 589 2741 quod
624 2692 823 2741 potentiae
856 2702 957 2731 vere
1007 2692 1270 2741 productivae

266 2765 423 2806 accidit
454 2766 570 2817 quod
610 2767 772 2806 dicatur
799 2767 934 2807 activa
961 2768 1027 2807 vel
1060 2768 1175 2817 quod
1206 2769 1269 2807 di¬

264 2846 384 2881 catur
404 2840 572 2889 factiva,
596 2842 695 2892 quia
723 2842 804 2881 hoc
832 2853 920 2881 non
942 2846 1006 2883 est
1027 2854 1080 2882 ex
1106 2844 1270 2883 ratione

260 2916 428 2956 formali
454 2917 658 2966 potentiae
689 2917 970 2966 productivae,
1001 2918 1080 2957 sed
1118 2918 1272 2959 accidit

258 2993 338 3032 sibi
363 3003 415 3032 ex
442 2992 583 3043 aliquo
616 2992 855 3042 posteriori,
880 2992 977 3042 quia
1013 2993 1048 3032 si
1090 2994 1269 3033 effectus

257 3069 495 3120 productus
515 3071 642 3107 natus
684 3070 738 3107 sit
759 3071 923 3107 tantum
952 3070 1085 3119 recipi
1105 3070 1144 3107 in
1174 3070 1267 3120 ipso

256 3144 546 3195 producente,
597 3143 750 3182 dicitur
787 3146 981 3193 potentia
1016 3143 1268 3193 productiva

260 3220 410 3259 activa.
443 3219 485 3258 Si
502 3228 603 3259 vero
635 3219 813 3258 effectus
832 3218 1068 3267 productus
1102 3222 1269 3259 tantum

264 3297 316 3335 sit
354 3297 478 3334 natus
517 3295 649 3345 recipi
696 3296 740 3334 in
786 3296 963 3334 materia
1011 3296 1264 3344 extrinseca,

264 3371 416 3411 dicitur
443 3372 635 3420 potentia
672 3370 922 3420 productiva
958 3369 1126 3412 factiva.
1165 3373 1266 3412 Narn

264 3446 453 3496 potentia
493 3445 741 3495 productiva
789 3446 920 3484 habet
957 3449 1118 3486 tantum
1167 3459 1264 3497 pro¬

271 3522 449 3562 ductum
467 3532 543 3572 pro
584 3521 779 3570 termino,
821 3524 863 3561 et
901 3525 1064 3562 tantum
1095 3526 1269 3575 respicit

1367 270 1499 317 illum,
1536 268 1651 320 quod
1679 268 1807 309 modo
1846 267 2106 318 productum
2142 266 2373 315 recipiatur

1364 346 1407 384 in
1437 347 1528 395 ipso
1567 345 1836 395 producente
1877 344 1945 385 vel
1983 344 2027 382 in
2065 342 2242 382 materia
2297 350 2372 380 ex¬

1364 422 1561 468 trinseca,
1584 421 1666 461 hoc
1695 431 1781 459 non
1822 424 1887 460 est
1925 430 1978 459 ex
2013 420 2176 458 ratione
2206 416 2374 456 formali

1365 496 1558 545 producti
1592 498 1639 535 ut
1677 493 1891 544 producti,
1922 495 1989 534 vel
2015 493 2293 544 producentis
2329 495 2375 530 ut

1363 569 1657 619 producentis,
1676 569 1755 609 sed
1777 580 1829 609 ex
1850 570 2014 608 ratione
2035 566 2302 608 accidentali.
2324 567 2374 605 Et

1361 645 1457 684 vide
1474 645 1702 683 Doctorem
1718 645 1763 684 in
1778 648 1916 694 quaesi.
1935 645 1994 689 13.
2015 644 2369 689 Quodlibetorum,

1360 720 1434 758 ubi
1455 719 1608 758 diffuse
1631 718 1823 758 declarat
1851 718 2136 757 differentiam
2166 717 2371 766 potentiae

1361 800 1503 839 activae
1523 803 1565 838 et
1584 798 1758 839 factivae.
1792 799 1832 837 Si
1861 809 1962 838 vero
1998 797 2188 847 potentia
2211 795 2368 846 produ¬

1361 875 1466 914 ctiva
1494 875 1653 915 liabeat
1678 873 1936 924 productum
1958 875 2000 912 in
2029 883 2077 912 se
2111 872 2367 921 subsistens,

1366 949 1424 987 ita
1448 949 1565 999 quod
1605 950 1648 988 in
1680 950 1796 988 nullo
1829 949 2079 999 recipiatur,
2130 951 2230 987 tunc
2279 948 2370 987 talis

1356 1026 1547 1074 potentia
1596 1028 1762 1064 tantum
1811 1025 1965 1064 dicitur
2002 1024 2277 1074 productiva,
2328 1018 2371 1064 et

1357 1101 1417 1140 sic
1438 1105 1501 1140 est
1519 1101 1562 1140 in
1578 1101 1816 1151 proposito,
1841 1103 1940 1152 quia
1957 1102 2163 1140 memoria
2182 1099 2367 1141 fecunda

1356 1177 1399 1216 in
1432 1177 1583 1216 divinis
1615 1180 1680 1216 est
1725 1180 1886 1217 tantum
1926 1176 2180 1227 productiva
2208 1177 2368 1217 notitiae

1355 1254 1523 1303 genitae,
1556 1254 1655 1304 quia
1697 1254 1789 1293 talis
1826 1254 1976 1292 notitia
2013 1254 2159 1304 genita
2196 1263 2283 1293 non
2305 1257 2368 1292 est

1354 1332 1450 1368 nata
1467 1330 1599 1379 recipi
1620 1331 1663 1369 in
1692 1329 1834 1379 aliquo
1860 1333 2065 1379 tamquam
2088 1331 2132 1369 in
2154 1329 2365 1380 subjecto,

1351 1403 1431 1442 sed
1454 1405 1531 1442 erit
1559 1405 1600 1443 in
1622 1415 1664 1443 se
1683 1415 1784 1443 vere
1804 1404 2060 1452 subsistens,
2093 1408 2134 1443 et
2153 1404 2213 1444 sic
2252 1406 2368 1453 patet

1349 1478 1430 1518 ista
1459 1481 1682 1529 responsio
1705 1491 1835 1530 quam
1854 1481 1967 1520 bene
1999 1483 2114 1520 nota.
2139 1480 2229 1519 Stat
2263 1490 2365 1531 ergo

1349 1556 1454 1594 ratio
1502 1557 1638 1605 prima
1676 1558 1872 1596 Doctoris
1920 1559 1964 1597 in
1999 1557 2154 1597 robore
2188 1568 2283 1602 suo,
2325 1560 2367 1596 et

1351 1631 1539 1671 rationes
1569 1632 1714 1682 positae
1731 1637 1878 1672 contra
1899 1632 2076 1672 fuerunt
2112 1644 2189 1683 pro
2212 1634 2364 1685 majori

1353 1708 1640 1748 declaratione
1662 1710 1836 1749 minoris
1860 1711 2006 1760 primae
2028 1710 2217 1750 rationis.

1722 1831 1987 1868 SGHOLIUM.

1397 1923 1541 1960 Probat
1561 1924 1736 1960 secundo
1756 1925 1799 1960 in
1828 1926 1905 1961 Deo
1931 1934 2020 1961 esse
2040 1926 2359 1971 productionem,

1350 1988 1447 2033 quia
1468 1987 1667 2032 objectum
1689 1988 1842 2024 habens
1860 1998 1938 2024 esse
1955 1988 2184 2026 'secundum
2205 1991 2303 2037 quid
2324 1996 2362 2029 et

1350 2051 1543 2087 differens
1570 2052 1618 2087 ab
1639 2052 1847 2088 intellectu
1886 2053 2098 2100 producit;
2121 2064 2217 2100 ergo
2238 2057 2277 2092 et
2291 2056 2362 2095 ob¬

1343 2115 1500 2160 jectum
1521 2115 1778 2160 simpliciter,
1803 2118 1841 2151 et
1861 2116 2086 2152 secundum
2116 2126 2158 2153 se
2178 2128 2361 2163 praesens

1348 2188 1393 2213 ac
1415 2178 1700 2215 indistinctum
1722 2179 1770 2214 ab
1798 2180 2026 2224 intellectu,
2060 2183 2157 2226 quia
2176 2183 2251 2218 ista
2283 2182 2361 2219 duo

1348 2246 1443 2278 sunt
1462 2243 1739 2288 perfectionis,
1762 2249 1800 2280 et
1820 2245 1893 2280 illa
1915 2245 2250 2290 imperfectionis.
2265 2249 2362 2283 Ter¬

1347 2307 1416 2349 tio,
1440 2307 1545 2342 sicut
1565 2309 1786 2344 necessitas
1807 2312 1865 2344 est
1884 2309 2145 2354 perfectionis
2177 2312 2220 2346 in
2254 2316 2359 2355 ente,

1346 2371 1402 2407 ita
1424 2375 1461 2408 et
1480 2372 1524 2406 in
1564 2372 1743 2417 quolibet
1768 2372 1978 2410 dividente
2019 2385 2091 2411 ens
2130 2376 2236 2422 quod
2280 2387 2358 2414 non

1346 2434 1523 2471 includit
1562 2436 1914 2481 imperfectionem
1942 2449 1950 2482 ;
1970 2439 2256 2483 productivum
2299 2443 2360 2477 est

1346 2500 1448 2544 tale;
1495 2509 1605 2544 ergo.
1645 2501 1793 2542 Quarto
1830 2504 1976 2538 natura
2009 2503 2184 2539 limitata
2217 2505 2359 2541 fundat

1346 2562 1562 2598 relationes
1582 2564 1784 2609 oppositas
1800 2565 1968 2600 secundi
1992 2566 2113 2609 modi,
2136 2568 2251 2604 verbi
2271 2579 2357 2613 gra¬

1345 2626 1402 2662 tia
1418 2655 1427 2669 ,
1468 2627 1656 2664 voluntas
1694 2632 1882 2673 respectu
1916 2630 2058 2665 motivi
2099 2634 2136 2666 et
2172 2632 2356 2680 mobilis;

1345 2699 1441 2735 ergo
1462 2691 1504 2725 in
1526 2693 1670 2726 natura
1694 2690 1853 2727 infinita
1878 2696 2048 2738 possunt
2085 2704 2174 2730 esse
2214 2696 2359 2733 relati¬

1343 2764 1438 2789 ones
1458 2753 1718 2799 producentis
1741 2759 1778 2792 et
1798 2755 1997 2801 prodacti,
2019 2768 2110 2804 quae
2131 2763 2226 2796 sunt
2247 2761 2356 2806 ejus¬

1343 2817 1434 2853 dem
1457 2817 1578 2853 modi.

1400 2916 1632 2962 Secundo
1663 2916 2033 2976 principaliter
2054 2920 2120 2977 (a)
2147 2921 2206 2966 ad
2236 2935 2351 2968 con-

1342 2990 1637 3037 clusionem
1667 2992 2018 3052 principalem
2040 3008 2209 3054 arguo
2240 2998 2314 3044 sic
2338 3017 2346 3044 :

1344 3064 1607 3124 objectum
1644 3068 1701 3112 ut
1734 3068 1815 3112 est
1849 3066 1902 3111 in
1936 3069 2193 3115 memoria
2229 3084 2350 3130 pro¬

1341 3139 1482 3186 ducit
1529 3139 1761 3199 seipsum
1813 3144 1870 3188 ut
1922 3144 2002 3189 est
2054 3144 2105 3189 in
2158 3145 2350 3193 intelli-

1342 3214 1548 3274 gentia;
1595 3215 1678 3261 vel
1723 3218 1803 3263 est
1850 3217 1989 3265 ratio
2030 3220 2348 3278 producendi

1342 3291 1575 3350 seipsum
1631 3295 1689 3339 ut
1733 3294 1814 3339 est
1864 3293 1915 3338 in
1973 3295 2343 3355 intelligentia.

1342 3368 1485 3419 Quod
1512 3369 1687 3414 autem
1724 3367 1984 3429 objectum
2015 3370 2201 3418 habeat
2231 3387 2346 3421 esse

1342 3443 1622 3502 utrobique
1669 3446 1950 3503 secundum
2005 3449 2110 3503 quid
2159 3449 2241 3494 vel
2282 3451 2345 3496 ab

1339 3519 1415 3566 eis
1443 3519 1710 3574 differens,
1757 3521 1855 3568 hoc
1900 3524 1980 3569 est
2025 3522 2343 3583 imperfecti-
