2711 3950
374 304 541 352 pliciter
596 304 669 344 illi.
730 305 836 344 Dicit
878 315 980 355 ergo
1015 305 1073 343 sic
1115 308 1122 343 :
1165 305 1378 354 Objectum

372 382 416 418 ut
449 379 491 416 in
523 381 746 426 memoria,
778 379 820 418 id
851 383 929 426 est,
956 383 1003 418 ut
1032 390 1129 429 pars
1158 379 1378 418 memoriae

372 455 488 506 (qua)
516 458 563 494 ut
604 454 703 500 dixi,
745 456 936 495 consistit
975 466 1026 495 ex
1073 455 1291 495 intellectu
1338 458 1381 494 et

374 529 544 580 objecto
594 530 848 582 praesente,)
879 532 1078 580 producit
1116 533 1300 580 seipsum
1336 534 1380 569 ut

374 608 429 643 est
459 606 502 644 in
521 605 813 654 inlelligentia,
836 606 879 645 id
919 612 998 653 est,
1029 606 1147 656 quod
1188 617 1377 648 commu¬

371 680 485 718 nicat
504 679 708 729 seipsum,
727 686 766 720 ut
783 685 838 720 est
859 683 902 720 in
921 681 1213 730 inlelligentia,
1235 681 1278 720 id
1299 686 1378 728 est,

369 758 416 793 ut
436 756 501 793 est
520 754 561 793 in
582 755 720 794 Verbo
739 756 867 796 habet
888 768 971 796 esse
999 758 1170 807 proprie
1193 769 1380 797 commu¬

372 830 573 875 nicatum,
606 833 648 870 et
677 830 718 869 in
750 832 874 872 Patre
907 836 972 872 est
1000 834 1103 872 ratio
1140 835 1377 873 communi¬

374 904 497 944 candi
517 916 579 953 se,
609 909 652 946 et
685 907 766 947 hoc
798 913 862 948 est
893 909 1010 959 quod
1044 909 1143 948 dicit
1179 912 1186 950 :
1231 911 1297 950 Vel
1324 915 1379 950 est

371 983 484 1020 ratio
505 985 770 1030 producendi
795 988 992 1034 seipsum,
1023 989 1068 1024 ut
1089 991 1144 1026 est
1163 988 1206 1026 in
1227 987 1380 1026 intelli-

365 1059 521 1107 gentia,
553 1057 783 1098 referendo
816 1060 979 1100 scilicet
1016 1061 1134 1110 quod
1166 1066 1213 1101 ut
1245 1066 1311 1102 est
1337 1064 1380 1102 in

368 1133 490 1172 Patre
521 1136 587 1172 est
624 1135 728 1175 ratio
772 1137 1132 1185 communicandi,
1174 1141 1217 1178 et
1255 1142 1299 1178 ut
1336 1141 1379 1180 in

371 1208 469 1247 Filio
490 1208 619 1248 habet
648 1221 732 1249 esse
753 1212 1132 1250 communicatum.

421 1284 623 1335 Sequitur
662 1288 670 1332 :
715 1289 832 1332 Quod
867 1290 1007 1326 autem
1045 1289 1265 1338 objectum,
1300 1293 1376 1330 etc.

371 1359 541 1399 Clarum
578 1364 644 1400 est
682 1373 734 1402 ex
774 1363 910 1413 dictis,
951 1367 1064 1413 quod
1104 1366 1141 1404 si
1172 1377 1380 1406 memoria

374 1442 472 1478 esset
498 1439 690 1488 perfecta
711 1438 821 1491 (quae
843 1444 943 1480 tunc
976 1443 1054 1488 est,
1094 1443 1265 1491 quando
1296 1443 1376 1483 sci¬

367 1513 470 1553 licet
497 1514 716 1565 objectum
749 1519 792 1555 et
819 1517 1064 1557 intellectus
1095 1522 1193 1558 sunt
1220 1519 1379 1568 simpli¬

370 1592 475 1630 citer
494 1590 625 1638 idem,
649 1595 690 1630 et
709 1593 925 1644 objectum
947 1593 1256 1641 perfectissime
1278 1606 1379 1645 prae¬

369 1677 470 1706 sens
489 1666 741 1715 intellectui)
763 1672 798 1707 et
816 1669 1093 1719 inlelligentia
1109 1673 1314 1720 perfecta,
1336 1671 1380 1710 id

368 1745 447 1790 est,
471 1743 617 1782 notitia
639 1745 786 1794 genita
823 1745 911 1785 sive
926 1745 1112 1784 Verbum
1134 1748 1222 1786 sive
1240 1747 1379 1794 Filius,

371 1830 464 1869 quae
491 1820 639 1858 notitia
662 1822 762 1860 tunc
790 1824 855 1860 est
873 1821 1081 1871 perfecta,
1113 1825 1279 1872 quando
1312 1825 1380 1862 ob¬

365 1896 526 1944 jectum
547 1899 603 1935 est
622 1897 869 1946 simpliciter
889 1899 996 1937 idem
1038 1909 1135 1938 cum
1168 1899 1240 1938 tali
1266 1901 1377 1939 noti¬

374 1971 428 2010 tia
461 1971 623 2022 genita.
659 1974 770 2022 Ergo
801 1974 947 2013 ablata
976 1976 1092 2013 omni
1119 1977 1379 2026 imperfecti¬

371 2057 459 2085 one.
493 2051 573 2086 etc.
598 2048 804 2097 objectum
824 2050 1073 2099 simpliciter
1096 2053 1206 2092 idem
1226 2063 1379 2092 memo¬

371 2133 446 2161 riae
485 2124 644 2171 gignet,
682 2123 726 2163 id
768 2129 845 2173 est,
887 2125 1003 2176 quod
1044 2126 1288 2167 intellectus
1337 2132 1379 2168 et

367 2197 607 2248 objectum,
628 2201 674 2236 ut
695 2202 794 2238 sunt
815 2199 1062 2250 simpliciter
1090 2200 1202 2242 idem
1226 2205 1379 2243 consti¬

375 2273 534 2312 tuentia
556 2273 914 2323 perfectissimam
935 2277 1199 2328 memoriam,
1223 2281 1377 2329 gignet,

369 2348 412 2387 id
434 2352 499 2387 est
524 2350 872 2398 communicabit,
905 2356 951 2390 ut
980 2354 1158 2402 partiale
1192 2366 1378 2396 commu¬

369 2425 600 2464 nicativum
640 2427 820 2476 aliquid,
859 2427 904 2467 id
943 2432 1021 2474 est,
1081 2430 1287 2480 seipsum,
1336 2436 1378 2473 in

368 2501 661 2550 inlelligentia,
700 2503 744 2542 id
782 2508 858 2550 est,
892 2505 934 2543 in
964 2505 1062 2545 Filio
1097 2507 1184 2547 sive
1220 2510 1376 2556 Verbo,

369 2580 440 2618 cui
459 2579 559 2617 Filio
582 2579 670 2618 sive
703 2581 1012 2632 intelligentise,
1048 2587 1103 2621 est
1132 2587 1380 2635 simpliciter

373 2650 503 2695 idem,
540 2652 576 2687 et
609 2650 667 2688 sic
699 2651 831 2689 habeo
858 2656 1139 2700 propositum,
1170 2656 1285 2705 quod
1315 2661 1380 2697 est

370 2726 427 2765 ibi
460 2726 702 2775 productio,
743 2730 841 2778 quia
882 2731 1067 2769 essentia
1106 2730 1248 2772 divina
1292 2746 1380 2774 non

366 2804 516 2851 posset
545 2805 850 2843 communicari
879 2805 976 2845 Filio
1010 2807 1090 2846 nisi
1115 2819 1194 2858 per
1219 2808 1380 2858 produ¬

370 2878 556 2917 ctionem
594 2878 695 2927 Filii,
736 2878 846 2918 sicut
887 2892 968 2920 nec
1006 2886 1155 2923 natura
1193 2885 1380 2926 humana

370 2956 513 3003 potest
547 2955 864 3000 communicari,
896 2960 1000 3006 puta
1029 2959 1267 3008 Francisco,
1301 2963 1378 3002 nisi

370 3029 650 3080 producendo
686 3033 957 3081 suppositum
990 3034 1056 3073 cui
1086 3038 1376 3078 communice¬

372 3110 452 3153 tur,
486 3111 529 3144 et
557 3105 616 3144 sic
645 3110 763 3155 patet
783 3108 995 3148 evidentia
1017 3114 1273 3161 argumenti.

422 3180 482 3233 (b)
512 3183 653 3221 Tertia
674 3184 777 3223 ratio
808 3184 1051 3235 principalis
1080 3190 1143 3226 est
1161 3189 1219 3228 ibi
1241 3193 1249 3228 :
1275 3193 1382 3230 Prae¬

371 3263 488 3298 terea
532 3258 655 3297 tertio
696 3260 756 3299 sic
790 3273 802 3298 :
838 3263 884 3298 In
921 3263 1108 3309 qualibet
1150 3267 1383 3305 conditione

372 3334 519 3380 entis,e
527 3336 579 3371 tc.
621 3333 697 3373 Pro
740 3333 1022 3386 inLelligentia
1059 3337 1188 3390 hujus
1226 3340 1379 3380 litterae

371 3408 586 3458 praemitto
619 3408 775 3460 aliqua.
798 3410 950 3458 Primo,
973 3412 1090 3461 quod
1112 3413 1380 3455 conditiones

372 3486 481 3525 entis
503 3484 556 3524 de
579 3486 733 3536 quibus
755 3488 909 3528 Doctor
929 3499 1044 3528 nunc
1064 3490 1260 3539 intendit,
1283 3496 1383 3532 sunt

373 3562 658 3609 communiter
706 3564 927 3616 passiones
976 3564 1202 3617 disjunctae
1248 3568 1382 3618 ipsius

1454 304 1562 343 entis
1581 317 1589 351 ;
1633 315 1812 355 quarum
1847 304 2038 354 quaedam
2072 303 2296 344 includunt
2315 303 2463 354 perfe¬

1454 380 1639 420 ctionem
1666 383 1757 421 sine
1784 380 2109 431 imperfectione
2142 382 2281 431 aliqua
2300 394 2309 429 ;
2347 391 2463 430 quae¬

1455 456 1552 495 dam
1580 467 1680 496 vero
1718 457 1959 496 necessario
1998 456 2224 497 includunt
2261 455 2459 505 imperfe¬

1455 533 1653 572 ctionem.
1683 534 1935 582 Exemplum
1966 532 2085 580 primi
2121 535 2128 570 :
2172 532 2458 579 Causativum,

1447 609 1756 656 productivum,
1778 611 2070 658 independens,
2094 610 2305 659 infinitum
2329 610 2460 648 ihten-

1450 684 1548 730 sive,
1583 688 1623 722 et
1652 684 1926 735 hujusmodi;
1964 688 2081 735 palet
2116 684 2232 735 quod
2269 686 2346 723 ista
2376 692 2463 721 non

1452 759 1676 800 includunt
1707 761 1949 800 necessario
1985 761 2169 811 aliquam
2200 758 2462 810 imperfecti¬

1453 846 1595 884 onem,
1619 837 1722 876 alias
1744 848 1829 876 non
1850 840 1995 875 essent
2024 836 2256 877 formaliter
2288 840 2330 875 et
2363 845 2459 884 per¬

1452 911 1684 952 fectissime
1713 914 1755 952 in
1793 914 1926 962 primo
1962 915 2077 952 ente.
2113 913 2365 962 Exemplum
2390 921 2462 949 se¬

1454 987 1582 1027 cundi
1606 992 1614 1027 :
1640 989 1878 1034 Causabile,
1901 991 2148 1037 dependens,
2171 989 2336 1037 finitum
2351 988 2462 1036 posi¬

1450 1065 1543 1109 tive,
1567 1064 1810 1103 necessario
1831 1063 2058 1104 includunt
2075 1063 2457 1114 imperfectionem,

1450 1137 1549 1178 ideo
1581 1139 1674 1177 istae
1709 1149 1796 1178 non
1825 1141 2008 1189 possunt
2039 1138 2275 1179 formaliter
2303 1149 2398 1179 esse
2418 1139 2461 1178 in

1451 1214 1586 1262 primo
1611 1218 1726 1253 ente.
1762 1213 1961 1254 Secundo
1984 1215 2190 1263 praemitto
2223 1213 2340 1264 quod
2363 1213 2463 1253 dicit

1451 1291 1610 1329 Doctor
1646 1289 1763 1340 quod
1806 1289 1978 1340 quando
2024 1301 2100 1330 ens
2141 1289 2342 1330 dividitur
2387 1301 2465 1339 per

1452 1368 1664 1416 opposita,
1701 1366 1883 1406 alterum
1920 1365 2200 1405 dividentium
2231 1368 2296 1404 est
2326 1364 2466 1415 perfe¬

1453 1444 1604 1483 ctionis
1641 1444 1683 1482 in
1732 1445 1846 1491 ente,
1886 1443 2067 1482 alterum
2108 1441 2460 1492 imperfectionis.

1452 1521 1536 1559 Hoc
1568 1518 1728 1559 dictum
1755 1530 1843 1558 non
1874 1518 2007 1558 debet
2034 1519 2232 1558 absolute
2265 1518 2461 1568 intelligi,

1453 1597 1552 1645 quia
1572 1606 1659 1635 non
1679 1594 1922 1634 verificalur
1941 1595 1983 1633 in
2004 1595 2149 1634 multis
2171 1593 2460 1634 dividentibus

1453 1681 1529 1710 ens
1550 1682 1628 1720 per
1647 1671 1843 1721 opposita
1861 1682 1870 1717 ;
1903 1671 2021 1719 palet
2051 1670 2147 1720 quia
2163 1670 2462 1718 productivum

1454 1747 1554 1786 dicit
1594 1746 1904 1796 perfectionem
1942 1746 2205 1794 simpliciter,
2244 1748 2286 1783 et
2317 1748 2460 1784 tamen

1447 1822 1714 1872 producibile
1731 1832 1818 1860 non
1838 1821 2081 1860 necessario
2109 1819 2288 1859 includit
2306 1821 2460 1869 imper¬

1451 1897 1696 1943 fectionem,
1728 1899 1848 1946 patet
1869 1896 1922 1935 de
1943 1896 2041 1936 Filio
2070 1898 2147 1935 Dei
2169 1896 2241 1946 qui
2269 1898 2334 1935 est
2361 1905 2461 1934 vere

1450 1971 1744 2024 producibilis.
1776 1973 1917 2022 Aliqui
1945 1982 2047 2023 ergo
2080 1974 2349 2021 exponentes
2381 1972 2461 2010 Do-

1452 2052 1613 2088 ctorem
1642 2048 1685 2087 in
1719 2048 1799 2087 isto
1839 2058 1971 2097 passu
2010 2047 2172 2093 dicunt,
2217 2046 2334 2097 quod
2382 2046 2464 2085 hoc

1451 2136 1538 2165 non
1560 2125 1689 2164 debet
1707 2123 1886 2175 intelligi
1908 2123 1962 2162 de
1985 2122 2272 2163 dividentibus
2294 2134 2370 2162 ens
2388 2134 2464 2173 per

1452 2202 1697 2251 oppositum
1725 2200 1965 2245 relativum,
1987 2198 2066 2238 sed
2095 2199 2148 2238 de
2170 2198 2461 2239 dividentibus

1453 2287 1530 2316 ens
1552 2287 1628 2326 per
1647 2275 1889 2326 oppositum
1912 2277 2140 2322 contrarie,
2178 2274 2460 2315 contradicto¬

1451 2356 1513 2393 rie
1551 2356 1593 2392 et
1633 2352 1853 2402 privative,
1896 2351 1996 2400 quia
2037 2355 2137 2390 tunc
2178 2353 2463 2392 communiter

1450 2441 1585 2470 unum
1617 2429 1896 2469 dividentium
1918 2431 1984 2467 est
2003 2427 2283 2478 perfectionis
2304 2429 2462 2479 simpli¬

1453 2509 1572 2551 citer,
1596 2505 1711 2546 aliud
1733 2516 1830 2544 vero
1861 2502 2212 2553 imperfectionis.

1503 2582 1668 2622 Deinde
1706 2581 1826 2620 addit
1860 2582 2018 2619 Doctor
2051 2580 2163 2630 quod
2197 2581 2240 2620 in
2274 2582 2464 2632 qualibet

1453 2659 1696 2700 conditione
1719 2660 1844 2706 entis,
1869 2667 1965 2707 quae
2001 2667 2088 2696 non
2123 2661 2187 2697 est
2215 2669 2268 2696 ex
2296 2660 2462 2699 ratione

1452 2746 1530 2775 sua
1566 2733 1832 2785 imperfecta,
1867 2734 2084 2772 necessitas
2118 2736 2183 2772 est
2215 2733 2465 2783 simpliciter

1451 2810 1743 2862 perfectionis,
1798 2810 1928 2860 igitur
1980 2808 2307 2858 improducliva,
2365 2812 2464 2860 quia

1451 2887 1556 2928 illud
1576 2899 1662 2927 non
1691 2886 1789 2925 dicit
1819 2895 1871 2923 ex
1904 2895 1950 2923 se
1983 2884 2385 2933 imperfectionem;
2420 2890 2463 2926 et

1453 2966 1585 3015 patet,
1610 2963 1709 3013 quia
1737 2963 1847 3001 sicut
1865 2962 2146 3000 necessarium
2179 2963 2245 3000 est
2275 2961 2464 3002 conditio

1455 3039 1728 3090 perfectionis
1761 3039 1804 3077 in
1843 3040 1941 3076 ente
1980 3038 2235 3088 inquantum
2275 3047 2366 3085 ens,
2405 3038 2462 3078 ita

1456 3117 1577 3155 etiam
1601 3119 1665 3155 est
1686 3112 1960 3164 perfectionis
1985 3113 2029 3152 in
2061 3113 2253 3162 quolibet
2274 3113 2463 3153 dividen¬

1455 3197 1494 3232 te
1526 3203 1618 3240 ens,
1664 3190 1780 3241 quod
1817 3200 1903 3228 non
1948 3191 2012 3227 est
2051 3200 2103 3228 ex
2133 3199 2179 3228 se
2218 3189 2463 3228 necessario

1453 3267 1770 3318 imperfectum,
1804 3265 1893 3304 sive
1927 3263 2167 3303 limitatum.
2207 3263 2322 3302 Sicut
2351 3264 2465 3302 enim

1456 3342 1627 3393 quando
1663 3352 1738 3380 ens
1772 3338 1973 3379 dividitur
2005 3350 2083 3388 per
2116 3339 2327 3388 opposita,
2357 3339 2461 3377 alte¬

1453 3431 1547 3458 rum
1571 3416 1850 3458 dividentium
1873 3417 1937 3454 est
1966 3413 2243 3463 perfectionis
2270 3414 2314 3453 in
2346 3416 2461 3463 ente,

1454 3496 1635 3535 alterum
1671 3490 2019 3542 imperfectionis,
2058 3492 2117 3530 ita
2162 3491 2206 3529 in
2255 3490 2460 3540 quolibet,

1458 3570 1575 3623 quod
1614 3573 1678 3610 est
1720 3565 2057 3618 imperfectionis
2097 3565 2326 3617 cujuslibet
2365 3565 2462 3606 divi-
