2711 3950
245 393 374 432 mas,
409 392 504 432 pro
540 377 885 425 conclusione
933 373 1257 421 affirmativa

412 422 424 438 1

241 455 549 510 quaestionis
623 454 912 510 respondeo
987 454 1048 496 ad
1102 462 1258 508 argu-

244 532 418 576 menta
452 543 504 576 m
534 532 851 589 oppositum.

302 606 375 652 Ad
410 619 654 664 primum,
672 644 678 648 .
697 602 932 661 negando
980 613 1255 658 majorem.

246 683 375 728 Cum
421 681 679 740 probatur
731 679 902 738 primo
949 689 1042 736 per
1084 689 1258 722 neces¬

246 757 450 802 sarium
485 769 548 801 ex
571 769 626 801 se
652 757 702 801 et
739 768 802 800 ex
835 753 955 804 alio,
986 752 1099 810 dico
1123 751 1258 810 quod

248 831 292 877 si
323 832 454 878 idem
501 843 665 889 genus
717 828 890 876 causae
933 828 1257 887 importetur

250 920 342 966 per
380 906 490 952 haec
517 906 616 952 duo
644 921 698 948 ex
716 921 759 948 se
790 908 841 951 et
862 920 916 948 ex
935 906 1039 956 alio,
1070 915 1256 948 verum

246 984 326 1028 est
349 981 482 1041 quod
502 980 633 1026 nihil
673 980 748 1027 sic
784 982 864 1026 est
896 978 1257 1025 necessarium

244 1071 307 1103 ex
336 1071 390 1103 se
423 1059 475 1103 et
526 1069 589 1102 ex
624 1056 753 1108 alio;
797 1055 843 1100 si
890 1057 1068 1102 autem
1119 1053 1258 1099 aliud

245 1145 409 1191 genus
433 1145 608 1178 causae
642 1132 980 1190 importetur,
1011 1133 1139 1189 puta
1166 1142 1259 1188 per

246 1209 372 1254 illud
411 1225 466 1252 ex
501 1225 559 1261 se,
591 1221 750 1254 causa
780 1206 1039 1258 formalis,
1086 1208 1137 1252 et
1168 1218 1259 1264 per

244 1283 369 1328 illud
419 1285 471 1326 ab
521 1285 610 1326 alio
616 1319 626 1335 ,
670 1294 832 1328 causa
891 1281 1134 1327 effectiva
1176 1280 1260 1326 vel

244 1357 572 1417 productiva,
620 1371 726 1403 non
773 1360 853 1404 est
887 1355 1258 1403 inconveniens

244 1433 378 1479 idem
417 1446 531 1478 esse
566 1432 927 1479 necessarium
967 1445 1030 1476 ex
1059 1444 1113 1476 se
1158 1443 1259 1475 uno

246 1509 416 1560 modo,
448 1510 498 1554 et
545 1509 607 1554 ab
649 1509 753 1554 alio
787 1508 892 1554 alio
927 1507 1094 1552 modo.
1130 1508 1260 1554 Cum

249 1585 507 1644 probatur
588 1585 761 1644 major
839 1583 1257 1644 prosyllogismi,

243 1660 357 1707 dico
395 1659 528 1718 quod
577 1660 939 1706 necessarium
979 1673 1042 1704 ex
1077 1672 1130 1704 se
1158 1659 1261 1704 for¬

251 1736 480 1789 maliter,
511 1750 615 1781 non
648 1737 822 1795 potest
862 1749 966 1781 non
1000 1749 1116 1781 esse
1167 1735 1263 1781 cir¬

244 1812 570 1871 cumscripto
621 1825 950 1871 quocumque
994 1811 1117 1864 alio,
1172 1826 1261 1858 cu¬

240 1889 327 1948 jus
379 1887 812 1947 circumscriptio
876 1901 980 1933 non
1040 1887 1260 1935 includit

246 1963 837 2023 incompossibilitatem
872 1964 1107 2022 ponendo
1139 1964 1263 2010 illud

248 2054 379 2093 esse,
411 2040 498 2086 sed
536 2054 599 2086 ex
647 2053 700 2086 se
750 2040 1113 2086 necessarium
1158 2040 1262 2086 for-

250 2115 480 2168 maliter,
531 2115 774 2174 sequitur
808 2129 963 2174 posse
990 2129 1096 2162 non
1129 2130 1260 2169 esse,

250 2191 662 2250 circumscripto
688 2205 1017 2250 quocumque
1040 2192 1144 2238 alio
1174 2205 1265 2251 per

252 2266 594 2325 impossibile,
627 2266 764 2313 sicut
796 2281 859 2313 ex
888 2281 989 2313 uno
1024 2267 1267 2327 impossi¬

251 2342 345 2387 bili
382 2342 572 2400 posito,
622 2342 864 2401 sequitur
904 2343 1043 2389 aliud
1073 2343 1266 2389 incom-

253 2417 520 2478 possibile,
570 2418 644 2464 ita
677 2419 735 2464 de
777 2419 911 2464 Filio
960 2419 1060 2466 hoc
1101 2420 1267 2466 decla¬

256 2497 409 2540 ratur
440 2506 532 2552 per
558 2493 873 2552 exemplum.

318 2568 624 2628 Philosophi
685 2571 937 2628 ponentes
989 2574 1267 2618 creaturas

260 2644 560 2691 necessario
603 2645 836 2703 produci,
873 2645 1064 2693 habent
1096 2647 1270 2694 dicere

263 2721 397 2779 quod
425 2721 551 2779 ipsa©
580 2719 832 2766 haberent
860 2721 1138 2767 entitatem
1169 2736 1270 2782 qua

263 2797 478 2843 formali
488 2800 567 2843 ter
611 2800 786 2844 essent
836 2798 1166 2852 necessariae,
1215 2801 1271 2845 li-

264 2874 342 2918 cet
386 2871 434 2917 in
481 2871 573 2917 illa
606 2871 829 2918 entitate
865 2872 1214 2931 dependerent
1243 2889 1272 2921 a

264 2960 424 2992 causa
462 2947 765 2992 necessario
814 2947 1158 3006 producente;
1194 2950 1274 2997 Fi¬

266 3022 366 3068 lius
417 3025 594 3069 autem
652 3022 808 3069 habet
853 3024 1130 3070 entitatem
1170 3024 1274 3071 for-

268 3111 349 3144 ina
356 3098 417 3144 lit
421 3111 480 3144 er
528 3097 906 3150 necessariam,
950 3101 999 3144 et
1039 3101 1273 3147 earndem

230 3208 245 3214 -
266 3186 387 3220 cum
411 3173 746 3228 producente,
773 3176 1023 3220 creatura
1050 3174 1215 3228 igitur
1231 3176 1275 3222 si

264 3252 404 3295 esset
439 3262 503 3294 ex
532 3263 586 3294 se
619 3248 925 3295 necessaria
960 3263 1061 3294 non
1097 3254 1276 3304 posset

266 3337 369 3369 non
398 3337 530 3375 esse,
555 3323 962 3382 circumscripto
988 3326 1130 3371 omni
1153 3327 1274 3378 alio,

268 3399 419 3459 cujus
477 3398 908 3459 circumscriptio
955 3413 1059 3446 non
1105 3402 1281 3461 impli¬

271 3479 357 3522 cat
412 3475 905 3528 contradictionem,
958 3479 1136 3523 tamen
1181 3480 1280 3525 cir¬

272 3551 598 3610 cumscripta
667 3564 828 3598 causa
879 3552 985 3598 alia
1030 3565 1059 3597 a
1103 3568 1157 3600 se
1187 3568 1280 3614 per

273 3625 718 3684 incompassibile,
768 3630 949 3686 posset
984 3641 1088 3674 non
1132 3644 1274 3685 esse;

1332 372 1497 419 Filius
1531 375 1708 420 autem
1736 388 1837 421 non
1869 377 2045 434 posset
2074 389 2178 422 non
2204 390 2336 429 esse,

1332 449 1740 509 circumscripto
1776 464 2105 510 quocumque
2132 451 2237 498 alio
2266 465 2339 498 se¬

1332 524 1555 570 cundum
1624 526 1903 573 entitatem
1972 540 2002 572 a
2066 527 2336 586 producto,

1333 600 1453 658 quia
1486 614 1589 646 non
1631 605 1804 660 potest
1831 616 1935 648 non
1962 617 2078 649 esse
2110 603 2213 650 nisi
2240 603 2339 650 cir¬

1331 676 1657 735 cumscripta
1719 690 1946 736 persona
2002 678 2336 736 producente,

1330 753 1380 797 et
1423 751 1712 809 producens
1740 766 1845 799 non
1871 756 1951 801 est
1979 753 2117 799 aliud
2162 768 2340 800 secun¬

1330 825 1451 871 dum
1490 827 1769 874 entitatem
1808 842 1837 874 a
1878 829 2150 888 producto.
2197 829 2339 876 Unde

1332 900 1376 946 si
1432 902 1591 948 Pater
1647 905 1954 950 creaturam
2019 904 2342 951 naturaliter

1332 976 1663 1035 produceret,
1711 981 1763 1026 et
1809 979 2114 1025 necessario
2155 979 2341 1038 produ¬

1332 1055 1476 1099 ceret
1499 1066 1613 1099 eam
1637 1052 1941 1101 formaliter
1964 1055 2337 1108 necessariam,

1332 1131 1510 1175 tamen
1553 1142 1657 1175 non
1691 1132 1831 1177 esset
1871 1133 1994 1178 tunc
2037 1130 2342 1177 necessaria

1331 1206 1481 1250 tanta
1508 1204 1842 1257 necessitate,
1873 1210 2070 1264 quanta
2097 1208 2178 1253 est
2204 1219 2340 1252 nunc

1332 1279 1499 1325 Filius
1534 1281 1888 1327 necessarius.

1393 1355 1509 1401 Stat
1531 1366 1661 1413 ergo
1689 1356 1748 1401 de
1776 1355 1911 1402 Filio
1953 1357 2084 1415 quod
2118 1356 2188 1404 sit
2223 1370 2252 1402 a
2286 1370 2339 1402 se

1333 1430 1638 1477 formaliter
1681 1432 2033 1485 necessarius,
2080 1436 2131 1480 et
2163 1435 2342 1479 tamen

1334 1504 1396 1550 ab
1420 1504 1524 1550 alio
1546 1505 1880 1564 producente,
1911 1519 2029 1552 cum
2060 1520 2160 1565 quo
2188 1507 2343 1555 habet

1333 1581 1568 1627 earndem
1598 1582 1877 1628 entitatem
1904 1583 2280 1663 necessariam.

1393 1658 1467 1703 Ad
1502 1658 1783 1703 secundam
1831 1659 2197 1717 probationem
2240 1635 2343 1705 ma-

1331 1734 1469 1792 joris
1502 1733 1616 1780 dico
1663 1734 1743 1792 (b),
1788 1736 1920 1793 quod
1944 1737 2148 1792 possibile
2193 1736 2344 1795 Logi-

1336 1824 1452 1856 cum
1497 1809 1670 1856 differt
1710 1823 1740 1867 a
1774 1813 1973 1867 possibili
2017 1813 2165 1866 reali,
2208 1814 2344 1860 sicut

1337 1887 1482 1943 patet
1524 1898 1617 1944 per
1663 1885 2042 1945 Philosophum
2075 1890 2117 1934 5.
2153 1891 2341 1945 Meiaph.

1336 1964 1525 2018 capitulo
1575 1963 1627 2005 de
1678 1965 1889 2019 potentia.
1941 1963 2196 2010 Possibile
2249 1966 2346 2010 Lo-

2364 2039 2375 2070 dlfferant
1337 2037 1514 2095 gicum
1571 2043 1651 2085 est
1703 2040 1884 2085 modus
1941 2041 2345 2100 compositionis

1338 2116 1586 2161 formatae
1628 2115 1690 2161 ab
1724 2115 2012 2168 intellectu,
2056 2116 2199 2163 illius
2240 2119 2348 2177 qui¬

1337 2192 1451 2237 dem
1488 2190 1636 2250 cujus
1682 2191 1899 2237 termini
1943 2206 2047 2238 non
2081 2193 2350 2241 includunt

1339 2267 1833 2320 contradictionem,
1865 2270 1915 2314 et
1950 2269 2024 2314 ita
2063 2269 2161 2316 hoc
2196 2271 2347 2316 modo

1338 2342 1606 2401 possibilis
1629 2345 1709 2389 est
1725 2342 1834 2389 haec
1858 2345 2156 2403 propositio
2185 2348 2194 2388 :
2216 2348 2352 2388 Deum

1337 2433 1459 2476 posse
1481 2419 1668 2473 produci
1708 2420 1759 2464 et
1798 2420 1935 2462 Deum
1961 2434 2048 2462 esse
2074 2422 2225 2463 Deum.
2258 2420 2353 2467 Sed

1336 2496 1542 2550 possibile
1588 2493 1732 2539 reale
1776 2496 1873 2545 est,
1918 2494 2050 2552 quod
2090 2495 2353 2554 accipitur

1342 2570 1405 2616 ab
1446 2570 1624 2629 aliqua
1681 2570 1918 2628 potentia
1964 2570 2015 2616 in
2063 2584 2119 2617 re
2153 2572 2288 2618 sicut
2323 2585 2353 2617 a

1343 2643 1579 2704 potentia
1648 2642 1940 2690 inhaerente
2009 2643 2169 2690 alicui
2195 2681 2204 2697 ,
2268 2646 2351 2692 vel

1343 2719 1633 2765 terminata
1675 2719 1736 2764 ad
1790 2718 1917 2764 illud
1962 2718 2098 2766 sicut
2144 2721 2205 2766 ad
2248 2723 2354 2767 ter¬

1346 2794 1562 2840 minum.
1640 2794 1806 2839 Filius
1869 2798 2046 2841 autem
2113 2809 2217 2841 non
2272 2800 2353 2844 est

2372 2862 2375 2883 sens
1346 2869 1615 2930 possibilis
1657 2869 2010 2928 possibilitate
2056 2872 2205 2924 reali,
2260 2862 2353 2919 nec

1348 2945 1703 3005 possibilitate
1752 2945 2058 3000 inhaerente,
2111 2961 2206 2994 nec
2251 2952 2353 2996 ter-

1349 3021 1550 3068 minata
1600 3021 1662 3066 ad
1703 3021 1891 3080 ipsum,
1929 3021 2049 3081 quia
2096 3024 2354 3082 possibili¬

1347 3099 1446 3148 tas,
1480 3096 1589 3141 sive
1634 3097 1810 3143 activa
1849 3097 1959 3143 sive
1999 3099 2227 3157 passiva,
2275 3103 2354 3148 est

1349 3172 1410 3217 ad
1456 3172 1595 3217 aliud
1653 3172 1706 3217 in
1760 3176 1971 3226 natura,
2021 3174 2156 3222 sicut
2213 3180 2358 3235 patet

1353 3261 1445 3307 per
1483 3248 1840 3294 definitionem
1888 3250 2137 3308 potentiae
2172 3251 2358 3299 activae

1351 3326 1402 3369 et
1432 3323 1655 3381 passivae
1680 3326 1722 3370 5.
1753 3333 1792 3368 et
1822 3326 1864 3370 9.
1896 3328 2082 3382 Metaph.
2121 3328 2256 3384 quod
2281 3332 2362 3375 est

1350 3403 1621 3457 principium
1668 3403 1992 3445 transmutandi
2034 3405 2173 3455 aliud,
2212 3407 2280 3448 vel
2310 3408 2361 3448 ab

1354 3477 1443 3518 cdio
1488 3479 1745 3533 inquantum
1787 3478 1925 3528 aliud,
1972 3480 2150 3524 tamen
2194 3480 2361 3526 Filius

1355 3554 1436 3598 est
1457 3552 1717 3598 terminus
1743 3555 1990 3612 potentiae
2021 3556 2360 3613 productivae,

1359 3640 1470 3685 quae
1515 3626 1778 3674 abstrahit
1813 3641 1842 3673 a
1872 3628 2079 3675 ratione
2114 3633 2364 3690 potentiae
