2711 3950
369 337 640 384 effectivae.
677 337 742 383 Et
782 334 825 380 si
867 334 956 380 illa
989 332 1220 392 potentia
1248 331 1384 377 dica¬

369 417 459 460 tur
481 411 800 472 simpliciter
828 410 1080 470 potentia,
1118 408 1379 456 terminus

368 489 510 535 illius
548 487 796 548 potentiae
839 488 1013 545 potest
1045 484 1144 531 dici
1182 482 1379 542 simpli¬

365 566 501 612 citer
524 563 802 624 possibile;
829 562 915 608 sed
939 560 1264 621 possibilitas
1290 559 1380 605 illa

364 654 469 686 non
532 642 792 700 repugnat
849 637 1154 687 formaliter
1204 649 1380 682 neces¬

365 716 526 770 sario,
591 715 714 762 licet
773 713 1118 774 possibilitas,
1179 712 1237 758 de
1279 723 1379 770 qua

366 790 674 851 Philosophi
728 790 1019 848 loquuntur
1052 788 1110 834 de
1140 787 1378 846 potentia

366 867 539 914 activa
579 869 629 913 et
677 866 890 926 passiva
936 863 1168 924 proprie,
1224 876 1378 922 repu¬

366 946 493 1002 gnat
521 942 829 989 necessitati
859 955 922 987 ex
954 953 1024 986 se.

424 1018 498 1064 Ad
524 1018 745 1064 tertiam
777 1015 1146 1076 probationem
1171 1014 1234 1070 (c)
1257 1026 1378 1059 cum

366 1093 576 1145 figitur,
622 1093 692 1139 ibi
731 1095 810 1139 est
855 1092 1008 1141 ordo;
1054 1102 1182 1148 ergo
1229 1088 1377 1136 intel-

367 1168 556 1227 ligitur
596 1168 769 1227 prima
816 1179 1044 1227 persona
1083 1179 1188 1211 non
1227 1165 1379 1212 intel¬

366 1244 502 1290 lecta
525 1244 766 1290 secunda.

424 1320 732 1379 Respondeo
763 1318 896 1377 quod
935 1331 1039 1364 non
1071 1315 1375 1363 necessario

336 1394 343 1402 '
365 1395 539 1454 prima
583 1395 856 1442 intellecta
923 1392 1246 1452 intelligitur
1298 1406 1377 1438 se¬

361 1471 529 1518 cunda
568 1484 797 1530 persona
836 1483 956 1517 cum
986 1470 1160 1529 prima
1199 1481 1377 1527 perso¬

358 1560 441 1598 na,
485 1547 529 1593 si
568 1547 661 1592 illa
700 1547 876 1606 prima
917 1557 1145 1605 persona
1172 1546 1253 1590 est
1294 1543 1376 1588 ab¬

355 1623 549 1669 soluta.
611 1623 706 1670 Sed
763 1635 868 1668 non
928 1620 1186 1680 sequitur,
1242 1619 1375 1679 quod

355 1711 474 1744 cum
532 1697 708 1756 prima
760 1707 991 1757 persona
1054 1694 1374 1753 intelligitur

355 1789 487 1828 esse,
525 1775 751 1822 secunda
778 1786 1008 1834 persona
1039 1772 1373 1832 intelligatur

357 1865 462 1897 non
495 1865 626 1898 esse.
659 1851 807 1898 Sicut
833 1863 937 1896 non
960 1849 1215 1908 sequitur,
1246 1849 1371 1894 illud

359 1927 556 1973 animal
587 1927 719 1987 quod
763 1929 844 1973 est
885 1925 938 1971 in
970 1925 1183 1971 homine
1224 1924 1371 1971 intel¬

358 2003 548 2062 ligitur
597 2017 702 2050 non
757 2002 1027 2049 intellecto
1088 2001 1369 2053 rationali;

360 2080 528 2139 igitur
578 2079 902 2138 intelligitur
945 2092 1050 2124 non
1097 2092 1213 2124 esse
1242 2078 1373 2124 rati-

363 2157 531 2203 onale.

420 2235 550 2280 Cum
595 2234 774 2280 autem
814 2231 980 2278 infers
1019 2229 1370 2277 mutationem

358 2321 422 2353 ex
448 2307 696 2354 terminis
739 2307 1016 2367 oppositis,
1061 2304 1258 2364 accipis
1311 2318 1370 2352 ac

357 2384 399 2429 si
453 2384 848 2443 intelligeretur
894 2383 1208 2442 productum
1267 2394 1372 2427 non

353 2474 469 2506 esse
509 2459 712 2520 quando
763 2459 1057 2518 producens
1088 2460 1198 2515 Jest.
1247 2457 1371 2504 Abs-

353 2535 675 2584 tractionem
719 2534 885 2593 igitur
929 2533 1042 2580 sine
1080 2533 1367 2587 mendacio,

353 2626 467 2672 quae
501 2613 580 2658 est
620 2625 725 2656 non
771 2610 1150 2656 considerando
1186 2609 1313 2656 illud
1341 2623 1370 2655 a

354 2701 454 2746 quo
507 2686 563 2732 fit
611 2685 920 2738 abstractio,
969 2687 1268 2731 commutas
1317 2685 1368 2730 in

352 2762 768 2811 abstractionem
796 2762 1114 2814 mendacem,
1154 2775 1266 2820 quae
1287 2763 1368 2807 est

351 2839 732 2887 considerando
768 2839 896 2885 illud
928 2852 1032 2883 non
1066 2851 1182 2883 esse
1210 2850 1239 2882 a
1268 2850 1367 2895 quo

349 2918 408 2964 fit
431 2915 744 2962 abstractio.

408 2993 484 3039 Ad
525 2994 771 3050 quartam
799 2989 1174 3049 probationem
1204 2988 1267 3046 (d)
1300 2988 1367 3033 di¬

347 3083 424 3121 co,
475 3067 610 3127 quod
657 3065 752 3112 illa
797 3078 1028 3124 persona
1068 3078 1174 3110 non
1227 3065 1366 3110 esset

348 3145 400 3190 in
429 3143 663 3190 essentia
683 3144 697 3157 *
721 3141 833 3188 sine
874 3140 1236 3200 productione,
1278 3139 1365 3186 ha¬

346 3221 432 3268 bet
464 3219 604 3267 enim
638 3219 786 3265 illam
817 3231 912 3277 per
941 3216 1361 3277 productionem,

344 3310 448 3343 non
477 3296 720 3355 sequitur
756 3306 902 3353 ergo,
947 3292 1180 3340 essentia
1219 3293 1278 3338 de
1310 3306 1364 3338 se

343 3387 447 3419 non
487 3372 646 3419 habet
680 3383 982 3431 personam,
1025 3382 1156 3428 ergo
1185 3382 1363 3415 essen¬

341 3450 418 3497 tia
451 3450 509 3496 de
536 3462 639 3495 non
669 3447 892 3494 habente
919 3446 978 3493 fit
1017 3446 1242 3497 habens;
1275 3445 1362 3491 sed

342 3526 600 3587 sequitur,
631 3536 758 3583 ergo
800 3523 1034 3569 essentia
1061 3523 1120 3568 de
1149 3521 1360 3568 ratione

343 3617 438 3649 sua
482 3615 588 3649 non
620 3599 777 3647 habet
811 3599 977 3653 illam,
1025 3598 1107 3644 vel
1147 3611 1251 3643 non
1285 3596 1357 3642 in¬

1456 329 1619 378 cludit
1645 330 1790 377 illam
1815 344 2113 391 personam,
2145 332 2275 392 quod
2304 334 2463 392 patet,

1455 406 1499 452 si
1528 421 1756 466 persona
1795 411 1875 456 est
1923 409 2164 456 relativa.
2195 409 2461 461 Probatio,

1455 482 1576 542 quia
1603 486 1726 530 tunc
1761 493 1819 527 est
1846 486 2034 541 aliquid,
2063 494 2237 542 excepto
2262 487 2462 538 relativo,

2485 585 2486 618 d
1455 560 1734 606 secundum
1775 560 2130 620 Augustinum
2162 563 2203 608 7.
2246 563 2297 605 de
2340 562 2462 606 Trin.

1453 649 1547 691 cap.
1610 638 1650 680 l.
1712 635 1834 694 quia
1890 637 2082 684 relatio
2128 650 2230 682 non
2281 639 2362 684 est
2406 636 2464 682 de

1453 710 1661 757 ratione
1724 712 1970 760 absoluti.
2032 714 2168 772 Ipsa,
2232 713 2462 772 inquam,

2200 787 2468 847 producti¬
1451 786 1683 832 essentia
1751 786 1905 834 habet
1978 788 2124 834 illam

1454 871 1622 913 onem,
1672 859 1782 907 sive
1824 875 1916 921 per
1947 862 2344 922 productionem
2379 862 2464 908 ha¬

1451 933 1535 979 bet
1594 947 1877 994 personam
1936 938 1988 984 in
2040 951 2141 996 qua
2203 937 2462 990 subsistit,

1453 1021 1568 1068 quae
1597 1012 1772 1057 tamen
1808 1025 2038 1070 persona
2076 1013 2160 1060 vel
2187 1014 2464 1073 productio

1451 1097 1556 1130 non
1589 1090 1669 1134 est
1702 1088 1761 1134 de
1809 1089 2016 1136 ratione
2043 1090 2304 1137 essentiae.
2349 1091 2463 1136 Non

1453 1164 1630 1208 autem
1678 1164 1920 1222 sequitur
1968 1166 2191 1212 mutatio
2232 1179 2296 1213 ex
2346 1166 2461 1220 hoc,

1454 1238 1586 1294 quod
1609 1237 1806 1297 aliquid
1840 1240 1975 1286 inest
2005 1240 2165 1287 alicui
2201 1242 2332 1302 quod
2360 1255 2464 1288 non

1451 1314 1533 1359 est
1571 1313 1629 1359 de
1676 1315 1885 1361 ratione
1924 1316 2064 1375 ejus;
2107 1317 2192 1363 sed
2238 1317 2464 1364 mutatio

1452 1388 1680 1446 requirit
1717 1391 1851 1449 quod
1893 1391 2090 1450 aliquid
2117 1392 2245 1439 insit
2284 1392 2461 1447 alicui,

1449 1464 1534 1510 cui
1581 1465 1730 1524 prius
1772 1466 1929 1515 infuit
1975 1468 2282 1528 oppositum
2329 1469 2463 1528 quod

1450 1552 1556 1585 non
1583 1540 1809 1589 habetur
1831 1544 1885 1589 in
1908 1545 2204 1604 proposito.

1507 1617 1581 1663 Ad
1627 1618 1867 1677 quintam
1908 1621 2276 1679 probationem
2304 1622 2366 1680 (e)
2393 1622 2462 1668 di-

1449 1705 1526 1746 co,
1573 1695 1706 1752 quod
1744 1695 1796 1741 in
1835 1698 2182 1754 generatione
2222 1697 2272 1743 in
2313 1684 2459 1744 crea-

1448 1768 1586 1814 turis
1645 1775 1974 1819 concurrunt
2035 1774 2148 1819 duae
2201 1765 2453 1827 rationes,

2476 1845 2477 1867 e
1448 1843 1652 1892 scilicet
1711 1848 1843 1906 quod
1909 1848 2025 1907 ipsa
2088 1850 2167 1895 est
2229 1845 2454 1896 mutatio

1447 1923 1498 1967 et
1543 1923 1624 1968 est
1669 1923 1964 1981 productio,
2013 1926 2068 1971 ut
2109 1928 2190 1972 est
2230 1927 2454 1991 mutatio

1446 1998 1525 2042 est
1560 1997 1734 2044 forma
1780 1998 2003 2058 subjecti
2044 2001 2250 2054 mutati,
2281 2003 2338 2048 ut
2377 2006 2459 2051 est

1446 2075 1724 2132 productio
1754 2077 1834 2121 est
1874 2076 2090 2123 termini
2125 2079 2368 2137 producti
2403 2083 2459 2128 ut

1444 2149 1548 2196 via.
1593 2152 1715 2198 Istae
1758 2152 1995 2198 rationes
2038 2167 2144 2199 non
2188 2155 2460 2204 includunt

1447 2240 1501 2272 se
1523 2227 1886 2274 essentialiter
1907 2228 2071 2276 etiam
2094 2229 2148 2275 in
2175 2231 2458 2287 creaturis,

1446 2302 1657 2348 diversa
1715 2303 1854 2349 enim
1910 2305 2202 2364 respiciunt
2266 2308 2457 2366 primo,

1445 2391 1574 2437 ergo
1632 2378 1743 2425 sine
1805 2380 2226 2429 contradictione
2283 2385 2459 2442 potest

1446 2455 1674 2515 intelligi
1729 2455 1869 2502 ratio
1934 2458 2301 2516 productionis
2349 2460 2459 2506 sine

1446 2530 1654 2578 ratione
1702 2531 2032 2586 mutationis,
2067 2533 2143 2580 ita
2183 2535 2460 2592 generatio

1444 2607 1777 2654 transfertur
1817 2608 1878 2654 ad
1912 2609 2086 2655 divina
2122 2610 2216 2656 sub
2250 2611 2460 2658 ratione

1445 2684 1828 2742 productionis,
1878 2684 2003 2732 licet
2047 2699 2151 2732 non
2194 2687 2288 2733 sub
2328 2689 2458 2736 rati¬

1445 2773 1542 2806 one
1572 2760 1903 2807 mutationis.

1501 2836 1575 2882 Ad
1605 2836 1888 2882 secundum
1922 2836 2218 2896 principale
2240 2838 2296 2896 (f)
2324 2839 2454 2893 dico,

1439 2912 1580 2970 'quod
1606 2925 1711 2958 non
1751 2911 2009 2970 sequitur,
2039 2921 2101 2956 est
2137 2915 2189 2956 ab
2215 2916 2321 2968 alio,
2357 2931 2458 2973 ergo

1443 2989 1703 3044 dependens,
1752 3001 1871 3034 cum
1913 2988 2186 3047 probatur,
2230 2976 2455 3037 concedo

1444 3064 1579 3122 quod
1613 3077 1761 3122 aeque
1800 3063 2209 3123 independenter
2252 3068 2331 3112 est
2370 3079 2456 3112 na-

1440 3142 1567 3186 tura
1616 3139 1668 3186 in
1711 3140 2029 3199 producente
2076 3143 2128 3187 et
2179 3141 2451 3200 producto.

1441 3218 1572 3263 Cum
1619 3215 1868 3274 arguitur
1917 3229 1982 3261 ex
2038 3215 2451 3276 independentia,

1441 3293 1576 3351 quod
1613 3305 1718 3337 non
1771 3294 1851 3339 est
1879 3292 2281 3351 praeexigentia,
2318 3307 2451 3353 nego

1437 3368 1889 3427 consequentiam,
1946 3367 2068 3428 quia
2112 3369 2453 3428 dependentia

1437 3444 1682 3503 sequitur
1726 3443 2007 3491 entitatem
2053 3443 2334 3491 formalem
2375 3446 2453 3491 de¬

1435 3516 1709 3577 pendentis
1750 3517 1812 3562 ab
1851 3516 1942 3562 illo
1973 3529 2003 3562 a
2043 3530 2144 3576 quo
2183 3518 2448 3578 dependet.

1435 3593 1646 3647 Quando
1695 3592 1863 3651 igitur
1901 3592 2057 3640 habet
2093 3594 2328 3640 eamdem
2367 3608 2450 3640 en-
