2711 3950
230 354 458 407 titatem,
506 367 612 400 non
649 356 730 401 est
770 353 839 400 ibi
885 353 1240 413 dependentia,

235 432 409 489 potest
449 432 626 476 tamen
667 429 736 475 ibi
775 442 891 475 esse
924 428 1245 488 prseexigen-

234 504 325 558 tia,
381 505 422 552 si
471 519 629 550 unum
678 504 1010 564 suppositum
1055 503 1246 550 habeat

234 579 362 627 illud
390 580 452 627 ab
476 582 664 628 altero.

292 655 365 702 Ad
389 656 635 703 ultimum
657 655 769 701 dico
799 657 883 714 (g),
915 655 1047 714 quod
1082 656 1246 700 muta¬

233 730 408 778 tiones
450 732 567 778 aliae
598 745 627 777 a
663 731 1023 789 generatione,
1065 745 1129 777 ex
1170 743 1246 775 ra¬

235 805 379 853 tione
431 820 525 853 sua
565 806 782 852 formali
828 810 950 853 sunt
1002 804 1247 866 imperfe¬

233 882 433 930 ctiores
472 883 833 944 generatione,
866 884 989 943 quia
1021 881 1242 931 termini

233 957 430 1006 inducti
485 963 605 1006 sunt
658 958 1110 1018 imperfectiores,
1179 971 1244 1004 ex

234 1036 441 1082 ratione
498 1035 855 1081 terminorum
908 1035 1244 1081 inductorum

232 1109 669 1170 imperfectorum
745 1109 935 1157 habent
1013 1109 1244 1168 majores

233 1185 664 1246 imperfectiones
704 1198 860 1244 quam
898 1185 1119 1232 termini
1164 1197 1246 1244 ge¬

229 1262 548 1313 nerationis;
573 1264 752 1308 tamen
774 1261 892 1308 aliae
922 1261 1244 1308 mutationes

231 1337 484 1393 quantum
536 1335 598 1381 ad
650 1334 776 1381 illud
832 1335 964 1394 quod
1012 1347 1247 1394 praesup-

233 1414 455 1469 ponunt,
523 1424 628 1457 non
692 1410 971 1469 requirunt
1036 1413 1244 1457 tantam

232 1486 687 1546 imperfectionem
730 1486 780 1532 in
808 1486 1046 1546 subjecto
1090 1499 1245 1546 quan¬

230 1564 340 1608 tam
369 1562 596 1622 requirit
632 1563 927 1621 generatio,
959 1565 1009 1609 et
1048 1561 1147 1609 hoc
1188 1564 1244 1608 ut

231 1639 310 1684 est
363 1638 606 1691 mutatio,
669 1638 790 1696 quia
849 1639 1125 1697 generatio
1168 1651 1246 1684 re¬

232 1713 396 1771 quirit
463 1714 514 1759 in
569 1713 805 1773 subjecto
862 1714 1141 1760 entitatem
1193 1713 1246 1758 in

232 1789 487 1848 potentia,
541 1792 592 1836 et
638 1789 734 1836 hoc
781 1789 841 1836 ad
881 1804 996 1836 esse
1049 1789 1246 1849 simpli¬

234 1866 386 1920 citer;
430 1867 548 1913 aliae
589 1866 912 1913 mutationes
948 1880 1068 1912 non.

290 1943 365 1989 Ad
405 1942 742 2003 propositum
771 1943 1100 2002 applicando,
1130 1942 1244 1989 dico

235 2020 369 2079 quod
401 2019 676 2078 generatio
703 2032 807 2064 non
829 2019 1157 2067 transfertur
1183 2019 1245 2065 ad

235 2094 408 2141 divina
454 2095 738 2141 secundum
785 2094 910 2140 illud
945 2095 1078 2153 quod
1110 2107 1245 2153 prae-

236 2171 484 2232 supponit
535 2171 827 2230 generatio,
889 2174 1016 2231 puta
1079 2171 1244 2231 subje¬

235 2249 376 2295 ctum
414 2248 666 2295 mutabile
706 2248 839 2306 quod
876 2250 956 2295 est
1002 2247 1244 2307 imperfe¬

233 2323 449 2376 ctionis;
500 2323 621 2383 quia
661 2327 718 2371 ut
751 2327 832 2371 est
879 2324 1104 2371 mutatio
1139 2337 1245 2370 non

232 2401 313 2447 est
353 2399 404 2446 in
449 2399 656 2452 divinis,
695 2399 778 2445 sed
820 2398 1151 2446 transfertur
1184 2400 1245 2445 ad

232 2475 408 2522 divina
466 2476 780 2534 inquantum
831 2474 1108 2534 generatio
1163 2476 1243 2521 est

232 2551 508 2609 productio
567 2551 661 2596 sub
724 2549 931 2597 ratione
995 2564 1095 2609 qua
1162 2553 1243 2598 est

231 2626 511 2687 productio
554 2625 787 2677 termini,
827 2625 946 2685 quia
979 2625 1241 2671 terminus

231 2705 344 2765 ejus
384 2706 462 2751 est
504 2703 793 2763 perfectior
830 2703 1077 2750 terminis
1119 2703 1244 2749 alia¬

233 2794 352 2826 rum
418 2778 800 2830 mutationum;
871 2780 923 2826 et
987 2778 1061 2825 sic
1115 2779 1243 2824 bene

234 2858 410 2915 potest
473 2868 567 2914 per
623 2854 1022 2912 generationem
1075 2853 1244 2912 accipi

235 2930 467 2977 essentia
500 2932 753 2988 tanquam
781 2929 1042 2975 terminus
1077 2928 1245 2987 perfe¬

234 3005 507 3052 ctissimus
569 3004 623 3050 in
686 3003 896 3060 divinis,
961 3003 1084 3051 licet
1139 3017 1245 3049 non

234 3081 402 3141 possit
460 3093 555 3140 per
617 3080 851 3138 aliquam
918 3080 1080 3125 aliam
1131 3093 1242 3125 mu¬

232 3158 491 3206 tationem
537 3156 706 3216 accipi
738 3156 931 3215 aliquis
959 3157 1095 3203 alius
1141 3159 1243 3203 ter¬

233 3233 405 3279 minus
441 3232 672 3278 aliarum
708 3232 1080 3283 mutationum,
1124 3231 1246 3289 quia

231 3308 330 3355 hoc
360 3307 697 3355 concluderet
724 3306 1167 3367 compositionem
1195 3309 1245 3353 et

234 3381 710 3443 imperfectionem,
742 3381 862 3440 quia
883 3382 1144 3429 terminus
1165 3395 1248 3427 cu-

231 3459 450 3519 juslibet
496 3457 718 3504 alterius
760 3457 1075 3504 mutationis
1106 3460 1246 3504 esset

238 3535 476 3582 accidens
515 3531 865 3592 componibile
915 3546 1036 3579 cum
1080 3533 1246 3592 subje¬

241 3614 343 3658 cto.

1616 354 2033 396 COMMENTARIUS.

1373 507 1427 561 (a)
1461 512 1646 550 Tenenio
1665 511 1798 556 igitur
1819 514 2001 558 quatuor
2026 510 2210 548 rationes
2238 509 2325 558 pri¬

1319 594 1426 630 mas,
1467 588 1545 624 etc.
1577 586 1696 624 Nunc
1725 585 1961 634 respondet
1987 584 2042 624 ad
2072 587 2324 636 argumenta

1320 660 1578 710 principalia.
1618 662 1695 699 Pro
1735 662 2018 711 responsione
2062 661 2184 710 primi
2222 663 2322 700 nola

1321 735 1437 783 quod
1476 737 1757 776 necessarium
1784 737 1827 775 in
1861 748 1904 776 se
1943 740 2085 786 potest
2123 738 2215 786 capi
2244 736 2322 775 du¬

1319 809 1499 860 pliciter.
1521 812 1658 851 Primo
1681 811 1959 864 quidditative
1990 816 2033 852 et
2053 813 2324 864 originative,

1317 883 1362 924 id
1401 890 1480 934 est,
1519 887 1637 937 quod
1676 888 1758 927 tale
1791 891 2083 928 necessarium
2114 891 2178 927 es',
2210 889 2254 928 in
2280 899 2328 928 se

1318 958 1552 1001 furmaliler
1574 966 1615 1002 et
1637 963 1918 1013 quidditative
1948 965 2254 1010 necessarium,
2288 967 2330 1002 et

1319 1038 1447 1076 etiam
1480 1038 1571 1077 talis
1601 1038 1756 1077 enlitas
1787 1039 1846 1079 sic
1880 1040 2128 1078 necessaria
2157 1050 2181 1078 a
2210 1039 2328 1079 nullo

1319 1113 1555 1163 originatur
1588 1124 1667 1154 nec
1706 1115 1981 1165 producitur;
2016 1119 2057 1156 et
2090 1116 2168 1156 isto
2200 1115 2329 1158 modo

1319 1190 1435 1229 solus
1456 1192 1570 1230 Deus
1601 1191 1753 1231 dicitur
1784 1196 2072 1241 necessarius,
2105 1194 2203 1244 quia
2236 1193 2331 1233 talis

1321 1269 1476 1306 entilas
1510 1269 1756 1307 necessaria
1800 1272 1866 1308 est
1896 1270 2146 1320 simpliciter
2182 1271 2327 1309 incau-

1320 1343 1478 1390 sabilis,
1514 1346 1560 1381 ut
1589 1354 1718 1393 supra
1759 1345 1891 1395 patuit
1929 1349 2072 1395 quaest.
2106 1346 2144 1385 1.
2184 1346 2327 1395 hujus,

1319 1419 1411 1457 dist.
1445 1421 1487 1458 et
1513 1418 1595 1458 hoc
1628 1418 1758 1459 modo
1792 1421 1930 1460 omnis
1969 1432 2156 1470 persona
2186 1421 2325 1461 divina

1319 1497 1383 1533 est
1412 1495 1471 1534 sic
1503 1496 1742 1534 necessaria
1778 1496 2043 1547 originative,
2075 1497 2326 1547 accipiendo

1319 1570 1531 1618 originari
1564 1581 1639 1619 pro
1691 1571 1874 1617 causari,
1924 1584 2010 1613 non
2055 1578 2198 1613 autem
2250 1584 2328 1624 pro

1312 1648 1505 1695 produci,
1543 1649 1642 1697 quia
1679 1659 1828 1687 omnes
1869 1660 2062 1699 personse
2094 1653 2194 1689 sunt
2230 1651 2328 1689 sim¬

1317 1721 1485 1770 pliciter
1537 1723 1838 1770 incausabiles,
1901 1728 2034 1775 patet,
2085 1725 2183 1776 quia
2231 1729 2332 1765 sunt

1320 1795 1518 1847 ejusdem
1554 1802 1719 1837 naturae
1753 1810 1846 1849 quae
1880 1805 1942 1840 est
1972 1802 2144 1841 omnino
2183 1800 2328 1840 incau-

1319 1873 1475 1913 sabilis.
1515 1874 1638 1914 Filius
1674 1881 1817 1915 tamen
1863 1880 1904 1916 et
1941 1877 2121 1926 Spiritus
2155 1880 2330 1917 sanctus

1318 1954 1418 1988 sunt
1435 1961 1635 2000 personae
1669 1953 1900 2001 productae,
1937 1965 2024 1993 non
2054 1956 2198 1992 tamen
2228 1965 2329 1993 cau¬

1318 2028 1433 2074 satae,
1462 2030 1505 2065 et
1525 2029 1585 2067 sic
1618 2029 1874 2068 sustinendo
1904 2030 2154 2080 opinionem
2187 2029 2325 2069 Philo¬

1319 2103 1566 2152 sophorum,
1615 2103 1732 2154 quod
1782 2105 1939 2144 coelum
1990 2110 2031 2145 et
2069 2106 2158 2145 aliae
2197 2105 2328 2144 Intel-

1320 2177 1507 2229 ligenliae
1563 2182 1664 2218 sunt
1717 2190 1897 2221 necesse
1949 2191 2044 2220 esse
2097 2184 2139 2221 et
2188 2184 2328 2220 tamen

1320 2259 1522 2303 causatae,
1551 2257 1761 2296 haberent
1794 2256 1936 2297 dicere
1975 2259 2091 2308 quod
2122 2259 2219 2298 talia
2246 2257 2329 2298 for-

1317 2333 1484 2371 maliter
1504 2336 1546 2372 et
1567 2333 1848 2383 quidditative
1882 2334 2078 2374 dicerent
2105 2336 2327 2374 entitatem

1316 2409 1620 2456 necessariam,
1661 2412 1702 2449 et
1731 2410 1812 2449 hoc
1851 2410 1976 2450 modo
2015 2414 2163 2450 essent
2193 2422 2245 2450 ex
2279 2422 2327 2450 se

1316 2494 1498 2524 necesse
1519 2495 1614 2524 esse
1631 2498 1640 2530 ;
1664 2496 1751 2524 non
1773 2488 1917 2525 tamen
1939 2486 2187 2527 dicerentur
2207 2498 2259 2526 ex
2279 2498 2327 2526 se

1315 2570 1496 2600 necesse
1519 2563 1745 2609 causative,
1770 2573 1864 2602 cum
1888 2563 1982 2602 talia
2003 2563 2085 2601 sint
2105 2573 2206 2602 vere
2230 2573 2326 2601 cau¬

1315 2640 1421 2683 sata,
1453 2642 1494 2677 et
1523 2638 1583 2676 sic
1601 2639 1711 2677 sicut
1737 2649 1760 2677 a
1780 2639 1917 2688 primo
1941 2640 2140 2679 effectivo
2164 2640 2327 2679 habent

1317 2712 1511 2752 effective
1546 2715 1782 2759 entitatem,
1821 2714 1878 2752 ita
1918 2718 1960 2754 et
2000 2715 2322 2756 necessitatem.

1318 2788 1359 2827 In
1399 2788 1616 2838 proposito
1657 2788 1711 2827 de
1764 2789 1862 2828 Filio
1903 2791 1981 2829 Dei
2021 2790 2120 2830 dicit
2172 2792 2328 2830 Doctor

1318 2862 1436 2912 quod
1466 2866 1530 2902 est
1558 2862 1793 2903 formaliter
1832 2875 1885 2904 ex
1923 2877 1969 2905 se
2009 2877 2191 2905 necesse
2214 2877 2325 2913 esse,

1316 2938 1360 2978 id
1382 2942 1460 2985 est,
1483 2938 1600 2989 quod
1620 2940 1743 2979 Filius
1776 2941 1852 2979 Dei
1884 2940 2119 2980 formaliter
2149 2942 2329 2981 includit

1318 3015 1541 3054 entitatem
1583 3026 1684 3055 vere
1721 3018 2025 3064 necessariam,
2063 3028 2150 3058 non
2183 3022 2329 3057 tamen

1319 3094 1384 3130 est
1413 3102 1465 3130 ex
1502 3102 1549 3131 se
1581 3103 1763 3131 necesse
1803 3103 1899 3132 esse
1932 3094 2197 3144 originative,
2230 3093 2327 3144 quia

1318 3168 1442 3207 talem
1475 3169 1693 3208 entitatem
1731 3179 1818 3208 non
1859 3169 1990 3209 habet
2021 3180 2043 3207 a
2075 3170 2325 3219 semetipso,

1317 3243 1396 3282 sed
1425 3244 1555 3283 habet
1576 3255 1599 3282 a
1626 3245 1748 3283 Patre
1776 3244 1914 3295 ipsum
1934 3244 2219 3294 producente,
2243 3246 2327 3283 lloc

1318 3318 1430 3359 idem
1455 3319 1548 3359 dico
1572 3320 1624 3359 de
1647 3320 1801 3370 Spiritu
1822 3325 1985 3361 sancto.

1371 3396 1418 3434 Et
1454 3395 1574 3435 addit
1611 3407 1760 3443 unum,
1802 3398 1919 3447 quod
1966 3400 2090 3440 Filius
2140 3401 2218 3440 Dei
2264 3402 2328 3439 est

1318 3470 1456 3521 magis
1504 3482 1682 3510 necesse
1733 3483 1828 3511 esse
1876 3484 2006 3523 quam
2057 3474 2201 3524 aliqua
2248 3475 2326 3513 alia

1317 3545 1606 3597 Intelligentia
1635 3550 1825 3594 causata,
1850 3550 1949 3597 quia
1977 3550 2087 3588 ultra
2108 3550 2190 3589 hoc
2209 3550 2327 3600 quod

1317 3622 1372 3660 sit
1391 3622 1633 3662 necessario
1656 3624 1908 3673 productus,
1938 3626 2062 3664 etiam
2093 3624 2327 3668 formaliter
