2711 3950
185 315 250 352 est
269 311 384 360 prius
406 307 627 359 producto,
647 307 848 351 transeat,
872 303 971 354 quia
991 299 1182 340 concedo

184 386 300 439 quod
328 386 480 426 saltem
511 386 575 424 est
622 381 737 432 prius
784 380 963 430 origine.
1012 378 1058 416 Et
1090 385 1187 414 cum

177 460 371 507 infertur,
415 470 518 511 ergo
570 455 814 508 producens
858 454 900 492 in
938 453 1008 492 illo
1055 450 1186 500 priori

178 540 319 587 potest
347 534 527 584 intelligi
557 542 667 578 esse,
699 529 907 580 producto
942 537 1028 566 non
1056 526 1181 566 intel¬

173 613 302 659 lecto,
342 610 435 650 dico
476 607 592 659 quod
622 608 655 645 si
688 605 934 655 producens
974 602 1179 641 constitu¬

176 691 270 727 atur
299 688 340 725 in
370 696 454 724 esse
474 694 550 734 per
570 681 823 722 relationem
846 678 901 717 ad
921 676 1183 728 productum

175 763 309 816 (quod
339 763 496 802 Doctor
518 762 637 799 tenet
661 754 912 798 sustinendo
937 753 1052 805 quod
1081 763 1178 803 per¬

173 851 288 881 sonas
309 840 618 878 constituantur
638 845 716 885 per
734 832 979 879 relationes,
1000 834 1046 869 ut
1065 831 1182 879 patet

175 917 218 955 in
256 916 294 954 1.
339 913 432 954 disl.
473 911 538 951 28.
585 914 621 949 et
657 910 700 949 in
743 906 898 957 quolib.
944 908 1083 955 qusest.
1122 903 1179 954 4.)

178 994 276 1030 tunc
296 987 542 1038 producens
571 996 657 1024 non
691 985 833 1034 potest
860 981 1053 1031 intelligi,
1077 989 1179 1029 pro¬

173 1067 301 1106 ducto
340 1074 427 1104 non
464 1061 697 1102 intellecto.
736 1059 824 1098 Alia
859 1056 1082 1106 responsio
1114 1058 1179 1094 est

168 1144 266 1190 ista,
290 1151 382 1192 quae
414 1141 534 1189 patet
553 1137 595 1175 in
623 1137 776 1182 littera,
809 1132 1025 1178 videlicet,
1062 1129 1177 1181 quod

167 1222 201 1258 si
227 1226 416 1268 persona
449 1215 729 1254 constituatur
748 1213 791 1249 in
821 1219 916 1248 esse
937 1218 1015 1259 per
1048 1208 1173 1247 abso¬

163 1297 323 1340 lutum,
368 1291 484 1342 quod
525 1297 711 1339 persona
748 1285 995 1336 producens
1033 1284 1177 1332 potest

162 1372 341 1422 intelligi
389 1379 502 1414 esse,
550 1365 729 1416 produci
738 1374 762 1402 a
807 1371 895 1401 non
940 1360 1173 1400 intellecta.

163 1452 213 1490 Et
260 1458 356 1486 cum
396 1443 589 1488 infertur,
628 1441 663 1480 si
696 1448 883 1489 persona
928 1435 1175 1486 producens

165 1526 308 1576 potest
343 1518 527 1570 intelligi
574 1526 684 1561 esse,
732 1523 917 1564 persona
964 1510 1174 1561 producta

166 1609 252 1640 non
289 1596 526 1641 intellecta;
578 1603 680 1643 ergo
730 1599 916 1640 persona
962 1587 1174 1638 producta

165 1678 308 1727 potest
338 1671 518 1722 intelligi
553 1678 639 1708 non
661 1678 768 1707 esse.
802 1666 993 1716 Negatur
1019 1674 1172 1703 conse¬

167 1750 357 1803 quentia,
407 1749 504 1798 quia
553 1748 652 1784 tunc
687 1743 731 1781 in
770 1741 842 1781 tali
888 1740 1173 1780 abstraclione

168 1826 443 1867 committitur
473 1819 748 1862 mendacium
768 1819 878 1857 sicut
911 1817 981 1856 hic
998 1828 1006 1853 :
1030 1817 1173 1866 potest

164 1902 343 1952 intelligi
378 1900 506 1938 homo
546 1906 632 1935 non
667 1895 884 1934 intellecta
913 1891 1166 1938 risibilitate;

164 1991 266 2031 ergo
305 1978 431 2017 homo
470 1976 614 2026 potest
651 1981 746 2012 esse
786 1972 876 2009 sine
915 1969 1169 2016 risibilitate,

161 2059 222 2097 sic
243 2058 308 2095 est
332 2055 375 2094 in
396 2052 632 2102 proposito.

215 2130 274 2184 (d)
303 2131 365 2171 Ad
385 2132 586 2178 quartam
600 2124 899 2174 probationem
906 2124 914 2168 ,
937 2123 1028 2161 dico
1059 2125 1171 2172 quod

161 2209 241 2250 illa
259 2215 438 2257 persona
445 2234 454 2250 ,
490 2204 569 2242 etc.
601 2202 647 2240 In
665 2201 746 2240 ista
773 2199 914 2238 littera
945 2197 1076 2237 debet
1096 2210 1166 2238 ac¬

163 2285 244 2336 cipi
259 2292 441 2333 persona
461 2290 536 2329 pro
557 2277 817 2327 proprietate
838 2284 1044 2323 personae,
1070 2275 1168 2325 quia

158 2369 246 2400 non
277 2359 457 2398 uicimus
486 2352 658 2404 proprie
692 2350 808 2401 quod
841 2359 1026 2398 persona
1053 2350 1106 2389 sit
1123 2351 1167 2389 in

157 2433 358 2480 essentia,
399 2430 477 2470 sed
512 2426 629 2480 quod
658 2425 899 2477 proprietas
928 2425 1166 2474 personalis

158 2518 223 2552 est
249 2512 294 2550 in
316 2507 516 2549 essentia.
544 2506 593 2544 Et
615 2514 711 2543 cum
732 2501 904 2547 dicitur,
936 2501 1053 2552 quod
1086 2503 1167 2541 cir¬

161 2587 415 2635 cumscripta
458 2580 766 2633 productione,
801 2578 986 2617 essentia
1028 2577 1168 2617 divina

158 2672 247 2703 non
283 2660 414 2700 habet
442 2655 700 2707 productum
737 2654 826 2694 sive
857 2652 1168 2702 proprietatem

159 2735 472 2790 hypostaticam
502 2731 633 2781 ipsius
673 2728 886 2778 producti,
921 2727 1021 2766 dicit
1050 2727 1167 2778 quod

162 2811 346 2853 essentia
380 2808 522 2848 divina
554 2816 642 2844 non
662 2802 842 2842 includit
872 2801 1106 2841 formaliter
1126 2805 1169 2841 et

159 2887 437 2941 quidditative
489 2883 788 2935 proprietatem
834 2880 1164 2930 hyposlaticam.

157 2969 205 3007 Et
224 2960 491 3008 sustinendo,
531 2958 648 3009 quod
683 2955 922 3007 proprietas
960 2955 1165 3006 hyposta¬

161 3045 240 3083 tica
277 3040 328 3078 sit
374 3037 553 3082 relatio,
614 3044 692 3084 per
739 3035 896 3071 textum
943 3032 1168 3082 Augustini

157 3118 308 3169 probat
341 3112 457 3166 quod
486 3110 671 3151 essentia
710 3108 847 3147 divina
883 3117 971 3147 non
989 3107 1169 3148 includit

157 3196 274 3237 illam
304 3187 600 3242 quidditative,
634 3185 706 3236 qui
729 3188 869 3224 textus
888 3194 1016 3233 supra
1038 3195 1166 3235 expo¬

159 3273 266 3312 situs
296 3267 375 3313 est,
407 3266 500 3304 dist.
535 3264 571 3311 1.
607 3264 743 3311 qusest.
774 3261 813 3300 2.
852 3261 981 3310 hujus
1014 3262 1163 3309 primi.

159 3348 200 3386 Si
236 3355 337 3385 vero
385 3338 623 3391 proprietas
670 3337 939 3388 hypostatica
975 3335 1029 3375 sit
1065 3335 1166 3386 quid

159 3420 420 3463 absolutum,
467 3414 608 3454 adhuc
656 3414 845 3453 essentia
892 3411 1033 3451 divina
1079 3422 1167 3452 non

157 3493 337 3537 includit
368 3491 482 3531 illam
510 3488 808 3541 quidditative,
833 3488 931 3537 quia
953 3487 1043 3527 talis
1064 3498 1165 3536 pro¬

159 3573 318 3627 prietas
349 3579 401 3610 ex.
437 3577 517 3607 sua
547 3565 710 3606 ratione
738 3563 905 3605 formali
940 3573 1029 3603 non
1068 3563 1167 3604 dicit

1262 298 1447 348 aliquam
1480 297 1791 347 perfectionem
1813 296 2108 347 quidditative,
2131 300 2173 335 et
2190 307 2269 347 pa¬

1264 375 1367 414 tebit
1402 386 1424 413 a
1451 374 1636 413 Doctore
1669 373 1734 413 26.
1767 373 1859 412 dist.
1891 373 2018 421 hujus
2041 373 2190 422 primi.
2221 372 2270 410 Et

1258 448 1366 489 infra
1389 448 1491 488 dicit
1524 448 1681 487 Doctor
1702 446 1819 498 quod
1840 457 1926 486 non
1957 446 2154 497 sequitur
2173 456 2268 485 mu¬

1258 525 1358 563 tatio
1393 525 1453 562 sic
1485 522 1711 574 arguendo
1735 534 1742 561 :
1767 522 1959 561 Essentia
1982 521 2123 562 divina
2147 521 2199 561 de
2222 531 2269 560 se

1255 598 1491 639 formaliter
1537 602 1581 637 et
1628 597 1907 647 quidditative
1957 607 2043 636 non
2091 596 2271 636 includit

1256 675 1579 725 proprietatem,
1617 677 1660 712 et
1683 673 1800 712 illam
1830 683 1908 722 per
1936 671 2269 722 productionem

1254 750 1399 797 habet,
1440 759 1544 800 ergo
1570 751 1769 787 mutatur.
1804 748 1896 786 Non
1921 748 2128 797 sequitur,
2167 747 2265 797 quia

1254 824 1307 865 ad
1326 825 1408 864 hoc
1427 827 1474 864 ut
1494 823 1654 874 aliquid
1673 825 1876 870 mutetur,
1899 823 2128 872 requiritur
2147 821 2264 872 quod

1252 904 1369 953 prius
1408 901 1535 940 fuerit
1569 900 1648 940 sub
1688 902 1888 950 opposito
1928 899 2021 950 ejus
2060 897 2115 937 ad
2145 898 2261 949 quod

1254 977 1409 1017 dicitur
1429 977 1593 1023 mutari,
1616 975 1728 1015 sicut
1745 974 1923 1015 dicimus
1947 973 2062 1024 quod
2084 975 2263 1014 materia

1251 1056 1441 1093 mutatur
1461 1064 1482 1091 a
1505 1053 1741 1102 privatione
1773 1051 1899 1090 unius
1931 1049 2076 1089 formae
2108 1050 2163 1089 ad
2195 1050 2258 1099 ip¬

1251 1141 1342 1169 sam
1370 1131 1566 1176 formam,
1596 1127 1640 1166 id
1661 1131 1739 1173 est,
1765 1127 1882 1177 quod
1915 1127 2032 1177 prius
2051 1127 2095 1166 in
2117 1127 2260 1177 aliquo

1248 1206 1421 1245 instanti
1458 1203 1696 1243 durationis
1737 1201 1866 1241 fuerit
1895 1203 1972 1241 sub
2003 1202 2258 1252 privatione,

1252 1284 1295 1320 et
1326 1284 1423 1331 post
1452 1279 1528 1320 fiet
1561 1279 1640 1318 sub
1669 1278 1822 1318 forma.
1857 1279 1962 1317 Nam
1984 1278 2019 1317 si
2039 1279 2083 1318 in
2105 1279 2262 1318 eodem

1248 1357 1440 1401 instanti,
1462 1355 1505 1392 in
1526 1365 1610 1405 quo
1644 1354 1821 1403 privatio
1843 1356 1942 1393 nata
1972 1355 2088 1392 esset
2117 1355 2258 1393 inesse

1248 1431 1437 1472 materiae
1475 1432 1527 1470 ab
1569 1433 1742 1481 agente,
1785 1429 1919 1468 forma
1948 1428 2260 1479 produceretur

1247 1511 1290 1548 in
1330 1508 1520 1552 materia,
1563 1511 1664 1546 tunc
1700 1507 1879 1545 materia
1915 1514 2003 1544 non
2044 1504 2259 1545 diceretur

1248 1586 1418 1631 mutari,
1451 1584 1548 1634 quia
1580 1584 1622 1622 in
1650 1593 1697 1622 re
1732 1582 1903 1630 privatio
1944 1592 2031 1621 non
2063 1581 2260 1622 infuisset

1248 1663 1365 1713 prius
1386 1661 1488 1700 dura
1500 1660 1629 1703 tione,
1660 1659 1761 1698 licet
1778 1657 1992 1703 infuisset,
2026 1658 2104 1697 nisi
2125 1668 2260 1709 agens

1249 1738 1538 1778 extrinsecum
1559 1735 1835 1787 provenisset
1866 1733 2149 1784 producendo
2169 1733 2257 1774 for¬

1246 1825 1359 1854 mam
1381 1815 1424 1853 in
1449 1815 1540 1863 ipsa
1574 1812 1768 1852 materia.
1805 1811 1889 1850 Sed
1926 1810 1979 1849 de
2013 1811 2260 1862 hujusmodi

1246 1890 1500 1935 mutatione,
1522 1886 1620 1928 vide
1641 1888 1801 1926 bonam
1820 1887 2007 1937 glossam
2026 1897 2154 1937 quam
2173 1886 2257 1927 feci

1245 1968 1376 2018 super
1403 1966 1584 2006 distinet.
1617 1965 1655 2003 3.
1688 1964 1815 2002 tertii,
1849 1968 1884 2002 et
1917 1975 2044 2012 super
2075 1964 2169 2003 dist.
2187 1964 2251 2004 39.

1242 2046 1376 2098 primi
1419 2045 1573 2082 Doctor
1575 2043 1623 2082 is.
1673 2042 1718 2078 In
1764 2039 1983 2089 proposito
2028 2049 2252 2091 nunquam

1241 2123 1318 2163 fuit
1339 2118 1512 2170 aliquod
1540 2118 1705 2156 instans
1736 2115 1972 2156 durationis
2000 2114 2044 2155 in
2074 2126 2158 2166 quo
2182 2128 2252 2156 es¬

1242 2198 1379 2239 sentia
1409 2195 1549 2234 divina
1586 2203 1672 2231 non
1709 2192 1909 2232 habuerit
1944 2192 2252 2242 proprietatem

1240 2272 1569 2328 hypostaticam.

1293 2349 1351 2403 (e)
1369 2350 1431 2388 Ad
1458 2348 1646 2397 quintam
1673 2345 1967 2394 probationem
2004 2346 2110 2385 dico.
2144 2348 2252 2387 Nota

1240 2440 1316 2480 pro
1339 2436 1472 2467 sensu
1504 2424 1632 2474 hujus
1661 2422 1831 2468 litterae,
1868 2432 1967 2461 nam
1998 2424 2040 2461 in
2070 2433 2251 2473 genera¬

1240 2507 1356 2546 tione
1386 2505 1428 2542 in
1461 2500 1666 2540 creaturis
1699 2498 1896 2543 dicimus,
1937 2498 2055 2548 quod
2090 2500 2252 2551 aliquid

1239 2591 1340 2622 vere
1387 2578 1691 2617 transmutatur
1728 2584 1751 2613 a
1786 2574 2024 2623 privatione
2071 2575 2123 2614 ali
2130 2577 2251 2628 cujus

1239 2656 1386 2696 formae
1413 2652 1466 2692 ad
1487 2654 1626 2701 ipsam
1644 2649 1837 2692 formam,
1858 2652 1978 2698 patet
1997 2650 2168 2700 quando
2200 2662 2253 2690 ex

1237 2732 1355 2783 ligno
1382 2731 1616 2780 generatur
1643 2725 1780 2776 ignis;
1811 2728 1910 2764 tunc
1939 2726 2116 2766 materia
2147 2728 2252 2778 ligni

1239 2816 1331 2857 quae
1351 2807 1440 2844 erat
1460 2803 1622 2852 privata
1653 2799 1788 2838 forma
1817 2800 1945 2850 ignis,
1979 2811 2082 2840 vere
2118 2804 2250 2842 trans¬

1238 2884 1427 2920 mutatur
1462 2878 1550 2917 sive
1592 2879 1784 2914 mutatur
1814 2887 1836 2914 a
1869 2877 2108 2926 privatione
2136 2877 2248 2916 illius

1238 2957 1385 2996 formae
1414 2953 1469 2994 ad
1488 2955 1626 3003 ipsam
1657 2951 1854 2999 formam,
1877 2955 1921 2991 et
1949 2953 2008 2990 sic
2024 2953 2247 3004 generatio

1238 3034 1350 3085 ignis
1369 3029 1548 3070 includit
1567 3029 1850 3068 mutationem
1876 3028 2077 3078 aliquam,
2100 3029 2144 3068 id
2166 3032 2245 3076 est,

1237 3109 1461 3149 materiam
1492 3106 1648 3145 mutari
1667 3116 1692 3144 a
1710 3104 1945 3154 privatione
1966 3104 2020 3143 ad
2040 3103 2243 3144 formam.

1238 3189 1287 3226 Et
1325 3186 1424 3235 quia
1456 3182 1634 3222 materia
1671 3192 1773 3221 vere
1810 3183 2011 3230 mutatur,
2053 3183 2248 3231 sequitur

1240 3263 1357 3314 quod
1392 3262 1487 3312 ipsa
1524 3262 1590 3300 est
1627 3259 1870 3310 subjectum
1907 3258 2170 3307 mutationis,
2204 3261 2247 3298 et

1239 3342 1299 3379 sic
1336 3337 1560 3390 generatio
1599 3340 1770 3387 sumpta
1808 3347 1884 3385 pro
1922 3335 2157 3374 mutatione
2183 3339 2247 3374 est

1237 3414 1375 3454 forma
1413 3412 1696 3452 denominans
1733 3412 1873 3460 ipsam
1901 3409 2119 3450 materiam
2157 3412 2245 3450 sive

1239 3491 1485 3542 subjectum
1506 3489 1813 3541 generationis,
1838 3491 1880 3527 et
1906 3487 1989 3526 hoc
2009 3489 2073 3527 est
2091 3487 2244 3536 imper¬

1238 3567 1450 3615 fectionis,
1482 3565 1581 3617 quia
1600 3565 1632 3604 si
1668 3574 1805 3616 agens
1835 3566 1952 3604 esset
1978 3561 2241 3614 perfectissi-
