2711 3950
407 322 539 358 mum,
574 310 723 360 posset
758 307 905 357 ignem
942 312 1154 354 generare
1189 300 1281 339 sine
1321 309 1412 338 mu¬

411 386 567 425 tatione
608 382 804 432 subjecti.
846 378 1026 429 Quando
1071 388 1172 418 vero
1212 376 1418 424 accipitur

407 460 630 513 generatio
678 462 724 497 ut
771 459 836 496 est
884 454 1124 506 productio,
1177 457 1277 492 tunc
1325 451 1417 490 talis

407 536 630 587 productio
662 535 826 573 tantum
861 531 1038 580 respicit
1063 527 1320 579 productum
1342 538 1417 577 pro

408 612 606 659 termino,
639 612 681 649 et
719 619 807 648 non
844 606 1027 648 includit
1067 603 1243 655 aliquod
1271 602 1414 652 subje¬

407 692 519 727 ctum
554 686 726 727 mutari.
757 685 806 724 Et
838 684 920 723 hoc
954 683 1082 722 modo
1114 682 1352 732 generatio,
1373 682 1421 718 ut

407 767 471 803 est
491 760 736 813 productio,
760 758 1016 800 transfertur
1036 758 1089 797 ad
1121 757 1277 802 divina,
1301 760 1341 795 et
1361 755 1421 794 sic

407 840 531 879 Pater
551 840 592 878 in
624 837 775 878 divinis
794 847 896 876 vere
930 834 1129 885 producit
1148 833 1311 879 Filium,
1334 842 1422 872 non

408 912 787 968 prsesupponendo
825 912 868 950 in
910 912 980 950 tali
1019 909 1304 960 productione
1343 908 1422 948 ali¬

410 992 527 1042 quod
563 990 808 1042 subjectum
836 988 905 1027 vel
934 987 1157 1026 materiam
1187 986 1304 1035 prius
1329 994 1420 1023 mu¬

410 1069 502 1114 tari,
535 1070 637 1117 puta
669 1075 692 1103 a
724 1065 960 1114 privatione
1000 1062 1054 1102 ad
1077 1062 1250 1102 formam
1276 1073 1285 1108 ;
1320 1062 1423 1101 nihil

411 1143 524 1182 enim
544 1143 601 1182 ibi
622 1139 979 1191 praesupponilur,
1013 1138 1094 1177 nisi
1130 1140 1281 1177 natura
1311 1137 1419 1176 divi¬

408 1229 483 1264 na,
535 1227 625 1268 quae
664 1216 706 1254 in
753 1214 1036 1266 generatione
1084 1213 1171 1252 Filii
1219 1223 1306 1251 non
1357 1214 1422 1251 est

409 1294 602 1341 materia,
631 1302 714 1331 nec
747 1291 868 1341 quasi
901 1292 1096 1338 materia,
1130 1299 1210 1328 nec
1232 1288 1423 1338 potentia

409 1372 641 1420 receptiva,
682 1380 764 1408 nec
799 1368 919 1418 quasi
956 1368 1149 1418 potentia
1185 1367 1419 1417 receptiva,

410 1450 457 1485 ut
493 1445 600 1485 infra
644 1447 801 1485 Doctor
840 1444 1030 1484 declarat
1067 1447 1107 1484 d.
1149 1445 1188 1492 5.
1230 1455 1268 1492 q.
1307 1444 1344 1482 2.
1386 1446 1423 1482 et

413 1523 454 1562 d.
475 1523 539 1572 27.
564 1534 600 1572 q.
628 1523 661 1560 1.

465 1597 513 1650 (f)
543 1601 603 1639 Ad
629 1599 856 1638 secundum
884 1597 1139 1646 principale.
1176 1597 1335 1635 Doctor
1354 1593 1422 1633 hic

413 1673 526 1721 dieit,
559 1673 676 1725 quod
715 1673 907 1723 quamvis
945 1672 1069 1713 Filius
1106 1670 1369 1722 producatur
1399 1681 1419 1708 a

413 1752 439 1789 p
444 1761 466 1789 a
473 1754 483 1790 i
488 1762 550 1800 rGj
583 1762 637 1791 n0
643 1754 670 1790 n
693 1754 833 1789 tamen
870 1749 1092 1799 dependet
1112 1759 1134 1788 a
1152 1748 1291 1795 Patre,
1324 1747 1424 1798 quia

413 1826 704 1878 dependentia
732 1827 930 1876 sequitur
958 1825 1196 1870 entitatem,
1218 1823 1421 1863 videlicet

412 1903 752 1954 quidditativam,
784 1901 828 1941 id
849 1904 929 1950 est,
962 1900 1080 1951 quod
1110 1911 1236 1940 omne
1260 1899 1421 1949 depen¬

412 1980 534 2027 dens,
565 1980 736 2030 proprie
771 1977 992 2029 loquendo
1027 1977 1081 2016 de
1113 1975 1421 2026 dependentia,

406 2067 580 2106 semper
600 2055 701 2096 dicit
739 2055 864 2093 aliam
901 2053 1123 2092 entitatem
1145 2052 1422 2091 essentialem

407 2133 459 2172 ab
491 2133 665 2172 entitate
704 2130 815 2169 illius
841 2142 863 2168 a
885 2141 969 2180 quo
1004 2128 1240 2179 dependet,
1282 2131 1325 2167 et
1361 2128 1422 2166 sic

409 2221 506 2250 cum
535 2209 660 2249 Filius
679 2208 838 2247 habeat
871 2205 1070 2246 eamdem
1106 2206 1330 2245 entitatem
1352 2217 1422 2245 es¬

408 2286 635 2326 sentialem
656 2295 783 2334 quam
804 2283 929 2322 Pater
954 2282 1099 2329 habet,
1122 2281 1283 2320 scilicet
1301 2286 1404 2321 natu

407 2373 499 2401 ram
520 2360 720 2406 divinam,
752 2357 851 2397 ideo
880 2368 968 2397 non
989 2356 1211 2406 dependet
1227 2368 1248 2395 a
1278 2356 1417 2396 Patre.

461 2437 520 2490 (g)
551 2438 612 2476 Ad
637 2435 833 2476 ultimum
867 2435 972 2473 dico.
1010 2435 1124 2474 Licet
1151 2433 1246 2472 haec
1277 2433 1419 2473 littera

404 2515 456 2554 sit
490 2514 618 2560 clara,
649 2513 751 2551 nota
784 2513 942 2558 tamen,
979 2509 1150 2560 quando
1173 2509 1273 2548 dicit
1302 2510 1418 2559 quod

403 2590 625 2642 generatio
649 2590 714 2629 est
734 2586 962 2637 perfectior
982 2586 1073 2625 aliis
1095 2586 1414 2634 mutationibus,

406 2670 454 2706 ut
474 2669 589 2706 enim
617 2663 842 2716 generatio
864 2665 908 2701 et
927 2662 1017 2702 aliae
1034 2662 1311 2709 mutationes,
1334 2664 1416 2701 sci¬

404 2743 506 2783 licet
535 2742 747 2786 alteratio,
779 2738 860 2778 loci
889 2739 1083 2785 mutatio,
1119 2739 1416 2788 augmentatio

406 2821 448 2857 et
467 2815 728 2870 hujusmodi,
752 2816 1053 2864 comparantur
1072 2811 1127 2852 ad
1148 2814 1378 2852 terminum
1394 2825 1418 2852 a

404 2905 489 2944 quo
521 2891 867 2935 denominantur,
904 2889 1128 2938 generatio
1168 2890 1234 2926 est
1271 2887 1417 2937 perfe¬

405 2970 525 3016 ctior,
567 2967 663 3018 quia
698 2966 905 3005 terminus
943 2967 1008 3003 est
1028 2962 1274 3012 perfectior,
1316 2975 1416 3003 nam

401 3044 625 3097 generatio
647 3053 701 3083 ex
727 3042 870 3091 quinto
901 3041 1190 3088 Physicorum,
1220 3040 1415 3080 termina¬

405 3124 472 3160 tur
491 3119 546 3159 ad
566 3117 861 3164 substantiam,
885 3121 927 3155 et
947 3116 1142 3155 similiter
1167 3127 1221 3155 ex
1239 3119 1415 3166 septimo

404 3197 585 3247 Metaph.
624 3193 872 3235 terminatur
893 3193 947 3232 ad
980 3194 1283 3243 compositum.
1317 3193 1416 3233 Aliae

402 3285 504 3314 vero
542 3272 804 3312 mutationes
844 3271 1010 3308 tantum
1045 3269 1327 3308 terminantur
1361 3269 1416 3308 ad

404 3348 578 3401 aliquod
598 3345 813 3393 accidens,
833 3349 880 3385 ut
898 3343 1189 3395 augmentatio
1208 3344 1260 3383 ad
1283 3355 1415 3394 quan¬

405 3429 584 3471 titatem,
619 3422 811 3463 alteratio
835 3421 888 3461 ad
919 3421 1186 3471 qualitatem,
1217 3420 1299 3460 loci
1318 3432 1411 3459 mu¬

406 3503 505 3541 tatio
529 3501 582 3540 ad
621 3499 695 3539 ubi
712 3510 721 3545 ;
755 3500 803 3536 ut
831 3507 933 3537 vero
971 3495 1213 3548 generatio,
1251 3498 1292 3534 et
1325 3496 1416 3536 aliae

404 3579 662 3619 mutationes
695 3575 998 3624 comparantur
1028 3572 1083 3611 ad
1110 3570 1353 3620 subjectum
1371 3574 1415 3611 in

1491 309 1575 348 quo
1603 299 1718 343 sunt,
1752 297 1976 349 generatio
2014 299 2061 336 ut
2093 299 2159 335 est
2191 296 2384 344 mutatio,
2411 307 2499 335 non

1489 379 1534 414 ut
1573 378 1638 414 est
1684 373 1905 424 productio
1955 376 2020 413 est
2056 371 2361 423 imperfectior,
2403 372 2502 423 quia

1491 451 1695 502 supponit
1741 450 1984 502 subjectum
2028 449 2165 499 magis
2182 468 2188 472 -
2213 448 2253 486 in
2290 450 2499 498 potentia,

1492 530 1623 578 palet,
1648 528 1744 577 quia
1774 528 1864 575 ipsa
1897 525 2103 565 fundatur
2122 525 2164 564 in
2186 526 2381 572 materia,
2405 535 2502 576 quae

1493 608 1558 644 est
1582 604 1622 643 in
1644 603 1834 652 potentia
1866 601 1921 641 ad
1947 601 2126 641 formam
2158 600 2499 649 substantialem,

1494 685 1535 719 et
1554 679 1732 719 ulterius
1753 679 1806 718 ad
1835 679 1938 718 alias
1959 677 2132 717 formas.
2165 677 2265 717 Aliae
2285 688 2385 717 vero
2407 689 2502 716 mu¬

1495 758 1678 796 tationes
1710 759 1809 795 sunt
1826 755 1867 794 in
1889 755 2085 806 subjecto
2120 755 2297 801 inactu,
2330 757 2431 804 puta
2460 754 2503 793 in

1494 833 1743 882 composito,
1786 830 1901 881 quod
1943 833 2107 870 lanium
2142 832 2206 869 est
2236 832 2277 868 in
2310 832 2502 880 potentia

1495 907 1549 946 ad
1569 906 1726 946 formas
1755 906 2055 953 accidentales,
2087 908 2129 944 et
2149 905 2301 956 loquor
2330 916 2504 956 semper

1496 983 1550 1023 de
1571 983 1854 1035 generatione
1876 985 1923 1022 ut
1954 988 2017 1023 est
2044 983 2242 1022 mutatio.

1868 1110 2132 1146 SGHOLIUM.

1545 1227 1605 1264 Aci
1644 1227 1911 1273 quaestionem
1954 1227 2170 1273 septimam
2209 1237 2280 1264 seu
2321 1233 2507 1275 quartam

1497 1291 1683 1328 secundae
1715 1292 1861 1337 partis,
1889 1301 1979 1336 quae
2015 1293 2074 1327 est
2109 1291 2266 1335 ultima,
2301 1294 2510 1339 supposita

1495 1358 1669 1392 veritate
1691 1355 1797 1399 fidei,
1818 1355 1917 1392 duas
1934 1359 2087 1392 tantum
2103 1365 2190 1392 esse
2209 1356 2508 1402 productiones,

1497 1420 1662 1457 adducit
1692 1420 1854 1456 modum
1889 1420 2052 1456 dicendi
2088 1422 2254 1457 Henrici
2275 1423 2507 1466 asserentis,

1496 1484 1585 1521 ideo
1605 1484 1703 1520 duos
1724 1493 1810 1520 esse
1831 1487 1943 1521 actus
1962 1486 2197 1527 notionales,
2217 1486 2311 1531 quia
2335 1486 2510 1522 fundan¬

1495 1552 1564 1585 tur
1585 1558 1707 1594 super
1732 1549 1985 1592 essentiales,
2020 1549 2090 1595 qui
2112 1551 2268 1585 tantum
2301 1553 2394 1586 sunt
2413 1548 2505 1586 duo.

1497 1614 1601 1650 Dicit
1637 1614 1836 1648 Henricus
1874 1613 2033 1659 quando
2070 1613 2303 1650 intellectus
2340 1617 2400 1650 est
2432 1614 2505 1650 sub

1497 1687 1569 1714 suo
1591 1678 1681 1712 actu
1703 1677 1896 1724 simplici,
1938 1677 1979 1714 id
2014 1680 2086 1720 est,
2111 1681 2218 1714 recto
2249 1679 2334 1725 (qui
2361 1689 2507 1716 secun¬

1498 1741 1593 1778 dum
1635 1742 1769 1787 ipsum
1808 1742 1985 1778 totaliter
2023 1745 2214 1778 causatur
2252 1744 2301 1779 ab
2339 1744 2508 1790 objecto»

1498 1804 1603 1851 quod
1624 1805 1826 1850 improbat
1859 1807 1996 1842 Scotus
2016 1808 2114 1842 infr.
2149 1807 2184 1843 d.
2209 1808 2243 1843 3.
2266 1818 2304 1854 q.
2325 1809 2380 1854 7.)
2401 1810 2508 1855 quod

1496 1870 1670 1905 reflectit
1692 1879 1816 1915 super
1836 1879 1892 1914 se,
1915 1873 1954 1907 et
1975 1870 2106 1907 media
2127 1872 2200 1907 illa
2232 1873 2375 1909 notitia
2408 1875 2509 1909 sim¬

1497 1932 1595 1978 plici
1615 1933 1805 1977 producit
1836 1935 2030 1979 genitam,
2059 1934 2166 1980 quod
2186 1936 2308 1971 etiam
2329 1940 2440 1973 tenet
2460 1938 2508 1974 de

1496 1997 1621 2034 verbo
1651 2000 1797 2041 nostro,
1840 1998 1946 2043 quod
1992 1999 2194 2045 improbat
2234 2001 2383 2041 Scotus,
2410 2003 2506 2039 infr.

1497 2061 1532 2097 d.
1552 2062 1611 2097 27.
1634 2072 1671 2108 q.
1698 2062 1729 2097 1.
1770 2062 1909 2098 eodem
1947 2063 2063 2099 modo
2101 2062 2200 2099 dicit
2238 2063 2285 2099 do
2306 2065 2509 2102 voluntate

1496 2124 1626 2170 quoad
1657 2125 1744 2168 ejus
1776 2135 1952 2161 amorem
1985 2125 2240 2171 productum,
2279 2137 2399 2171 quem
2421 2129 2507 2174 ipse

1493 2191 1612 2225 vocat
1629 2189 1897 2232 incentivum,
1921 2190 2111 2234 quamvis
2142 2194 2263 2235 ponat
2288 2192 2506 2237 quamdam

1495 2253 1770 2289 differentiam
1814 2254 1880 2289 vix
1937 2253 2244 2298 intelligibilem
2288 2257 2396 2292 inter
2434 2257 2506 2293 has

1494 2317 1593 2353 duas
1626 2318 1825 2363 potentias
1847 2318 1977 2364 quoad
2009 2318 2314 2364 productionem
2348 2322 2503 2357 notitiae

1494 2385 1533 2417 et
1558 2382 1721 2428 amoris,
1750 2381 1798 2417 de
1825 2392 1902 2428 quo
1925 2383 2024 2420 Scot.
2048 2383 2146 2419 infr.
2174 2383 2212 2421 d.
2234 2385 2269 2420 5.
2291 2394 2330 2430 q.
2352 2387 2388 2421 2.

1552 2495 1624 2542 Ad
1666 2497 2011 2556 quaestionem
2052 2502 2298 2559 quartam
2326 2502 2384 2547 de
2411 2515 2498 2558 nu-

1494 2586 1641 2619 mero
1677 2574 2081 2633 productionum
2109 2578 2254 2635 patet
2281 2578 2498 2632 veritas,

1493 2650 1615 2708 quia
1659 2652 1781 2697 sunt
1831 2653 2039 2698 tantum
2088 2653 2199 2699 duae
2242 2655 2503 2714 producti-

1494 2739 1634 2772 ones.
1667 2727 1762 2773 Sed
1789 2726 1885 2773 hoc
1908 2728 2213 2776 declaratur
2235 2731 2297 2776 ab
2319 2731 2502 2783 aliqui-

1494 2805 1586 2847 bus
1634 2815 1708 2847 sic
1752 2817 1760 2845 :
1803 2804 1967 2849 Actus
2026 2805 2325 2852 notionales
2384 2808 2498 2854 fun-

1490 2880 1683 2924 dantur
1748 2892 1907 2939 super
1975 2882 2125 2928 actus
2188 2884 2498 2930 essentiales

1490 2954 1857 3008 immanentes,
1889 2957 1975 3002 sed
2008 2959 2215 3004 tantum
2246 2961 2365 3005 sunt
2399 2961 2498 3007 duo

1490 3032 1640 3077 actus
1680 3032 1992 3078 essentiales
2022 3035 2293 3080 manentes
2335 3035 2493 3089 intra,

1491 3107 1579 3166 qui
1623 3109 1746 3153 sunt
1793 3109 2041 3166 intelligere
2089 3111 2141 3156 et
2186 3113 2322 3165 velle;
2365 3125 2496 3171 ergo

1489 3184 1696 3229 tantum
1727 3184 1846 3229 sunt
1874 3183 1972 3229 duo
2008 3187 2158 3230 actus
2181 3187 2497 3242 notionales,

1490 3258 1576 3317 qui
1605 3260 1726 3304 sunt
1760 3258 2058 3317 productivi
2089 3260 2246 3308 intra.

1546 3334 1906 3382 Confirmatur
1929 3337 2068 3383 ratio
2092 3337 2172 3395 (a),
2205 3339 2326 3398 quia
2349 3344 2499 3388 actus

1486 3411 1784 3458 notionales
1846 3411 2048 3460 fundati
2117 3427 2276 3474 super
2345 3421 2494 3466 actus

1487 3486 1797 3533 essentiales
1837 3490 2117 3546 sequantur
2155 3491 2248 3543 eis,
2291 3495 2341 3540 et
2382 3493 2492 3540 ideo

1487 3577 1592 3610 non
1618 3566 1840 3623 possunt
1874 3563 2173 3624 pluriflcari
2213 3571 2362 3618 actus
2405 3584 2492 3618 no-
