2711 3950
322 332 489 382 ponunt
536 325 796 368 voluntatem
834 325 883 368 in
926 324 1046 366 nobis
1087 330 1333 366 convertere

324 401 658 458 intelligentiam
681 399 741 443 ad
772 401 1040 452 memoriam,
1075 406 1195 455 patet
1221 398 1334 454 quod

325 477 523 520 voluntas
566 490 654 519 non
698 477 908 519 convertit
952 475 1010 519 ad
1045 475 1335 532 gignitionem

334 553 457 595 Verbi
478 552 638 595 divini.

381 628 484 670 Item
507 628 728 670 conversio
749 628 830 669 ista
848 641 935 669 non
949 634 1008 669 est
1029 627 1140 669 actio
1163 639 1254 681 quce
1275 631 1334 666 est

324 705 534 759 operatio,
559 705 661 759 quia
678 718 767 746 non
788 704 1024 745 intellectio
1031 716 1040 752 ,
1064 716 1140 744 nec
1162 701 1330 751 volilio,

323 793 399 822 nec
424 788 483 822 est
508 782 621 822 actio
643 780 904 836 productiva
929 779 1132 835 alicujus.

624 907 1039 949 COMMENTARIUS.

377 1030 433 1083 (a)
464 1034 544 1070 Ida
575 1031 714 1079 opinio
740 1030 856 1078 ponit
892 1034 976 1069 tres
1013 1027 1229 1068 articulos.
1265 1028 1336 1067 Ilie

324 1109 482 1147 Doctor
528 1108 661 1156 primo
701 1106 917 1155 improbat
954 1107 1076 1144 istam
1127 1105 1336 1144 conclusi¬

325 1193 468 1230 onem,
493 1181 608 1232 quod
638 1182 883 1221 intellectus
903 1184 951 1220 ut
980 1180 1137 1228 nudus,
1163 1191 1337 1220 conver¬

323 1269 396 1298 sus
433 1268 564 1307 super
600 1256 871 1296 intellectum
913 1255 1147 1295 formatum
1188 1256 1338 1294 notitia

324 1330 735 1382 simplici,formetur
755 1333 808 1372 ab
831 1343 881 1371 eo
911 1333 1057 1372 notitia
1091 1331 1251 1382 genita.
1289 1332 1339 1371 Ut

324 1409 478 1449 clarius
507 1409 640 1448 dicam
672 1409 783 1448 hanc
819 1407 1155 1453 conclusionem,
1193 1411 1340 1446 contra

326 1496 454 1536 quam
496 1485 635 1536 arguit
677 1487 850 1532 Doctor,
874 1485 1023 1524 notitia
1062 1486 1208 1535 genita
1251 1484 1339 1523 sive

326 1562 510 1601 Verbum
544 1561 586 1600 in
619 1560 770 1601 divinis
803 1560 1026 1609 formatur,
1064 1561 1153 1600 sive
1184 1559 1341 1610 produ¬

330 1637 437 1675 citur
477 1635 528 1673 ab
570 1635 793 1675 intellectu
838 1637 971 1676 Patris
1019 1638 1067 1674 ut
1111 1633 1340 1675 informato

328 1712 477 1752 notitia
498 1712 694 1762 simplici,
731 1716 774 1752 et
804 1713 886 1752 hoc
918 1717 965 1752 ut
992 1713 1237 1753 intellectus
1260 1723 1342 1752 nu¬

331 1791 411 1830 dus
431 1790 548 1839 prius
578 1791 842 1830 convertitur
866 1801 999 1840 super
1032 1791 1221 1840 seipsum
1254 1789 1343 1830 for¬

329 1869 508 1912 matum,
541 1869 584 1904 et
618 1866 708 1905 talis
740 1868 890 1906 notitia
908 1868 1053 1917 genita
1075 1867 1278 1915 recipitur
1301 1865 1345 1904 in

331 1941 554 1981 intellectu
573 1942 708 1982 nudo.

307 2017 313 2081 Improbatur
385 2017 539 2057 Contra
559 2017 669 2057 hanc
695 2017 834 2068 arguit
867 2017 1025 2056 Doctor
1053 2017 1109 2056 ibi
1133 2018 1141 2056 :
1165 2018 1249 2056 Hoc
1269 2017 1344 2056 im-

330 2105 357 2142 V
361 2105 372 2132 7
373 2106 384 2115 '
385 2104 408 2132 0
413 2094 435 2132 ^
440 2105 462 2131 0
480 2094 554 2134 sic.
576 2094 680 2132 Nam
699 2093 968 2134 intellectum
989 2093 1180 2133 converti
1213 2103 1346 2142 super

306 2161 311 2207 intellectum
332 2169 522 2218 seipsum
573 2168 803 2208 formatum
856 2169 1005 2208 notitia
1055 2168 1234 2217 simplici
1281 2170 1346 2206 est

331 2247 472 2295 ipsum
306 2243 312 2285 seip-
496 2257 543 2285 se
565 2247 807 2297 intelligere
828 2249 875 2284 ut
894 2246 1130 2284 habentem
1153 2245 1347 2284 notitiam

332 2323 584 2372 simplicem,
609 2326 650 2362 et
668 2323 746 2362 hoc
768 2333 866 2361 cum
897 2321 1010 2361 dicat
1031 2321 1247 2360 actionem
1267 2322 1347 2360 erit

333 2396 510 2447 alicujus
547 2398 773 2448 suppositi.
817 2398 971 2446 Quaerit
1012 2397 1142 2437 modo
1190 2398 1346 2436 Doctor

334 2473 450 2524 quod
472 2477 537 2513 est
566 2472 671 2512 illud
704 2473 993 2522 suppositum,
1027 2472 1144 2523 quod
1177 2473 1344 2512 actione

331 2560 409 2588 sua
440 2549 650 2589 convertit
669 2559 715 2587 se
738 2559 870 2597 super
897 2548 1165 2587 intellectum
1192 2546 1344 2586 forma¬

332 2627 422 2663 tum
449 2624 595 2663 notitia
616 2624 814 2674 simplici.
841 2623 1013 2663 Certum
1035 2628 1099 2662 est
1121 2621 1239 2672 quod
1260 2631 1348 2661 non

333 2703 398 2738 est
441 2701 711 2750 suppositum
757 2701 860 2748 Filii,
903 2704 1036 2750 patet,
1086 2700 1185 2750 quia
1234 2701 1349 2738 esset

332 2775 457 2814 Filius
503 2779 602 2815 ante
652 2776 814 2824 Filium,
856 2787 955 2815 nam
993 2777 1074 2815 ista
1123 2775 1346 2814 conversio

331 2860 466 2898 super
502 2849 769 2889 intellectum
801 2849 1028 2892 formatum
1065 2849 1212 2888 notitia
1243 2848 1348 2887 sim¬

331 2924 431 2974 plici
453 2924 652 2974 praecedit
671 2924 1002 2975 generationem
1024 2924 1132 2971 Filii,
1155 2927 1203 2962 ut
1221 2933 1350 2972 supra

332 3003 481 3049 patet;
516 3010 619 3051 ergo
655 3000 691 3039 si
723 3000 971 3039 intellectus
1001 3002 1049 3038 ut
1077 3001 1119 3037 in
1152 2997 1252 3038 Filio
1290 2997 1350 3036 sic

333 3078 607 3122 convertitur,
633 3078 734 3113 tunc
757 3075 835 3114 erit
854 3074 979 3113 Filius
1001 3076 1103 3113 ante
1131 3073 1294 3112 Filium.

386 3148 446 3200 (b)
476 3149 528 3189 Si
553 3152 691 3189 autem
719 3152 763 3187 ut
794 3150 1049 3187 convertitur
1076 3159 1207 3197 super
1225 3147 1346 3186 intel¬

335 3227 490 3265 lectum
517 3225 752 3274 formatum
791 3229 848 3263 est
886 3226 1017 3274 ipsius
1054 3225 1208 3272 Patris,
1257 3227 1353 3263 tunc

337 3314 473 3353 arguo
493 3304 553 3342 sic
576 3306 582 3343 :
609 3304 740 3352 Cujus
761 3306 834 3349 est,
859 3305 940 3341 etc.
957 3304 1061 3341 Tota
1082 3302 1159 3341 ista
1182 3302 1286 3340 ratio
1309 3301 1352 3340 in

338 3379 419 3418 hoc
441 3378 635 3419 consistit
657 3391 665 3416 :
690 3379 731 3417 Si
752 3378 875 3417 Pater
894 3376 1113 3416 mediante
1129 3376 1354 3415 intellectu

340 3454 457 3494 nudo
490 3456 753 3494 convertitur
791 3463 922 3502 super
957 3452 1227 3491 intellectum
1265 3450 1350 3491 for¬

340 3532 505 3568 matum
525 3529 676 3567 notitia
705 3527 881 3577 simplici
925 3527 1088 3566 scilicet
1118 3531 1165 3565 ut
1198 3525 1353 3576 produ¬

344 3608 500 3647 ctivum
528 3606 688 3646 notitiae
717 3605 887 3657 genitae,
918 3604 1221 3655 productivum
1257 3603 1352 3642 dico

1398 323 1530 372 ipsius
1567 324 1722 364 notitiae
1756 323 1910 376 genitae
1947 323 2000 363 de
2039 323 2258 364 intellectu
2286 324 2404 364 nudo

1397 409 1474 448 per
1494 399 1818 448 impressionem
1849 400 1983 448 ipsius
2006 401 2163 440 notitiae
2183 400 2337 451 genitae
2366 400 2407 438 in

1396 475 1618 514 intellectu
1647 475 1777 515 nudo.
1811 475 1932 528 (Nam
1966 476 2137 526 proprie
2167 475 2409 525 producere

1399 549 1452 588 de
1485 550 1626 600 aliquo
1663 562 1738 600 per
1775 551 2106 601 impressionem
2135 550 2334 600 producti
2367 551 2410 589 in

1397 626 1483 674 illo,
1515 629 1579 666 est
1609 627 1748 677 ipsum
1779 626 2041 676 productum
2075 626 2310 666 formaliter
2341 627 2408 666 in-

1399 713 1495 742 esse
1515 703 1571 741 illi
1595 703 1646 741 de
1671 715 1754 754 quo
1776 703 2042 753 producitur,
2065 704 2176 742 sicut
2199 703 2252 741 de
2273 705 2411 741 mate¬

1398 778 1457 816 ria
1492 778 1594 829 ligni
1622 779 1873 828 producitur
1906 778 2040 818 forma
2071 778 2197 830 ignis,
2233 781 2275 816 et
2306 777 2412 816 reci¬

1398 861 1511 912 pitur
1540 860 1774 900 formaliter
1794 862 1836 900 in
1858 862 1926 900 illa
1955 860 2149 913 materia)
2179 864 2243 901 est
2272 861 2408 910 ipsum

1398 935 1660 975 intellectum
1682 935 1862 983 nudum,
1893 939 1939 975 ut
1969 937 2011 975 in
2032 936 2154 976 Patre
2174 935 2411 975 formaliter

1401 1009 1656 1050 existentem
1677 1021 1753 1049 suo
1774 1009 1904 1049 modo
1940 1011 2134 1061 recipere
2162 1011 2276 1050 illam
2305 1012 2412 1051 noti¬

1400 1086 1501 1125 tiam
1521 1086 1711 1138 genitam
1732 1087 1985 1136 productam
2016 1087 2069 1126 ab
2091 1087 2313 1126 intellectu
2334 1086 2414 1126 for¬

1400 1164 1513 1201 mato
1553 1162 1696 1201 notitia
1719 1162 1914 1211 simplici,
1939 1163 2053 1212 quod
2075 1163 2116 1201 in
2138 1163 2261 1202 simili
2283 1165 2412 1212 patet.

1403 1238 1443 1277 Si
1477 1239 1590 1277 enim
1610 1238 1854 1277 intellectus
1880 1249 2003 1278 meus
2034 1250 2141 1289 pure
2174 1240 2336 1289 passive
2369 1248 2416 1277 se

1400 1315 1583 1354 haberet
1604 1315 1657 1354 ad
1682 1317 1709 1354 A
1745 1315 1965 1366 objectum
2000 1320 2044 1355 ut
2077 1318 2276 1360 activum,
2312 1320 2415 1355 tunc

1402 1392 1646 1431 intellectus
1675 1403 1798 1431 meus
1833 1391 2050 1442 reciperet
2082 1394 2275 1432 notitiam
2303 1393 2415 1432 illius

1403 1466 1563 1518 objecti
1592 1469 1620 1505 A
1644 1469 1848 1516 tanquam
1878 1477 1900 1505 a
1932 1478 2060 1507 causa
2091 1467 2339 1518 productiva
2370 1468 2415 1507 il¬

1402 1544 1484 1582 lius
1505 1542 1682 1589 notitiae,
1707 1545 1749 1582 et
1769 1542 1829 1582 sic
1856 1542 2100 1584 intellectus
2135 1554 2257 1582 meus
2291 1542 2416 1584 infor¬

1403 1621 1596 1659 maretur
1618 1619 1685 1658 tali
1708 1620 1873 1666 notitia,
1897 1622 1939 1659 et
1959 1630 2037 1670 per
2058 1629 2331 1671 consequens
2353 1631 2419 1659 es¬

1406 1697 1471 1734 set
1510 1693 1742 1735 formaliter
1770 1695 2017 1744 intelligens
2051 1706 2130 1744 per
2161 1696 2274 1734 illam
2304 1698 2417 1736 noti¬

1407 1772 1506 1809 tiam
1528 1771 1570 1809 in
1590 1771 1812 1810 intellectu
1830 1783 1926 1811 meo
1943 1775 2179 1821 receptam.
2203 1773 2269 1811 Sic
2291 1775 2356 1811 est
2375 1773 2418 1811 in

1406 1846 1641 1897 proposito,
1681 1847 1716 1887 si
1745 1847 1992 1886 intellectus
2032 1849 2164 1887 Patris
2201 1852 2248 1888 ut
2288 1849 2421 1888 Patris

1406 1922 1563 1961 habeat
1582 1923 1850 1961 intellectum
1871 1923 2102 1963 formatum
2132 1924 2280 1963 notitia
2312 1925 2412 1964 sim¬

1407 1999 1520 2048 plici,
1542 2002 1589 2038 ut
1613 1999 1910 2048 productivum
1930 2000 2040 2039 illius
2072 2000 2241 2048 notitiae,
2270 2000 2417 2050 impri¬

1409 2074 1564 2113 mendo
1586 2075 1699 2113 illam
1727 2074 1769 2113 in
1796 2076 2016 2116 intellectu
2037 2075 2167 2115 Patris
2185 2080 2234 2115 ut
2260 2077 2416 2125 Patris;

1410 2161 1512 2201 ergo
1545 2150 1670 2190 Pater
1697 2149 1935 2190 formaliter
1961 2152 2140 2191 haberet
2165 2152 2206 2191 in
2235 2163 2282 2192 se
2303 2153 2417 2192 illam

1408 2226 1616 2274 notitiam,
1647 2231 1688 2266 et
1721 2238 1906 2276 persona
1937 2227 2023 2266 Filii
2050 2233 2164 2268 esset
2184 2227 2420 2268 formaliter

1407 2302 1451 2341 in
1484 2303 1621 2350 Patre,
1660 2306 1702 2341 et
1734 2314 1813 2353 per
1845 2314 2118 2354 consequens
2149 2304 2274 2343 Pater
2310 2307 2423 2344 esset

1408 2377 1644 2418 formaliter
1672 2380 1814 2426 Filius,
1849 2380 1958 2419 sicut
1988 2382 2130 2430 paries
2156 2380 2321 2419 habens
2341 2380 2424 2420 for¬

1408 2455 1576 2495 maliter
1598 2456 1844 2495 albedinem
1869 2459 1936 2495 est
1953 2454 2191 2495 formaliter
2211 2456 2355 2502 albus;
2382 2459 2425 2495 et

1409 2530 1477 2570 hic
1498 2534 1562 2570 est
1582 2541 1736 2569 sensus
1765 2532 1894 2570 totius
1928 2531 2098 2570 litterae.
2131 2532 2245 2570 Hanc
2280 2534 2424 2570 tamen

1409 2611 1457 2644 ut
1487 2606 1638 2645 clarius
1658 2605 1922 2656 intelligatur
1947 2616 2116 2656 expono
2140 2605 2194 2645 de
2214 2607 2346 2646 verbo
2367 2606 2423 2645 ad

1409 2682 1607 2721 verbum.

1460 2760 1573 2797 Tunc
1593 2767 1728 2806 arguo
1749 2758 1808 2795 sic
1826 2769 1838 2794 :
1857 2757 1986 2805 Cujus
2007 2760 2062 2795 est
2083 2761 2125 2796 ut
2147 2759 2418 2806 convertitur,

1408 2833 1453 2873 id
1475 2837 1552 2881 est,
1576 2834 1699 2885 cujus
1729 2833 1938 2882 suppositi
1973 2835 2037 2872 est
2069 2833 2315 2873 intellectus
2342 2815 2420 2873 nu-

1413 2911 1507 2957 dus,
1524 2915 1574 2950 ut
1593 2911 1853 2949 convertitur
1880 2919 2012 2958 super
2044 2909 2235 2960 seipsum
2264 2896 2420 2949 forma-

1411 2987 1504 3024 tum
1532 2985 1680 3024 notitia
1713 2983 1908 3033 simplici.
1941 2983 2142 3033 Sequitur
2173 2985 2264 3033 ejus
2294 2988 2350 3024 est
2383 2988 2427 3024 ut

1414 3062 1563 3099 notitia
1584 3062 1720 3109 genita
1738 3061 1970 3108 formatur,
2002 3058 2045 3097 id
2072 3062 2150 3106 est,
2187 3059 2427 3098 intellectus

1413 3135 1556 3175 nudus
1587 3139 1652 3174 est
1681 3135 1880 3186 ejusdem
1909 3134 2134 3183 suppositi,
2169 3136 2426 3184 inquantum

1414 3213 1483 3250 ille
1504 3211 1750 3251 intellectus
1772 3210 1844 3248 tali
1864 3210 2009 3249 notitia
2030 3210 2178 3259 genita
2203 3209 2423 3250 formatur.

1416 3289 1497 3327 Ista
1534 3286 1764 3336 propositio
1803 3285 1864 3324 sic
1900 3284 2116 3324 declarata
2166 3285 2371 3334 probatur
2405 3296 2427 3323 a

1416 3362 1599 3399 Doctore
1628 3359 1700 3398 ibi.

1469 3446 1524 3499 (c)
1549 3450 1813 3495 Assumptum
1838 3446 2110 3494 probandum
2117 3457 2124 3495 ,
2154 3446 2289 3495 probo
2322 3447 2382 3485 sic
2416 3458 2424 3490 :

1419 3523 1550 3571 Cujus
1579 3527 1634 3562 est
1654 3525 1698 3560 ut
1728 3522 1992 3568 convertitur,
2015 3525 2097 3560 etc.
2129 3520 2173 3559 id
2194 3525 2272 3569 est,
2304 3523 2427 3574 cujus

1417 3599 1628 3649 suppositi
1648 3601 1728 3645 est,
1757 3598 1805 3636 ut
1818 3596 2061 3635 intellectus
2081 3596 2222 3636 nudus
2248 3608 2427 3638 conver-
