2653 3950
203 346 444 407 sequitur
483 348 613 408 quod
652 347 882 394 Verbum
927 347 996 394 sit
1029 347 1207 394 imme¬

200 424 394 471 diatius
436 425 655 470 verbum
691 422 1068 470 intellectionis
1116 425 1207 469 Pa¬

202 500 303 546 tris
350 513 504 559 quam
546 499 790 546 essentiae
837 499 1030 549 Patris,
1075 498 1207 556 quod

197 574 407 622 videtur
466 574 852 624 inconveniens,
911 574 1032 633 quia
1083 576 1207 620 tunc

199 655 341 698 esset
386 651 525 697 aliud
582 652 730 710 prius
785 650 1022 698 verbum,
1072 648 1207 706 quod

199 731 339 774 esset
387 728 768 774 declarativum
820 725 1064 773 essentiae
1118 726 1209 770 Pa¬

199 803 300 850 tris
331 804 645 850 immediate.

254 878 349 924 Vel
378 880 588 938 oportet
626 879 815 931 dicere,
842 877 975 936 quod
1004 877 1095 923 illa
1128 890 1208 922 es¬

200 954 370 1000 sentia
393 967 496 999 non
526 956 704 1013 posset
737 953 1000 1000 declarari
1023 953 1206 998 imme¬

200 1028 338 1076 diate
399 1042 492 1088 per
536 1029 746 1089 aliquod
784 1029 1019 1081 verbum,
1075 1027 1208 1087 quod

198 1104 405 1150 videtur
444 1104 834 1156 inconveniens,
877 1117 995 1152 cum
1030 1117 1207 1150 secun¬

197 1180 320 1225 dum
351 1181 707 1239 Augustinum
732 1182 798 1227 15.
832 1182 989 1224 Trinit.
1014 1179 1208 1226 notitia

202 1256 434 1303 formata
463 1256 526 1302 ab
552 1269 613 1302 ea
648 1269 720 1307 re,
765 1269 918 1315 quam
948 1254 1209 1301 memoria

201 1332 547 1384 continemus,
579 1336 659 1380 est
699 1333 933 1385 verbum,
977 1331 1208 1391 primum

203 1408 465 1467 objectum
501 1407 772 1454 memoriae
799 1407 985 1454 divinae
1021 1410 1101 1454 est
1133 1421 1208 1453 es¬

203 1482 374 1528 sentia
402 1485 456 1529 ut
484 1482 735 1528 essentia.

262 1559 528 1605 Praeterea
548 1559 627 1616 (e),
659 1557 704 1604 si
737 1558 963 1605 actualis
1010 1558 1208 1604 intelle¬

201 1634 307 1680 ctio
332 1633 508 1681 Patris
535 1636 674 1680 esset
697 1634 877 1692 genita
902 1633 984 1680 vel
1020 1635 1209 1693 produ¬

204 1710 303 1761 cta,
332 1710 715 1768 produceretur
731 1710 931 1756 virtute
946 1710 1206 1760 essentiae,

205 1798 310 1831 non
349 1789 404 1833 ut
439 1786 551 1844 jam
579 1786 810 1845 cognita,
841 1787 928 1833 sed
966 1789 1024 1833 ut
1060 1786 1209 1845 prior

207 1862 350 1908 omni
395 1863 731 1921 cognitione;
764 1863 860 1908 hoc
897 1864 1056 1922 patet,
1093 1865 1207 1909 tum

206 1938 488 1984 secundum
537 1939 848 1990 veritatem,
908 1938 1031 1997 quia
1077 1938 1210 1984 alias

203 2018 344 2062 esset
395 2028 674 2075 processus
725 2015 779 2060 in
841 2015 1102 2062 infinitum
1160 2015 1211 2061 in

203 2092 407 2138 actibus
453 2091 794 2151 intelligendi,
844 2091 966 2150 quia
1005 2104 1214 2150 semper

201 2167 305 2213 erit
351 2168 476 2213 dare
526 2170 703 2214 actum
747 2167 1049 2214 intellectus
1090 2169 1212 2213 ante

205 2246 383 2290 actum
405 2243 758 2302 intelligendi;
790 2247 902 2290 tum
932 2243 1214 2290 secundum

205 2319 382 2373 istum,
420 2320 542 2380 quia
586 2333 750 2380 supra
791 2320 938 2372 dixit,
977 2320 1112 2377 quod
1160 2319 1212 2364 in

208 2395 384 2447 Patre,
437 2396 615 2440 actum
674 2394 998 2454 intelligendi
1043 2407 1216 2440 essen¬

206 2469 355 2522 tiam,
382 2474 639 2530 operatur
660 2472 776 2530 ipsa
813 2471 1047 2517 essentia
1069 2470 1123 2516 in
1144 2470 1217 2516 in¬

208 2545 424 2592 tellectu
455 2545 638 2604 ipsius.

267 2623 344 2667 Ex
381 2621 478 2667 hoc
507 2634 676 2680 arguo
701 2620 776 2668 sic
806 2638 814 2665 :
861 2621 1102 2668 Actualis
1124 2635 1217 2667 no¬

207 2695 331 2743 titia
350 2695 595 2743 essentiae
620 2709 725 2743 non
749 2699 923 2756 potest
954 2709 1070 2742 esse
1110 2696 1219 2742 for-

212 2779 427 2826 maliter
453 2778 676 2825 alterius
725 2779 949 2824 rationis
980 2792 1072 2837 per
1102 2778 1217 2829 hoc,

210 2862 344 2920 quod
382 2863 461 2907 est
496 2861 559 2907 ab
593 2860 698 2906 alio
739 2859 1136 2906 communicata
1171 2861 1221 2905 et

210 2956 316 2989 non
343 2944 406 2989 ab
427 2941 532 2989 alio
569 2942 645 2988 sic
667 2940 1075 2992 communicata,
1098 2940 1220 2999 quia

212 3027 335 3071 tunc
365 3023 547 3070 Deitas
568 3025 707 3070 esset
748 3023 920 3069 forma
931 3022 1055 3069 liter
1095 3022 1224 3068 alte¬

213 3107 324 3153 rius
353 3106 579 3154 rationis
608 3105 660 3151 in
701 3105 962 3164 personis,
1007 3103 1128 3163 quia
1162 3104 1222 3149 il¬

212 3189 319 3236 lam
349 3200 451 3234 una
491 3187 647 3234 habet
684 3199 714 3233 a
755 3199 810 3232 se
854 3189 906 3234 et
950 3199 1055 3231 non
1101 3186 1222 3236 alia,

211 3285 339 3331 ergo
373 3275 425 3319 et
473 3269 699 3317 actualis
739 3268 935 3316 notitia
977 3268 1222 3316 essentiae

211 3358 292 3402 est
339 3353 570 3414 ejusdem
610 3351 838 3399 rationis
874 3351 928 3397 in
982 3352 1142 3398 Patre
1175 3354 1227 3398 et

215 3436 377 3488 Filio;
427 3434 559 3495 quod
598 3433 766 3493 igitur
801 3436 986 3480 natum
1010 3436 1089 3480 est
1113 3446 1229 3480 esse

216 3516 536 3579 principium
564 3531 645 3572 quo
692 3518 937 3574 respectu
967 3515 1138 3568 unius,
1182 3516 1226 3563 si

220 3597 360 3643 esset
398 3592 781 3653 principiabile,
806 3592 940 3639 idem
961 3593 1063 3638 erit
1085 3593 1230 3653 prin-

1281 340 1475 400 cipium
1511 341 1754 399 respectu
1797 338 2020 386 alterius
2063 336 2106 384 si
2146 334 2286 395 prin¬

1282 416 1531 475 cipiatur.

1583 544 1993 585 COMMENTARIUS.

1333 655 1548 692 Secundus
1578 652 1783 690 articulus
1812 654 1869 691 est
1874 680 1883 695 ,
1921 654 2004 689 etc.
2048 650 2154 698 Quia
2184 649 2290 688 dixit

1281 729 1485 767 Henricus
1506 729 1577 766 ubi
1607 738 1750 777 supra,
1784 726 1900 776 quod
1931 727 2079 766 notitia
2106 725 2288 776 simplex

1281 804 1369 844 sive
1412 802 1651 843 essentialis
1687 804 1731 843 in
1779 803 2000 841 intellectu
2052 801 2184 841 Patris
2223 804 2289 840 est

1279 880 1384 919 ratio
1411 879 1600 919 formalis
1638 878 1906 929 producendi
1935 877 2129 917 notitiam
2167 876 2287 928 geni¬

1283 958 1382 994 tam.
1404 956 1560 995 Contra
1590 965 1721 1005 quem
1759 955 1985 994 articulum
2023 955 2163 1004 arguit
2201 953 2286 992 Do-

1283 1032 1372 1067 ctor
1400 1028 1540 1068 multis
1562 1028 1727 1067 mediis.

1332 1103 1386 1156 (a)
1432 1104 1570 1144 Primo
1600 1105 1658 1145 ibi
1698 1106 1707 1144 :
1735 1106 1820 1142 Hoc
1851 1103 2043 1152 improbo
2081 1103 2153 1142 sic.
2196 1103 2289 1141 Haec

1279 1182 1385 1221 ratio
1407 1184 1490 1221 stat
1517 1181 1560 1220 in
1578 1181 1660 1220 hoc
1694 1192 1704 1218 :
1735 1181 1906 1219 Habens
1924 1178 2159 1219 formaliler
2179 1179 2290 1228 prin¬

1282 1258 1438 1307 cipium
1473 1256 1766 1306 productivum
1815 1256 1975 1296 notitiae
2006 1255 2174 1305 genita,
2208 1265 2290 1304 po¬

1285 1336 1366 1373 test
1398 1335 1467 1373 illo
1497 1332 1659 1372 formali
1669 1337 1732 1372 ter
1761 1332 2019 1382 producere,
2060 1331 2139 1371 sed
2169 1332 2292 1370 Pater

1281 1409 1412 1448 habet
1456 1407 1691 1448 formaliler
1746 1410 1999 1448 memoriam
2043 1405 2288 1451 fecundam,

1282 1495 1379 1533 quae
1412 1487 1478 1524 est
1507 1486 1760 1534 principium
1793 1482 2092 1533 productivum
2132 1481 2286 1527 Verbi;

1283 1563 1400 1609 patet
1432 1570 1509 1610 per
1537 1559 1838 1610 Augustinum,
1881 1561 1976 1610 quia
2010 1558 2194 1597 verbum
2223 1556 2291 1608 gi¬

1280 1637 1425 1685 gnitur
1445 1647 1468 1676 a
1497 1638 1719 1683 memoria,
1762 1646 1864 1686 ergo
1900 1635 2023 1673 Pater
2057 1632 2294 1672 formaliler

1281 1712 1483 1762 producit
1527 1712 1721 1752 notitiam
1758 1712 1950 1761 genitam
2002 1710 2208 1748 memoria
2248 1710 2294 1745 ut

1282 1788 1487 1838 principio
1509 1788 1777 1837 productivo,
1814 1790 1857 1826 et
1894 1795 1978 1826 non
2009 1783 2293 1836 inlelligentia

1283 1864 1371 1901 sive
1393 1863 1539 1902 notitia
1559 1863 1755 1912 simplici,
1779 1861 1897 1911 quod
1918 1861 2029 1900 idem
2053 1863 2132 1906 est,
2158 1862 2200 1898 et
2225 1858 2296 1899 hic

1285 1944 1349 1979 est
1367 1950 1522 1979 sensus
1544 1939 1670 1989 hujus
1701 1938 1861 1977 litterae.

1337 2017 1514 2055 Declaro
1566 2019 1707 2055 tamen
1746 2014 1856 2053 hanc
1883 2013 2067 2053 litteram
2100 2022 2197 2051 cum
2232 2011 2293 2050 di¬

1286 2093 1342 2132 cit
1386 2093 1442 2132 ibi
1475 2095 1484 2131 :
1520 2095 1628 2141 Ergo
1666 2092 1761 2130 licet
1789 2091 1833 2129 in
1875 2093 1998 2129 Patre
2041 2088 2298 2128 concurrant

1288 2169 1495 2208 memoria
1501 2169 1510 2212 ,
1548 2167 1826 2216 inlelligentia
1857 2170 1894 2204 et
1934 2165 2128 2204 voluntas
2133 2167 2141 2206 ,
2173 2166 2299 2202 Pater

1286 2255 1368 2284 non
1387 2246 1526 2294 gignet
1554 2243 1728 2281 Verbum
1747 2240 1994 2290 formaliter
2014 2238 2298 2290 inlelligentia

1287 2326 1334 2370 ut
1363 2332 1458 2370 quo.
1483 2319 1731 2358 Formaliler
1758 2318 1871 2356 enim
1891 2325 2104 2367 generare
2125 2318 2171 2363 ut
2199 2324 2296 2363 quo,

1290 2400 1356 2436 est
1402 2399 1441 2435 in
1478 2406 1524 2434 se
1565 2395 1726 2434 habere
1764 2392 2000 2432 formaliter
2041 2390 2296 2440 principium

1289 2472 1379 2511 sive
1413 2470 1625 2510 rationem
1643 2468 1869 2507 formalem
1895 2465 2150 2518 generandi,
2186 2465 2300 2503 sicut

1291 2547 1468 2587 dicimus
1496 2546 1607 2596 ignis
1650 2544 1884 2584 formaliter
1923 2539 2116 2582 calefacit
2156 2540 2297 2578 calore

1289 2626 1338 2672 ut
1384 2634 1480 2672 quo,
1513 2623 1611 2671 quia
1648 2619 1779 2659 habet
1806 2620 1848 2657 in
1882 2629 1929 2658 se
1969 2615 2202 2657 formaliler
2230 2623 2300 2652 ca¬

1290 2699 1444 2744 lorem,
1467 2699 1539 2747 qui
1560 2699 1626 2736 est
1644 2696 1747 2735 ratio
1768 2694 1955 2734 formalis
1986 2689 2290 2737 calefaciendi;

1294 2777 1353 2813 sic
1382 2774 1506 2812 Pater
1539 2771 1692 2811 dicitur
1717 2769 1951 2809 formaliter
1982 2776 2194 2820 generare
2217 2774 2306 2804 me¬

1294 2850 1430 2889 moria
1449 2851 1496 2896 ut
1516 2859 1613 2896 quo,
1636 2848 1734 2897 quia
1755 2845 1884 2885 habet
1903 2844 1946 2883 in
1976 2853 2021 2882 se
2055 2841 2304 2881 memoriam

1293 2923 1540 2968 formaliter,
1580 2932 1673 2972 quae
1710 2924 1775 2960 est
1803 2919 2060 2970 principium
2085 2926 2248 2968 genera
2255 2917 2303 2955 ti-

1296 3010 1397 3039 vum
1417 3000 1504 3037 sive
1534 3000 1637 3037 ratio
1655 2996 1848 3036 formalis
1868 2992 2122 3045 generandi.

1351 3074 1552 3125 Sequitur
1574 3074 1582 3112 :
1626 3074 1671 3112 Ut
1717 3074 1857 3111 autem
1885 3071 2008 3109 habet
2036 3068 2233 3106 notitiam
2261 3077 2306 3104 a-

1297 3151 1491 3195 ctualem,
1532 3152 1588 3187 est
1616 3150 1659 3187 in
1698 3151 1794 3186 actio
1828 3145 2123 3195 intelligentise,
2146 3142 2190 3181 id
2222 3144 2302 3188 est,

1300 3227 1418 3277 quod
1438 3227 1561 3265 Pater
1597 3237 1675 3275 per
1707 3224 1898 3263 notitiam
1930 3221 2143 3261 actualem
2164 3223 2229 3258 est
2262 3220 2307 3258 in

1299 3309 1397 3344 actu
1441 3304 1756 3354 intelligentise,
1799 3300 1844 3339 id
1877 3304 1957 3346 est,
1990 3298 2105 3349 quod
2141 3301 2306 3336 tantum

1299 3391 1377 3429 per
1405 3382 1542 3431 ipsam
1562 3382 1627 3418 est
1646 3377 1880 3418 formaliter
1910 3375 2156 3424 intelligens
2182 3381 2308 3412 omne

1297 3456 1581 3507 intelligibile,
1607 3458 1650 3494 et
1670 3464 1746 3505 per
1776 3460 2049 3501 consequens
2069 3459 2148 3498 per
2166 3448 2305 3496 ipsam

1299 3544 1387 3572 non
1426 3535 1492 3572 est
1538 3530 1772 3572 formaliter
1817 3526 2063 3578 producens
2101 3524 2306 3567 Verbum,

1300 3622 1396 3650 cum
1420 3610 1512 3650 talis
1540 3609 1689 3648 notitia
1728 3609 1780 3647 sit
1811 3604 2060 3655 simpliciter
2094 3600 2188 3641 finis
2227 3610 2301 3650 po-
