<?xml version="1.0" encoding="UTF-8" standalone="yes"?>
<PcGts xmlns="http://schema.primaresearch.org/PAGE/gts/pagecontent/2013-07-15" xmlns:xsi="http://www.w3.org/2001/XMLSchema-instance" xsi:schemaLocation="http://schema.primaresearch.org/PAGE/gts/pagecontent/2013-07-15 http://schema.primaresearch.org/PAGE/gts/pagecontent/2013-07-15/pagecontent.xsd">
    <Metadata>
        <Creator>Transkribus</Creator>
        <Created>2020-11-20T14:44:27.286+01:00</Created>
        <LastChange>2020-12-11T21:49:02.892+01:00</LastChange>
        <Comments>
                Measurement unit: pixel
                PrimaryLanguage: English
                Language: Latin
                Producer: Transkribus
            </Comments>
        <TranskribusMetadata docId="541769" pageId="22791188" pageNr="57" tsid="50277735" status="IN_PROGRESS" userId="25065" imgUrl="https://files.transkribus.eu/Get?id=AHBJIGMVMZBUPZUYUDEOFSNP&amp;fileType=view" xmlUrl="https://files.transkribus.eu/Get?id=JGKQZQNKRRZOEWURVMSJNBTN" imageId="17768651"/>
    </Metadata>
    <Page imageFilename="56.jpg" imageWidth="2682" imageHeight="3979">
        <PrintSpace>
            <Coords points="49,0 2682,0 2682,3692 49,3692"/>
        </PrintSpace>
        <ReadingOrder>
            <OrderedGroup id="ro_1616597095290" caption="Regions reading order">
                <RegionRefIndexed index="0" regionRef="r_4_1"/>
                <RegionRefIndexed index="1" regionRef="r_4_2"/>
                <RegionRefIndexed index="2" regionRef="r_4_3"/>
                <RegionRefIndexed index="3" regionRef="r_4_4"/>
                <RegionRefIndexed index="4" regionRef="r_5_1"/>
                <RegionRefIndexed index="5" regionRef="TextRegion_1607719695114_649"/>
                <RegionRefIndexed index="6" regionRef="TextRegion_1607719707428_666"/>
                <RegionRefIndexed index="7" regionRef="TextRegion_1607719716917_683"/>
            </OrderedGroup>
        </ReadingOrder>
        <TextRegion type="paragraph" id="r_4_1" custom="readingOrder {index:0;}">
            <Coords points="267,340 1295,340 1295,1538 267,1538"/>
            <TextLine id="tl_10" primaryLanguage="English" custom="readingOrder {index:0;}">
                <Coords points="281,341 1285,341 1285,403 281,403"/>
                <Baseline points="281,389 483,388 614,396 787,387 1067,385 1285,383"/>
                <Word id="w_w2aab1b7b2b1b1ab1" language="English" custom="readingOrder {index:0;}">
                    <Coords points="281,346 483,346 483,389 281,389"/>
                    <TextEquiv>
                        <Unicode>extremis</Unicode>
                    </TextEquiv>
                    <TextStyle fontFamily="Times New Roman" fontSize="8.5" bold="true"/>
                </Word>
                <Word id="w_w2aab1b7b2b1b1ac19" language="English" custom="readingOrder {index:1;}">
                    <Coords points="515,346 614,346 614,396 515,396"/>
                    <TextEquiv>
                        <Unicode>illis,</Unicode>
                    </TextEquiv>
                    <TextStyle fontFamily="Times New Roman" fontSize="8.5" bold="true"/>
                </Word>
                <Word id="w_w2aab1b7b2b1b1ac33" language="English" custom="readingOrder {index:2;}">
                    <Coords points="650,352 787,352 787,400 650,400"/>
                    <TextEquiv>
                        <Unicode>potest</Unicode>
                    </TextEquiv>
                    <TextStyle fontFamily="Times New Roman" fontSize="8.5" bold="true"/>
                </Word>
                <Word id="w_w2aab1b7b2b1b1ac47" language="English" custom="readingOrder {index:3;}">
                    <Coords points="821,343 1067,343 1067,399 821,399"/>
                    <TextEquiv>
                        <Unicode>investigari</Unicode>
                    </TextEquiv>
                    <TextStyle fontFamily="Times New Roman" fontSize="8.5" bold="true"/>
                </Word>
                <Word id="w_w2aab1b7b2b1b1ac71" language="English" custom="readingOrder {index:4;}">
                    <Coords points="1096,342 1285,342 1285,385 1096,385"/>
                    <TextEquiv>
                        <Unicode>definitio</Unicode>
                    </TextEquiv>
                    <TextStyle fontFamily="Times New Roman" fontSize="8.5" bold="true"/>
                </Word>
                <TextEquiv>
                    <Unicode>extremis illis, potest investigari definitio</Unicode>
                </TextEquiv>
                <TextStyle fontFamily="Times New Roman" fontSize="8.5" bold="true"/>
            </TextLine>
            <TextLine id="tl_11" primaryLanguage="English" custom="readingOrder {index:1;}">
                <Coords points="278,417 1287,417 1287,479 278,479"/>
                <Baseline points="278,464 568,463 690,462 894,463 1220,469 1286,459"/>
                <Word id="w_w2aab1b7b2b1b3ab1" language="English" custom="readingOrder {index:0;}">
                    <Coords points="278,422 568,422 568,464 278,464"/>
                    <TextEquiv>
                        <Unicode>convertibilis</Unicode>
                    </TextEquiv>
                    <TextStyle fontFamily="Times New Roman" fontSize="8.5" bold="true"/>
                </Word>
                <Word id="w_w2aab1b7b2b1b3ac29" language="English" custom="readingOrder {index:1;}">
                    <Coords points="595,434 690,434 690,463 595,463"/>
                    <TextEquiv>
                        <Unicode>cum</Unicode>
                    </TextEquiv>
                    <TextStyle fontFamily="Times New Roman" fontSize="8.5" bold="true"/>
                </Word>
                <Word id="w_w2aab1b7b2b1b3ac37" language="English" custom="readingOrder {index:2;}">
                    <Coords points="715,427 894,427 894,476 715,476"/>
                    <TextEquiv>
                        <Unicode>utroque</Unicode>
                    </TextEquiv>
                    <TextStyle fontFamily="Times New Roman" fontSize="8.5" bold="true"/>
                </Word>
                <Word id="w_w2aab1b7b2b1b3ac53" language="English" custom="readingOrder {index:3;}">
                    <Coords points="916,427 1220,427 1220,469 916,469"/>
                    <TextEquiv>
                        <Unicode>extremorum,</Unicode>
                    </TextEquiv>
                    <TextStyle fontFamily="Times New Roman" fontSize="8.5" bold="true"/>
                </Word>
                <Word id="w_w2aab1b7b2b1b3ac77" language="English" custom="readingOrder {index:4;}">
                    <Coords points="1245,425 1286,425 1286,460 1245,460"/>
                    <TextEquiv>
                        <Unicode>et</Unicode>
                    </TextEquiv>
                    <TextStyle fontFamily="Times New Roman" fontSize="8.5" bold="true"/>
                </Word>
                <TextEquiv>
                    <Unicode>convertibilis cum utroque extremorum, et</Unicode>
                </TextEquiv>
                <TextStyle fontFamily="Times New Roman" fontSize="8.5" bold="true"/>
            </TextLine>
            <TextLine id="tl_12" primaryLanguage="English" custom="readingOrder {index:2;}">
                <Coords points="277,491 1285,491 1285,554 277,554"/>
                <Baseline points="277,539 356,540 474,538 625,537 907,546 987,535 1150,534 1285,533"/>
                <Word id="w_w2aab1b7b2b1b5ab1" language="English" custom="readingOrder {index:0;}">
                    <Coords points="277,497 356,497 356,540 277,540"/>
                    <TextEquiv>
                        <Unicode>hoc</Unicode>
                    </TextEquiv>
                    <TextStyle fontFamily="Times New Roman" fontSize="8.5" bold="true"/>
                </Word>
                <Word id="w_w2aab1b7b2b1b5ab9" language="English" custom="readingOrder {index:1;}">
                    <Coords points="401,510 474,510 474,552 401,552"/>
                    <TextEquiv>
                        <Unicode>per</Unicode>
                    </TextEquiv>
                    <TextStyle fontFamily="Times New Roman" fontSize="8.5" bold="true"/>
                </Word>
                <Word id="w_w2aab1b7b2b1b5ac17" language="English" custom="readingOrder {index:2;}">
                    <Coords points="514,496 625,496 625,538 514,538"/>
                    <TextEquiv>
                        <Unicode>viam</Unicode>
                    </TextEquiv>
                    <TextStyle fontFamily="Times New Roman" fontSize="8.5" bold="true"/>
                </Word>
                <Word id="w_w2aab1b7b2b1b5ac27" language="English" custom="readingOrder {index:3;}">
                    <Coords points="665,494 907,494 907,546 665,546"/>
                    <TextEquiv>
                        <Unicode>divisionis,</Unicode>
                    </TextEquiv>
                    <TextStyle fontFamily="Times New Roman" fontSize="8.5" bold="true"/>
                </Word>
                <Word id="w_w2aab1b7b2b1b5ac51" language="English" custom="readingOrder {index:4;}">
                    <Coords points="938,508 987,508 987,536 938,536"/>
                    <TextEquiv>
                        <Unicode>eo</Unicode>
                    </TextEquiv>
                    <TextStyle fontFamily="Times New Roman" fontSize="8.5" bold="true"/>
                </Word>
                <Word id="w_w2aab1b7b2b1b5ac57" language="English" custom="readingOrder {index:5;}">
                    <Coords points="1028,493 1150,493 1150,536 1028,536"/>
                    <TextEquiv>
                        <Unicode>modo</Unicode>
                    </TextEquiv>
                    <TextStyle fontFamily="Times New Roman" fontSize="8.5" bold="true"/>
                </Word>
                <Word id="w_w2aab1b7b2b1b5ac67" language="English" custom="readingOrder {index:6;}">
                    <Coords points="1203,504 1285,504 1285,549 1203,549"/>
                    <TextEquiv>
                        <Unicode>quo</Unicode>
                    </TextEquiv>
                    <TextStyle fontFamily="Times New Roman" fontSize="8.5" bold="true"/>
                </Word>
                <TextEquiv>
                    <Unicode>hoc per viam divisionis, eo modo quo</Unicode>
                </TextEquiv>
                <TextStyle fontFamily="Times New Roman" fontSize="8.5" bold="true"/>
            </TextLine>
            <TextLine id="tl_13" primaryLanguage="English" custom="readingOrder {index:3;}">
                <Coords points="272,567 1285,567 1285,616 272,616"/>
                <Baseline points="272,615 393,616 675,614 720,612 797,611 1065,611 1285,609"/>
                <Word id="w_w2aab1b7b2b1b7ab1" language="English" custom="readingOrder {index:0;}">
                    <Coords points="272,573 393,573 393,616 272,616"/>
                    <TextEquiv>
                        <Unicode>docet</Unicode>
                    </TextEquiv>
                    <TextStyle fontFamily="Times New Roman" fontSize="8.5" bold="true"/>
                </Word>
                <Word id="w_w2aab1b7b2b1b7ac13" language="English" custom="readingOrder {index:1;}">
                    <Coords points="430,571 675,571 675,614 430,614"/>
                    <TextEquiv>
                        <Unicode>Aristoteles</Unicode>
                    </TextEquiv>
                    <TextStyle fontFamily="Times New Roman" fontSize="8.5" bold="true"/>
                </Word>
                <Word id="w_w2aab1b7b2b1b7ac37" language="English" custom="readingOrder {index:2;}">
                    <Coords points="696,571 736,571 736,613 696,613"/>
                    <TextEquiv>
                        <Unicode>2.</Unicode>
                    </TextEquiv>
                    <TextStyle fontFamily="Times New Roman" fontSize="8.5" bold="true"/>
                </Word>
                <Word id="w_w2aab1b7b2b1b7b1b1" language="English" custom="readingOrder {index:3;}">
                    <Coords points="763,571 925,571 925,612 763,612"/>
                    <TextEquiv>
                        <Unicode>Poste?'.</Unicode>
                    </TextEquiv>
                    <TextStyle fontFamily="Times New Roman" fontSize="8.5" bold="true" italic="true"/>
                </Word>
                <Word id="w_w2aab1b7b2b1b7b2b3" language="English" custom="readingOrder {index:4;}">
                    <Coords points="968,570 1065,570 1065,612 968,612"/>
                    <TextEquiv>
                        <Unicode>Dico</Unicode>
                    </TextEquiv>
                    <TextStyle fontFamily="Times New Roman" fontSize="8.5" bold="true"/>
                </Word>
                <Word id="w_w2aab1b7b2b1b7b2c13" language="English" custom="readingOrder {index:5;}">
                    <Coords points="1098,567 1285,567 1285,611 1098,611"/>
                    <TextEquiv>
                        <Unicode>secundo</Unicode>
                    </TextEquiv>
                    <TextStyle fontFamily="Times New Roman" fontSize="8.5" bold="true"/>
                </Word>
                <TextEquiv>
                    <Unicode>docet Aristoteles 2. Poste?'. Dico secundo</Unicode>
                </TextEquiv>
            </TextLine>
            <TextLine id="tl_14" primaryLanguage="English" custom="readingOrder {index:4;}">
                <Coords points="273,642 1280,642 1280,705 273,705"/>
                <Baseline points="273,704 384,690 440,690 651,689 879,688 1280,694"/>
                <Word id="w_w2aab1b7b2b1b9ab1" language="English" custom="readingOrder {index:0;}">
                    <Coords points="273,649 384,649 384,704 273,704"/>
                    <TextEquiv>
                        <Unicode>quod</Unicode>
                    </TextEquiv>
                    <TextStyle fontFamily="Times New Roman" fontSize="8.5" bold="true"/>
                </Word>
                <Word id="w_w2aab1b7b2b1b9ac11" language="English" custom="readingOrder {index:1;}">
                    <Coords points="407,649 440,649 440,691 407,691"/>
                    <TextEquiv>
                        <Unicode>si</Unicode>
                    </TextEquiv>
                    <TextStyle fontFamily="Times New Roman" fontSize="8.5" bold="true"/>
                </Word>
                <Word id="w_w2aab1b7b2b1b9ac17" language="English" custom="readingOrder {index:2;}">
                    <Coords points="464,656 651,656 651,691 464,691"/>
                    <TextEquiv>
                        <Unicode>extrema</Unicode>
                    </TextEquiv>
                    <TextStyle fontFamily="Times New Roman" fontSize="8.5" bold="true"/>
                </Word>
                <Word id="w_w2aab1b7b2b1b9ac33" language="English" custom="readingOrder {index:3;}">
                    <Coords points="677,646 879,646 879,690 677,690"/>
                    <TextEquiv>
                        <Unicode>distincte</Unicode>
                    </TextEquiv>
                    <TextStyle fontFamily="Times New Roman" fontSize="8.5" bold="true"/>
                </Word>
                <Word id="w_w2aab1b7b2b1b9ac53" language="English" custom="readingOrder {index:4;}">
                    <Coords points="905,653 1280,653 1280,701 905,701"/>
                    <TextEquiv>
                        <Unicode>cognoscerentur,</Unicode>
                    </TextEquiv>
                    <TextStyle fontFamily="Times New Roman" fontSize="8.5" bold="true"/>
                </Word>
                <TextEquiv>
                    <Unicode>quod si extrema distincte cognoscerentur,</Unicode>
                </TextEquiv>
                <TextStyle fontFamily="Times New Roman" fontSize="8.5" bold="true"/>
            </TextLine>
            <TextLine id="tl_15" primaryLanguage="English" custom="readingOrder {index:5;}">
                <Coords points="268,719 1286,719 1286,781 268,781"/>
                <Baseline points="268,766 409,766 546,766 730,765 958,762 1286,762"/>
                <Word id="w_w2aab1b7b2b1c11ab1" language="English" custom="readingOrder {index:0;}">
                    <Coords points="268,725 409,725 409,766 268,766"/>
                    <TextEquiv>
                        <Unicode>statim</Unicode>
                    </TextEquiv>
                    <TextStyle fontFamily="Times New Roman" fontSize="8.5" bold="true"/>
                </Word>
                <Word id="w_w2aab1b7b2b1c11ac15" language="English" custom="readingOrder {index:1;}">
                    <Coords points="449,724 546,724 546,766 449,766"/>
                    <TextEquiv>
                        <Unicode>sciri</Unicode>
                    </TextEquiv>
                    <TextStyle fontFamily="Times New Roman" fontSize="8.5" bold="true"/>
                </Word>
                <Word id="w_w2aab1b7b2b1c11ac27" language="English" custom="readingOrder {index:2;}">
                    <Coords points="589,731 730,731 730,779 589,779"/>
                    <TextEquiv>
                        <Unicode>posset</Unicode>
                    </TextEquiv>
                    <TextStyle fontFamily="Times New Roman" fontSize="8.5" bold="true"/>
                </Word>
                <Word id="w_w2aab1b7b2b1c11ac41" language="English" custom="readingOrder {index:3;}">
                    <Coords points="772,722 958,722 958,764 772,764"/>
                    <TextEquiv>
                        <Unicode>medium</Unicode>
                    </TextEquiv>
                    <TextStyle fontFamily="Times New Roman" fontSize="8.5" bold="true"/>
                </Word>
                <Word id="w_w2aab1b7b2b1c11ac55" language="English" custom="readingOrder {index:4;}">
                    <Coords points="999,720 1286,720 1286,764 999,764"/>
                    <TextEquiv>
                        <Unicode>essentialiter</Unicode>
                    </TextEquiv>
                    <TextStyle fontFamily="Times New Roman" fontSize="8.5" bold="true"/>
                </Word>
                <TextEquiv>
                    <Unicode>statim sciri posset medium essentialiter</Unicode>
                </TextEquiv>
                <TextStyle fontFamily="Times New Roman" fontSize="8.5" bold="true"/>
            </TextLine>
            <TextLine id="tl_16" primaryLanguage="English" custom="readingOrder {index:6;}">
                <Coords points="269,793 1288,793 1288,856 269,856"/>
                <Baseline points="270,842 511,842 649,840 764,848 916,840 1127,838 1288,838"/>
                <Word id="w_w2aab1b7b2b1c13ab1" language="English" custom="readingOrder {index:0;}">
                    <Coords points="270,799 511,799 511,843 270,843"/>
                    <TextEquiv>
                        <Unicode>ordinatum</Unicode>
                    </TextEquiv>
                    <TextStyle fontFamily="Times New Roman" fontSize="8.5" bold="true"/>
                </Word>
                <Word id="w_w2aab1b7b2b1c13ac21" language="English" custom="readingOrder {index:1;}">
                    <Coords points="541,800 649,800 649,841 541,841"/>
                    <TextEquiv>
                        <Unicode>inter</Unicode>
                    </TextEquiv>
                    <TextStyle fontFamily="Times New Roman" fontSize="8.5" bold="true"/>
                </Word>
                <Word id="w_w2aab1b7b2b1c13ac33" language="English" custom="readingOrder {index:2;}">
                    <Coords points="678,798 764,798 764,848 678,848"/>
                    <TextEquiv>
                        <Unicode>illa,</Unicode>
                    </TextEquiv>
                    <TextStyle fontFamily="Times New Roman" fontSize="8.5" bold="true"/>
                </Word>
                <Word id="w_w2aab1b7b2b1c13ac45" language="English" custom="readingOrder {index:3;}">
                    <Coords points="805,798 916,798 916,852 805,852"/>
                    <TextEquiv>
                        <Unicode>quod</Unicode>
                    </TextEquiv>
                    <TextStyle fontFamily="Times New Roman" fontSize="8.5" bold="true"/>
                </Word>
                <Word id="w_w2aab1b7b2b1c13ac55" language="English" custom="readingOrder {index:4;}">
                    <Coords points="957,797 1127,797 1127,852 957,852"/>
                    <TextEquiv>
                        <Unicode>ponitur</Unicode>
                    </TextEquiv>
                    <TextStyle fontFamily="Times New Roman" fontSize="8.5" bold="true"/>
                </Word>
                <Word id="w_w2aab1b7b2b1c13ac71" language="English" custom="readingOrder {index:5;}">
                    <Coords points="1161,809 1288,809 1288,838 1161,838"/>
                    <TextEquiv>
                        <Unicode>causa</Unicode>
                    </TextEquiv>
                    <TextStyle fontFamily="Times New Roman" fontSize="8.5" bold="true"/>
                </Word>
                <TextEquiv>
                    <Unicode>ordinatum inter illa, quod ponitur causa</Unicode>
                </TextEquiv>
                <TextStyle fontFamily="Times New Roman" fontSize="8.5" bold="true"/>
            </TextLine>
            <TextLine id="tl_17" primaryLanguage="English" custom="readingOrder {index:7;}">
                <Coords points="275,870 1288,870 1288,933 275,933"/>
                <Baseline points="275,931 451,917 512,917 755,916 1052,916 1288,913"/>
                <Word id="w_w2aab1b7b2b1c15ab1" language="English" custom="readingOrder {index:0;}">
                    <Coords points="275,876 451,876 451,931 275,931"/>
                    <TextEquiv>
                        <Unicode>praecisa</Unicode>
                    </TextEquiv>
                    <TextStyle fontFamily="Times New Roman" fontSize="8.5" bold="true"/>
                </Word>
                <Word id="w_w2aab1b7b2b1c15ac19" language="English" custom="readingOrder {index:1;}">
                    <Coords points="473,883 512,883 512,918 473,918"/>
                    <TextEquiv>
                        <Unicode>et</Unicode>
                    </TextEquiv>
                    <TextStyle fontFamily="Times New Roman" fontSize="8.5" bold="true"/>
                </Word>
                <Word id="w_w2aab1b7b2b1c15ac25" language="English" custom="readingOrder {index:2;}">
                    <Coords points="534,875 755,875 755,931 534,931"/>
                    <TextEquiv>
                        <Unicode>adaequata</Unicode>
                    </TextEquiv>
                    <TextStyle fontFamily="Times New Roman" fontSize="8.5" bold="true"/>
                </Word>
                <Word id="w_w2aab1b7b2b1c15ac45" language="English" custom="readingOrder {index:3;}">
                    <Coords points="782,872 1052,872 1052,916 782,916"/>
                    <TextEquiv>
                        <Unicode>inhaerenti®</Unicode>
                    </TextEquiv>
                    <TextStyle fontFamily="Times New Roman" fontSize="8.5" bold="true"/>
                </Word>
                <Word id="w_w2aab1b7b2b1c15ac69" language="English" custom="readingOrder {index:4;}">
                    <Coords points="1080,872 1288,872 1288,929 1080,929"/>
                    <TextEquiv>
                        <Unicode>passionis</Unicode>
                    </TextEquiv>
                    <TextStyle fontFamily="Times New Roman" fontSize="8.5" bold="true"/>
                </Word>
                <TextEquiv>
                    <Unicode>praecisa et adaequata inhaerenti® passionis</Unicode>
                </TextEquiv>
                <TextStyle fontFamily="Times New Roman" fontSize="8.5" bold="true"/>
            </TextLine>
            <TextLine id="tl_18" primaryLanguage="English" custom="readingOrder {index:8;}">
                <Coords points="274,945 1291,945 1291,1008 274,1008"/>
                <Baseline points="274,994 327,993 609,993 725,990 842,990 966,990 1201,989 1291,988"/>
                <Word id="w_w2aab1b7b2b1c17ab1" language="English" custom="readingOrder {index:0;}">
                    <Coords points="274,951 327,951 327,994 274,994"/>
                    <TextEquiv>
                        <Unicode>ad</Unicode>
                    </TextEquiv>
                    <TextStyle fontFamily="Times New Roman" fontSize="8.5" bold="true"/>
                </Word>
                <Word id="w_w2aab1b7b2b1c17ab7" language="English" custom="readingOrder {index:1;}">
                    <Coords points="354,952 609,952 609,1007 354,1007"/>
                    <TextEquiv>
                        <Unicode>subjectum.</Unicode>
                    </TextEquiv>
                    <TextStyle fontFamily="Times New Roman" fontSize="8.5" bold="true"/>
                </Word>
                <Word id="w_w2aab1b7b2b1c17ac29" language="English" custom="readingOrder {index:2;}">
                    <Coords points="645,949 725,949 725,992 645,992"/>
                    <TextEquiv>
                        <Unicode>Sed</Unicode>
                    </TextEquiv>
                    <TextStyle fontFamily="Times New Roman" fontSize="8.5" bold="true"/>
                </Word>
                <Word id="w_w2aab1b7b2b1c17ac37" language="English" custom="readingOrder {index:3;}">
                    <Coords points="763,949 842,949 842,990 763,990"/>
                    <TextEquiv>
                        <Unicode>hoc</Unicode>
                    </TextEquiv>
                    <TextStyle fontFamily="Times New Roman" fontSize="8.5" bold="true"/>
                </Word>
                <Word id="w_w2aab1b7b2b1c17ac45" language="English" custom="readingOrder {index:4;}">
                    <Coords points="883,962 966,962 966,991 883,991"/>
                    <TextEquiv>
                        <Unicode>non</Unicode>
                    </TextEquiv>
                    <TextStyle fontFamily="Times New Roman" fontSize="8.5" bold="true"/>
                </Word>
                <Word id="w_w2aab1b7b2b1c17ac53" language="English" custom="readingOrder {index:5;}">
                    <Coords points="1007,947 1201,947 1201,1003 1007,1003"/>
                    <TextEquiv>
                        <Unicode>sequitur</Unicode>
                    </TextEquiv>
                    <TextStyle fontFamily="Times New Roman" fontSize="8.5" bold="true"/>
                </Word>
                <Word id="w_w2aab1b7b2b1c17ac71" language="English" custom="readingOrder {index:6;}">
                    <Coords points="1240,946 1291,946 1291,989 1240,989"/>
                    <TextEquiv>
                        <Unicode>de</Unicode>
                    </TextEquiv>
                    <TextStyle fontFamily="Times New Roman" fontSize="8.5" bold="true"/>
                </Word>
                <TextEquiv>
                    <Unicode>ad subjectum. Sed hoc non sequitur de</Unicode>
                </TextEquiv>
                <TextStyle fontFamily="Times New Roman" fontSize="8.5" bold="true"/>
            </TextLine>
            <TextLine id="tl_19" primaryLanguage="English" custom="readingOrder {index:9;}">
                <Coords points="282,1021 1288,1021 1288,1085 282,1085"/>
                <Baseline points="282,1068 420,1069 704,1077 860,1067 1068,1066 1288,1065"/>
                <Word id="w_w2aab1b7b2b1c19ab1" language="English" custom="readingOrder {index:0;}">
                    <Coords points="282,1027 420,1027 420,1069 282,1069"/>
                    <TextEquiv>
                        <Unicode>medio</Unicode>
                    </TextEquiv>
                    <TextStyle fontFamily="Times New Roman" fontSize="8.5" bold="true"/>
                </Word>
                <Word id="w_w2aab1b7b2b1c19ac13" language="English" custom="readingOrder {index:1;}">
                    <Coords points="447,1027 704,1027 704,1083 447,1083"/>
                    <TextEquiv>
                        <Unicode>particulari,</Unicode>
                    </TextEquiv>
                    <TextStyle fontFamily="Times New Roman" fontSize="8.5" bold="true"/>
                </Word>
                <Word id="w_w2aab1b7b2b1c19ac39" language="English" custom="readingOrder {index:2;}">
                    <Coords points="748,1025 860,1025 860,1083 748,1083"/>
                    <TextEquiv>
                        <Unicode>quod</Unicode>
                    </TextEquiv>
                    <TextStyle fontFamily="Times New Roman" fontSize="8.5" bold="true"/>
                </Word>
                <Word id="w_w2aab1b7b2b1c19ac49" language="English" custom="readingOrder {index:3;}">
                    <Coords points="895,1024 1068,1024 1068,1082 895,1082"/>
                    <TextEquiv>
                        <Unicode>ponitur</Unicode>
                    </TextEquiv>
                    <TextStyle fontFamily="Times New Roman" fontSize="8.5" bold="true"/>
                </Word>
                <Word id="w_w2aab1b7b2b1c19ac65" language="English" custom="readingOrder {index:4;}">
                    <Coords points="1103,1023 1288,1023 1288,1066 1103,1066"/>
                    <TextEquiv>
                        <Unicode>medium</Unicode>
                    </TextEquiv>
                    <TextStyle fontFamily="Times New Roman" fontSize="8.5" bold="true"/>
                </Word>
                <TextEquiv>
                    <Unicode>medio particulari, quod ponitur medium</Unicode>
                </TextEquiv>
                <TextStyle fontFamily="Times New Roman" fontSize="8.5" bold="true"/>
            </TextLine>
            <TextLine id="tl_20" primaryLanguage="English" custom="readingOrder {index:10;}">
                <Coords points="278,1100 1294,1100 1294,1161 278,1161"/>
                <Baseline points="278,1150 459,1148 536,1146 791,1145 1072,1152 1120,1141 1293,1139"/>
                <Word id="w_w2aab1b7b2b1c21ab1" language="English" custom="readingOrder {index:0;}">
                    <Coords points="278,1106 459,1106 459,1150 278,1150"/>
                    <TextEquiv>
                        <Unicode>inferius</Unicode>
                    </TextEquiv>
                    <TextStyle fontFamily="Times New Roman" fontSize="8.5" bold="true"/>
                </Word>
                <Word id="w_w2aab1b7b2b1c21ac19" language="English" custom="readingOrder {index:1;}">
                    <Coords points="485,1105 536,1105 536,1147 485,1147"/>
                    <TextEquiv>
                        <Unicode>ad</Unicode>
                    </TextEquiv>
                    <TextStyle fontFamily="Times New Roman" fontSize="8.5" bold="true"/>
                </Word>
                <Word id="w_w2aab1b7b2b1c21ac25" language="English" custom="readingOrder {index:2;}">
                    <Coords points="565,1112 791,1112 791,1159 565,1159"/>
                    <TextEquiv>
                        <Unicode>utrumque</Unicode>
                    </TextEquiv>
                    <TextStyle fontFamily="Times New Roman" fontSize="8.5" bold="true"/>
                </Word>
                <Word id="w_w2aab1b7b2b1c21ac43" language="English" custom="readingOrder {index:3;}">
                    <Coords points="818,1109 1072,1109 1072,1152 818,1152"/>
                    <TextEquiv>
                        <Unicode>extremum,</Unicode>
                    </TextEquiv>
                    <TextStyle fontFamily="Times New Roman" fontSize="8.5" bold="true"/>
                </Word>
                <Word id="w_w2aab1b7b2b1c21ac63" language="English" custom="readingOrder {index:4;}">
                    <Coords points="1097,1106 1141,1106 1141,1141 1097,1141"/>
                    <TextEquiv>
                        <Unicode>ut</Unicode>
                    </TextEquiv>
                    <TextStyle fontFamily="Times New Roman" fontSize="8.5" bold="true"/>
                </Word>
                <Word id="w_w2aab1b7b2b1c21b1b1" language="English" custom="readingOrder {index:5;}">
                    <Coords points="1159,1111 1293,1111 1293,1154 1159,1154"/>
                    <TextEquiv>
                        <Unicode>supra</Unicode>
                    </TextEquiv>
                    <TextStyle fontFamily="Times New Roman" fontSize="8.5" bold="true" italic="true"/>
                </Word>
                <TextEquiv>
                    <Unicode>inferius ad utrumque extremum, ut supra</Unicode>
                </TextEquiv>
            </TextLine>
            <TextLine id="tl_21" primaryLanguage="English" custom="readingOrder {index:11;}">
                <Coords points="281,1171 1293,1171 1293,1238 281,1238"/>
                <Baseline points="281,1238 429,1231 564,1221 682,1219 851,1218 970,1217 1293,1213"/>
                <Word id="w_w2aab1b7b2b1c23ab1" language="English" custom="readingOrder {index:0;}">
                    <Coords points="281,1182 429,1182 429,1238 281,1238"/>
                    <TextEquiv>
                        <Unicode>patuit,</Unicode>
                    </TextEquiv>
                    <TextStyle fontFamily="Times New Roman" fontSize="8.5" bold="true"/>
                </Word>
                <Word id="w_w2aab1b7b2b1c23ac17" language="English" custom="readingOrder {index:1;}">
                    <Coords points="469,1193 564,1193 564,1222 469,1222"/>
                    <TextEquiv>
                        <Unicode>cum</Unicode>
                    </TextEquiv>
                    <TextStyle fontFamily="Times New Roman" fontSize="8.5" bold="true"/>
                </Word>
                <Word id="w_w2aab1b7b2b1c23ac25" language="English" custom="readingOrder {index:2;}">
                    <Coords points="600,1191 682,1191 682,1219 600,1219"/>
                    <TextEquiv>
                        <Unicode>non</Unicode>
                    </TextEquiv>
                    <TextStyle fontFamily="Times New Roman" fontSize="8.5" bold="true"/>
                </Word>
                <Word id="w_w2aab1b7b2b1c23ac33" language="English" custom="readingOrder {index:3;}">
                    <Coords points="718,1177 851,1177 851,1234 718,1234"/>
                    <TextEquiv>
                        <Unicode>possit</Unicode>
                    </TextEquiv>
                    <TextStyle fontFamily="Times New Roman" fontSize="8.5" bold="true"/>
                </Word>
                <Word id="w_w2aab1b7b2b1c23ac47" language="English" custom="readingOrder {index:4;}">
                    <Coords points="878,1188 970,1188 970,1218 878,1218"/>
                    <TextEquiv>
                        <Unicode>esse</Unicode>
                    </TextEquiv>
                    <TextStyle fontFamily="Times New Roman" fontSize="8.5" bold="true"/>
                </Word>
                <Word id="w_w2aab1b7b2b1c23ac57" language="English" custom="readingOrder {index:5;}">
                    <Coords points="1008,1172 1293,1172 1293,1217 1008,1217"/>
                    <TextEquiv>
                        <Unicode>essentialiter</Unicode>
                    </TextEquiv>
                    <TextStyle fontFamily="Times New Roman" fontSize="8.5" bold="true"/>
                </Word>
                <TextEquiv>
                    <Unicode>patuit, cum non possit esse essentialiter</Unicode>
                </TextEquiv>
                <TextStyle fontFamily="Times New Roman" fontSize="8.5" bold="true"/>
            </TextLine>
            <TextLine id="tl_22" primaryLanguage="English" custom="readingOrder {index:12;}">
                <Coords points="280,1246 1288,1246 1288,1304 280,1304"/>
                <Baseline points="280,1298 520,1296 659,1294 784,1293 1002,1291 1288,1298"/>
                <Word id="w_w2aab1b7b2b1c25ab1" language="English" custom="readingOrder {index:0;}">
                    <Coords points="280,1257 520,1257 520,1298 280,1298"/>
                    <TextEquiv>
                        <Unicode>ordinatum</Unicode>
                    </TextEquiv>
                    <TextStyle fontFamily="Times New Roman" fontSize="8.5" bold="true"/>
                </Word>
                <Word id="w_w2aab1b7b2b1c25ac21" language="English" custom="readingOrder {index:1;}">
                    <Coords points="550,1255 659,1255 659,1296 550,1296"/>
                    <TextEquiv>
                        <Unicode>inter</Unicode>
                    </TextEquiv>
                    <TextStyle fontFamily="Times New Roman" fontSize="8.5" bold="true"/>
                </Word>
                <Word id="w_w2aab1b7b2b1c25ac33" language="English" custom="readingOrder {index:2;}">
                    <Coords points="686,1252 784,1252 784,1294 686,1294"/>
                    <TextEquiv>
                        <Unicode>talia</Unicode>
                    </TextEquiv>
                    <TextStyle fontFamily="Times New Roman" fontSize="8.5" bold="true"/>
                </Word>
                <Word id="w_w2aab1b7b2b1c25ac45" language="English" custom="readingOrder {index:3;}">
                    <Coords points="811,1259 1002,1259 1002,1294 811,1294"/>
                    <TextEquiv>
                        <Unicode>extrema</Unicode>
                    </TextEquiv>
                    <TextStyle fontFamily="Times New Roman" fontSize="8.5" bold="true"/>
                </Word>
                <Word id="w_w2aab1b7b2b1c25ac61" language="English" custom="readingOrder {index:4;}">
                    <Coords points="1028,1247 1288,1247 1288,1298 1028,1298"/>
                    <TextEquiv>
                        <Unicode>communia,</Unicode>
                    </TextEquiv>
                    <TextStyle fontFamily="Times New Roman" fontSize="8.5" bold="true"/>
                </Word>
                <TextEquiv>
                    <Unicode>ordinatum inter talia extrema communia,</Unicode>
                </TextEquiv>
                <TextStyle fontFamily="Times New Roman" fontSize="8.5" bold="true"/>
            </TextLine>
            <TextLine id="tl_23" primaryLanguage="English" custom="readingOrder {index:13;}">
                <Coords points="282,1325 1292,1325 1292,1386 282,1386"/>
                <Baseline points="282,1386 379,1372 512,1371 858,1367 984,1366 1193,1364 1292,1352"/>
                <Word id="w_w2aab1b7b2b1c27ab1" language="English" custom="readingOrder {index:0;}">
                    <Coords points="282,1331 379,1331 379,1386 282,1386"/>
                    <TextEquiv>
                        <Unicode>quia</Unicode>
                    </TextEquiv>
                    <TextStyle fontFamily="Times New Roman" fontSize="8.5" bold="true"/>
                </Word>
                <Word id="w_w2aab1b7b2b1c27ac11" language="English" custom="readingOrder {index:1;}">
                    <Coords points="413,1338 512,1338 512,1371 413,1371"/>
                    <TextEquiv>
                        <Unicode>tunc</Unicode>
                    </TextEquiv>
                    <TextStyle fontFamily="Times New Roman" fontSize="8.5" bold="true"/>
                </Word>
                <Word id="w_w2aab1b7b2b1c27ac21" language="English" custom="readingOrder {index:2;}">
                    <Coords points="539,1334 858,1334 858,1371 539,1371"/>
                    <TextEquiv>
                        <Unicode>converteretur</Unicode>
                    </TextEquiv>
                    <TextStyle fontFamily="Times New Roman" fontSize="8.5" bold="true"/>
                </Word>
                <Word id="w_w2aab1b7b2b1c27ac49" language="English" custom="readingOrder {index:3;}">
                    <Coords points="889,1338 984,1338 984,1367 889,1367"/>
                    <TextEquiv>
                        <Unicode>cum</Unicode>
                    </TextEquiv>
                    <TextStyle fontFamily="Times New Roman" fontSize="8.5" bold="true"/>
                </Word>
                <Word id="w_w2aab1b7b2b1c27ac57" language="English" custom="readingOrder {index:4;}">
                    <Coords points="1014,1331 1193,1331 1193,1378 1014,1378"/>
                    <TextEquiv>
                        <Unicode>utroque</Unicode>
                    </TextEquiv>
                    <TextStyle fontFamily="Times New Roman" fontSize="8.5" bold="true"/>
                </Word>
                <Word id="w_w2aab1b7b2b1c27ac73" language="English" custom="readingOrder {index:5;}">
                    <Coords points="1220,1336 1292,1336 1292,1364 1220,1364"/>
                    <TextEquiv>
                        <Unicode>ex¬</Unicode>
                    </TextEquiv>
                    <TextStyle fontFamily="Times New Roman" fontSize="8.5" bold="true"/>
                </Word>
                <TextEquiv>
                    <Unicode>quia tunc converteretur cum utroque ex¬</Unicode>
                </TextEquiv>
                <TextStyle fontFamily="Times New Roman" fontSize="8.5" bold="true"/>
            </TextLine>
            <TextLine id="tl_24" primaryLanguage="English" custom="readingOrder {index:14;}">
                <Coords points="278,1398 1291,1398 1291,1461 278,1461"/>
                <Baseline points="278,1449 527,1458 692,1445 808,1444 1073,1442 1291,1439"/>
                <Word id="w_w2aab1b7b2b1c29ab1" language="English" custom="readingOrder {index:0;}">
                    <Coords points="278,1416 527,1416 527,1458 278,1458"/>
                    <TextEquiv>
                        <Unicode>tremorum,</Unicode>
                    </TextEquiv>
                    <TextStyle fontFamily="Times New Roman" fontSize="8.5" bold="true"/>
                </Word>
                <Word id="w_w2aab1b7b2b1c29ac21" language="English" custom="readingOrder {index:1;}">
                    <Coords points="570,1404 692,1404 692,1447 570,1447"/>
                    <TextEquiv>
                        <Unicode>aliter</Unicode>
                    </TextEquiv>
                    <TextStyle fontFamily="Times New Roman" fontSize="8.5" bold="true"/>
                </Word>
                <Word id="w_w2aab1b7b2b1c29ac35" language="English" custom="readingOrder {index:2;}">
                    <Coords points="725,1416 808,1416 808,1445 725,1445"/>
                    <TextEquiv>
                        <Unicode>non</Unicode>
                    </TextEquiv>
                    <TextStyle fontFamily="Times New Roman" fontSize="8.5" bold="true"/>
                </Word>
                <Word id="w_w2aab1b7b2b1c29ac43" language="English" custom="readingOrder {index:3;}">
                    <Coords points="845,1410 1073,1410 1073,1458 845,1458"/>
                    <TextEquiv>
                        <Unicode>poneretur</Unicode>
                    </TextEquiv>
                    <TextStyle fontFamily="Times New Roman" fontSize="8.5" bold="true"/>
                </Word>
                <Word id="w_w2aab1b7b2b1c29ac63" language="English" custom="readingOrder {index:4;}">
                    <Coords points="1105,1399 1291,1399 1291,1441 1105,1441"/>
                    <TextEquiv>
                        <Unicode>medium</Unicode>
                    </TextEquiv>
                    <TextStyle fontFamily="Times New Roman" fontSize="8.5" bold="true"/>
                </Word>
                <TextEquiv>
                    <Unicode>tremorum, aliter non poneretur medium</Unicode>
                </TextEquiv>
                <TextStyle fontFamily="Times New Roman" fontSize="8.5" bold="true"/>
            </TextLine>
            <TextLine id="tl_25" primaryLanguage="English" custom="readingOrder {index:15;}">
                <Coords points="282,1474 1200,1474 1200,1537 282,1537"/>
                <Baseline points="283,1524 510,1523 588,1523 658,1521 955,1518 1090,1518 1200,1515"/>
                <Word id="w_w2aab1b7b2b1c31ab1" language="English" custom="readingOrder {index:0;}">
                    <Coords points="283,1481 510,1481 510,1525 283,1525"/>
                    <TextEquiv>
                        <Unicode>essentiale</Unicode>
                    </TextEquiv>
                    <TextStyle fontFamily="Times New Roman" fontSize="8.5" bold="true"/>
                </Word>
                <Word id="w_w2aab1b7b2b1c31ac23" language="English" custom="readingOrder {index:1;}">
                    <Coords points="547,1490 588,1490 588,1523 547,1523"/>
                    <TextEquiv>
                        <Unicode>et</Unicode>
                    </TextEquiv>
                    <TextStyle fontFamily="Times New Roman" fontSize="8.5" bold="true"/>
                </Word>
                <Word id="w_w2aab1b7b2b1c31ac29" language="English" custom="readingOrder {index:2;}">
                    <Coords points="607,1479 658,1479 658,1521 607,1521"/>
                    <TextEquiv>
                        <Unicode>ad</Unicode>
                    </TextEquiv>
                    <TextStyle fontFamily="Times New Roman" fontSize="8.5" bold="true"/>
                </Word>
                <Word id="w_w2aab1b7b2b1c31ac35" language="English" custom="readingOrder {index:3;}">
                    <Coords points="684,1479 955,1479 955,1534 684,1534"/>
                    <TextEquiv>
                        <Unicode>adaequatum</Unicode>
                    </TextEquiv>
                    <TextStyle fontFamily="Times New Roman" fontSize="8.5" bold="true"/>
                </Word>
                <Word id="w_w2aab1b7b2b1c31ac57" language="English" custom="readingOrder {index:4;}">
                    <Coords points="976,1475 1090,1475 1090,1518 976,1518"/>
                    <TextEquiv>
                        <Unicode>inter</Unicode>
                    </TextEquiv>
                    <TextStyle fontFamily="Times New Roman" fontSize="8.5" bold="true"/>
                </Word>
                <Word id="w_w2aab1b7b2b1c31ac69" language="English" custom="readingOrder {index:5;}">
                    <Coords points="1117,1474 1200,1474 1200,1516 1117,1516"/>
                    <TextEquiv>
                        <Unicode>illa.</Unicode>
                    </TextEquiv>
                    <TextStyle fontFamily="Times New Roman" fontSize="8.5" bold="true"/>
                </Word>
                <TextEquiv>
                    <Unicode>essentiale et ad adaequatum inter illa.</Unicode>
                </TextEquiv>
                <TextStyle fontFamily="Times New Roman" fontSize="8.5" bold="true"/>
            </TextLine>
            <TextEquiv>
                <Unicode>extremis illis, potest investigari definitio
convertibilis cum utroque extremorum, et
hoc per viam divisionis, eo modo quo
docet Aristoteles 2. Poste?'. Dico secundo
quod si extrema distincte cognoscerentur,
statim sciri posset medium essentialiter
ordinatum inter illa, quod ponitur causa
praecisa et adaequata inhaerenti® passionis
ad subjectum. Sed hoc non sequitur de
medio particulari, quod ponitur medium
inferius ad utrumque extremum, ut supra
patuit, cum non possit esse essentialiter
ordinatum inter talia extrema communia,
quia tunc converteretur cum utroque ex¬
tremorum, aliter non poneretur medium
essentiale et ad adaequatum inter illa.</Unicode>
            </TextEquiv>
        </TextRegion>
        <TextRegion type="paragraph" id="r_4_2" custom="readingOrder {index:1;}">
            <Coords points="654,1604 925,1604 925,1643 654,1643"/>
            <TextLine id="tl_26" primaryLanguage="English" custom="readingOrder {index:0;}">
                <Coords points="655,1605 924,1605 924,1642 655,1642"/>
                <Baseline points="655,1642 924,1640"/>
                <Word id="w_w2aab1b7b2b3b1ab1" language="English" custom="readingOrder {index:0;}">
                    <Coords points="655,1606 924,1606 924,1642 655,1642"/>
                    <TextEquiv>
                        <Unicode>SGHOLIUM.</Unicode>
                    </TextEquiv>
                    <TextStyle fontFamily="Times New Roman" fontSize="8.0" bold="true"/>
                </Word>
                <TextEquiv>
                    <Unicode>SGHOLIUM.</Unicode>
                </TextEquiv>
                <TextStyle fontFamily="Times New Roman" fontSize="8.0" bold="true"/>
            </TextLine>
            <TextEquiv>
                <Unicode>SGHOLIUM.</Unicode>
            </TextEquiv>
        </TextRegion>
        <TextRegion type="paragraph" id="r_4_3" custom="readingOrder {index:2;}">
            <Coords points="276,1718 1297,1718 1297,1903 276,1903"/>
            <TextLine id="tl_27" primaryLanguage="English" custom="readingOrder {index:0;}">
                <Coords points="325,1719 1291,1719 1291,1771 325,1771"/>
                <Baseline points="325,1764 501,1762 707,1758 933,1758 998,1756 1062,1755 1232,1754 1291,1754"/>
                <Word id="w_w2aab1b7b2b5b1ab1" language="English" custom="readingOrder {index:0;}">
                    <Coords points="325,1725 501,1725 501,1764 325,1764"/>
                    <TextEquiv>
                        <Unicode>Adducit</Unicode>
                    </TextEquiv>
                    <TextStyle fontFamily="Times New Roman" fontSize="8.0" bold="true"/>
                </Word>
                <Word id="w_w2aab1b7b2b5b1ac17" language="English" custom="readingOrder {index:1;}">
                    <Coords points="521,1726 707,1726 707,1770 521,1770"/>
                    <TextEquiv>
                        <Unicode>quartam</Unicode>
                    </TextEquiv>
                    <TextStyle fontFamily="Times New Roman" fontSize="8.0" bold="true"/>
                </Word>
                <Word id="w_w2aab1b7b2b5b1ac33" language="English" custom="readingOrder {index:2;}">
                    <Coords points="736,1722 933,1722 933,1758 736,1758"/>
                    <TextEquiv>
                        <Unicode>rationem</Unicode>
                    </TextEquiv>
                    <TextStyle fontFamily="Times New Roman" fontSize="8.0" bold="true"/>
                </Word>
                <Word id="w_w2aab1b7b2b5b1ac51" language="English" custom="readingOrder {index:3;}">
                    <Coords points="950,1729 998,1729 998,1756 950,1756"/>
                    <TextEquiv>
                        <Unicode>ex</Unicode>
                    </TextEquiv>
                    <TextStyle fontFamily="Times New Roman" fontSize="8.0" bold="true"/>
                </Word>
                <Word id="w_w2aab1b7b2b5b1ac57" language="English" custom="readingOrder {index:4;}">
                    <Coords points="1021,1721 1062,1721 1062,1755 1021,1755"/>
                    <TextEquiv>
                        <Unicode>D.</Unicode>
                    </TextEquiv>
                    <TextStyle fontFamily="Times New Roman" fontSize="8.0" bold="true"/>
                </Word>
                <Word id="w_w2aab1b7b2b5b1ac63" language="English" custom="readingOrder {index:5;}">
                    <Coords points="1085,1720 1232,1720 1232,1755 1085,1755"/>
                    <TextEquiv>
                        <Unicode>Thoma</Unicode>
                    </TextEquiv>
                    <TextStyle fontFamily="Times New Roman" fontSize="8.0" bold="true"/>
                </Word>
                <Word id="w_w2aab1b7b2b5b1ac75" language="English" custom="readingOrder {index:6;}">
                    <Coords points="1252,1720 1291,1720 1291,1754 1252,1754"/>
                    <TextEquiv>
                        <Unicode>et</Unicode>
                    </TextEquiv>
                    <TextStyle fontFamily="Times New Roman" fontSize="8.0" bold="true"/>
                </Word>
                <TextEquiv>
                    <Unicode>Adducit quartam rationem ex D. Thoma et</Unicode>
                </TextEquiv>
                <TextStyle fontFamily="Times New Roman" fontSize="8.0" bold="true"/>
            </TextLine>
            <TextLine id="tl_28" primaryLanguage="English" custom="readingOrder {index:1;}">
                <Coords points="277,1782 1296,1782 1296,1838 277,1838"/>
                <Baseline points="277,1838 465,1825 550,1824 759,1823 918,1822 1222,1826 1295,1818"/>
                <Word id="w_w2aab1b7b2b5b3ab1" language="English" custom="readingOrder {index:0;}">
                    <Coords points="277,1794 465,1794 465,1838 277,1838"/>
                    <TextEquiv>
                        <Unicode>quintam</Unicode>
                    </TextEquiv>
                    <TextStyle fontFamily="Times New Roman" fontSize="8.0" bold="true"/>
                </Word>
                <Word id="w_w2aab1b7b2b5b3ac17" language="English" custom="readingOrder {index:1;}">
                    <Coords points="499,1800 550,1800 550,1824 499,1824"/>
                    <TextEquiv>
                        <Unicode>ex</Unicode>
                    </TextEquiv>
                    <TextStyle fontFamily="Times New Roman" fontSize="8.0" bold="true"/>
                </Word>
                <Word id="w_w2aab1b7b2b5b3ac23" language="English" custom="readingOrder {index:2;}">
                    <Coords points="585,1788 759,1788 759,1824 585,1824"/>
                    <TextEquiv>
                        <Unicode>Henrico</Unicode>
                    </TextEquiv>
                    <TextStyle fontFamily="Times New Roman" fontSize="8.0" bold="true"/>
                </Word>
                <Word id="w_w2aab1b7b2b5b3ac39" language="English" custom="readingOrder {index:3;}">
                    <Coords points="779,1789 918,1789 918,1822 779,1822"/>
                    <TextEquiv>
                        <Unicode>contra</Unicode>
                    </TextEquiv>
                    <TextStyle fontFamily="Times New Roman" fontSize="8.0" bold="true"/>
                </Word>
                <Word id="w_w2aab1b7b2b5b3ac53" language="English" custom="readingOrder {index:4;}">
                    <Coords points="944,1783 1222,1783 1222,1829 944,1829"/>
                    <TextEquiv>
                        <Unicode>Philosophos,</Unicode>
                    </TextEquiv>
                    <TextStyle fontFamily="Times New Roman" fontSize="8.0" bold="true"/>
                </Word>
                <Word id="w_w2aab1b7b2b5b3ac79" language="English" custom="readingOrder {index:5;}">
                    <Coords points="1257,1785 1295,1785 1295,1818 1257,1818"/>
                    <TextEquiv>
                        <Unicode>et</Unicode>
                    </TextEquiv>
                    <TextStyle fontFamily="Times New Roman" fontSize="8.0" bold="true"/>
                </Word>
                <TextEquiv>
                    <Unicode>quintam ex Henrico contra Philosophos, et</Unicode>
                </TextEquiv>
                <TextStyle fontFamily="Times New Roman" fontSize="8.0" bold="true"/>
            </TextLine>
            <TextLine id="tl_29" primaryLanguage="English" custom="readingOrder {index:2;}">
                <Coords points="282,1848 1007,1848 1007,1902 282,1902"/>
                <Baseline points="282,1893 497,1892 652,1889 716,1888 1007,1885"/>
                <Word id="w_w2aab1b7b2b5b5ab1" language="English" custom="readingOrder {index:0;}">
                    <Coords points="282,1862 497,1862 497,1901 282,1901"/>
                    <TextEquiv>
                        <Unicode>utramque</Unicode>
                    </TextEquiv>
                    <TextStyle fontFamily="Times New Roman" fontSize="8.0" bold="true"/>
                </Word>
                <Word id="w_w2aab1b7b2b5b5ac19" language="English" custom="readingOrder {index:1;}">
                    <Coords points="517,1854 652,1854 652,1900 517,1900"/>
                    <TextEquiv>
                        <Unicode>rejicit</Unicode>
                    </TextEquiv>
                    <TextStyle fontFamily="Times New Roman" fontSize="8.0" bold="true"/>
                </Word>
                <Word id="w_w2aab1b7b2b5b5ac35" language="English" custom="readingOrder {index:2;}">
                    <Coords points="673,1856 716,1856 716,1888 673,1888"/>
                    <TextEquiv>
                        <Unicode>ut</Unicode>
                    </TextEquiv>
                    <TextStyle fontFamily="Times New Roman" fontSize="8.0" bold="true"/>
                </Word>
                <Word id="w_w2aab1b7b2b5b5ac41" language="English" custom="readingOrder {index:3;}">
                    <Coords points="738,1849 1007,1849 1007,1888 738,1888"/>
                    <TextEquiv>
                        <Unicode>inefficacem.</Unicode>
                    </TextEquiv>
                    <TextStyle fontFamily="Times New Roman" fontSize="8.0" bold="true"/>
                </Word>
                <TextEquiv>
                    <Unicode>utramque rejicit ut inefficacem.</Unicode>
                </TextEquiv>
                <TextStyle fontFamily="Times New Roman" fontSize="8.0" bold="true"/>
            </TextLine>
            <TextEquiv>
                <Unicode>Adducit quartam rationem ex D. Thoma et
quintam ex Henrico contra Philosophos, et
utramque rejicit ut inefficacem.</Unicode>
            </TextEquiv>
        </TextRegion>
        <TextRegion type="paragraph" id="r_4_4" custom="readingOrder {index:3;}">
            <Coords points="279,1944 1310,1944 1310,3684 279,3684"/>
            <TextLine id="tl_30" primaryLanguage="English" custom="readingOrder {index:0;}">
                <Coords points="337,1945 1296,1945 1296,2013 337,2013"/>
                <Baseline points="337,2009 539,2000 625,2010 1022,1993 1296,1991"/>
                <Word id="w_w2aab1b7b2b7b1ab1" language="English" custom="readingOrder {index:0;}">
                    <Coords points="337,1956 539,1956 539,2009 337,2009"/>
                    <TextEquiv>
                        <Unicode>Quarto</Unicode>
                    </TextEquiv>
                    <TextStyle fontFamily="Times New Roman" fontSize="10.5"/>
                </Word>
                <Word id="w_w2aab1b7b2b7b1ac15" language="English" custom="readingOrder {index:1;}">
                    <Coords points="559,1955 625,1955 625,2012 559,2012"/>
                    <TextEquiv>
                        <Unicode>(r)</Unicode>
                    </TextEquiv>
                    <TextStyle fontFamily="Times New Roman" fontSize="10.5"/>
                </Word>
                <Word id="w_w2aab1b7b2b7b1ac23" language="English" custom="readingOrder {index:2;}">
                    <Coords points="653,1947 1022,1947 1022,2011 653,2011"/>
                    <TextEquiv>
                        <Unicode>principaliter</Unicode>
                    </TextEquiv>
                    <TextStyle fontFamily="Times New Roman" fontSize="10.5"/>
                </Word>
                <Word id="w_w2aab1b7b2b7b1ac51" language="English" custom="readingOrder {index:3;}">
                    <Coords points="1045,1946 1296,1946 1296,2005 1045,2005"/>
                    <TextEquiv>
                        <Unicode>arguitur</Unicode>
                    </TextEquiv>
                    <TextStyle fontFamily="Times New Roman" fontSize="10.5"/>
                </Word>
                <TextEquiv>
                    <Unicode>Quarto (r) principaliter arguitur</Unicode>
                </TextEquiv>
                <TextStyle fontFamily="Times New Roman" fontSize="10.5"/>
            </TextLine>
            <TextLine id="tl_31" primaryLanguage="English" custom="readingOrder {index:1;}">
                <Coords points="283,2022 1291,2022 1291,2087 283,2087"/>
                <Baseline points="283,2078 358,2078 397,2077 743,2073 839,2071 1095,2069 1291,2074"/>
                <Word id="w_w2aab1b7b2b7b3ab1" language="English" custom="readingOrder {index:0;}">
                    <Coords points="283,2032 358,2032 358,2078 283,2078"/>
                    <TextEquiv>
                        <Unicode>sic</Unicode>
                    </TextEquiv>
                    <TextStyle fontFamily="Times New Roman" fontSize="10.5"/>
                </Word>
                <Word id="w_w2aab1b7b2b7b3ab9" language="English" custom="readingOrder {index:1;}">
                    <Coords points="388,2049 397,2049 397,2077 388,2077"/>
                    <TextEquiv>
                        <Unicode>:</Unicode>
                    </TextEquiv>
                    <TextStyle fontFamily="Times New Roman" fontSize="10.5"/>
                </Word>
                <Word id="w_w2aab1b7b2b7b3ac13" language="English" custom="readingOrder {index:2;}">
                    <Coords points="432,2029 743,2029 743,2078 432,2078"/>
                    <TextEquiv>
                        <Unicode>Ordinatum</Unicode>
                    </TextEquiv>
                    <TextStyle fontFamily="Times New Roman" fontSize="10.5"/>
                </Word>
                <Word id="w_w2aab1b7b2b7b3ac33" language="English" custom="readingOrder {index:3;}">
                    <Coords points="779,2025 839,2025 839,2071 779,2071"/>
                    <TextEquiv>
                        <Unicode>ad</Unicode>
                    </TextEquiv>
                    <TextStyle fontFamily="Times New Roman" fontSize="10.5"/>
                </Word>
                <Word id="w_w2aab1b7b2b7b3ac39" language="English" custom="readingOrder {index:4;}">
                    <Coords points="867,2024 1095,2024 1095,2083 867,2083"/>
                    <TextEquiv>
                        <Unicode>aliquem</Unicode>
                    </TextEquiv>
                    <TextStyle fontFamily="Times New Roman" fontSize="10.5"/>
                </Word>
                <Word id="w_w2aab1b7b2b7b3ac55" language="English" custom="readingOrder {index:5;}">
                    <Coords points="1118,2023 1291,2023 1291,2074 1118,2074"/>
                    <TextEquiv>
                        <Unicode>finem,</Unicode>
                    </TextEquiv>
                    <TextStyle fontFamily="Times New Roman" fontSize="10.5"/>
                </Word>
                <TextEquiv>
                    <Unicode>sic : Ordinatum ad aliquem finem,</Unicode>
                </TextEquiv>
                <TextStyle fontFamily="Times New Roman" fontSize="10.5"/>
            </TextLine>
            <TextLine id="tl_32" primaryLanguage="English" custom="readingOrder {index:2;}">
                <Coords points="287,2098 1292,2098 1292,2166 287,2166"/>
                <Baseline points="287,2154 348,2154 548,2152 666,2150 770,2149 862,2147 1291,2150"/>
                <Word id="w_w2aab1b7b2b7b5ab1" language="English" custom="readingOrder {index:0;}">
                    <Coords points="287,2109 348,2109 348,2154 287,2154"/>
                    <TextEquiv>
                        <Unicode>ad</Unicode>
                    </TextEquiv>
                    <TextStyle fontFamily="Times New Roman" fontSize="10.5"/>
                </Word>
                <Word id="w_w2aab1b7b2b7b5ab7" language="English" custom="readingOrder {index:1;}">
                    <Coords points="394,2119 548,2119 548,2166 394,2166"/>
                    <TextEquiv>
                        <Unicode>quem</Unicode>
                    </TextEquiv>
                    <TextStyle fontFamily="Times New Roman" fontSize="10.5"/>
                </Word>
                <Word id="w_w2aab1b7b2b7b5ac17" language="English" custom="readingOrder {index:2;}">
                    <Coords points="587,2105 666,2105 666,2150 587,2150"/>
                    <TextEquiv>
                        <Unicode>est</Unicode>
                    </TextEquiv>
                    <TextStyle fontFamily="Times New Roman" fontSize="10.5"/>
                </Word>
                <Word id="w_w2aab1b7b2b7b5ac25" language="English" custom="readingOrder {index:3;}">
                    <Coords points="707,2116 770,2116 770,2150 707,2150"/>
                    <TextEquiv>
                        <Unicode>ex</Unicode>
                    </TextEquiv>
                    <TextStyle fontFamily="Times New Roman" fontSize="10.5"/>
                </Word>
                <Word id="w_w2aab1b7b2b7b5ac31" language="English" custom="readingOrder {index:4;}">
                    <Coords points="807,2115 862,2115 862,2148 807,2148"/>
                    <TextEquiv>
                        <Unicode>se</Unicode>
                    </TextEquiv>
                    <TextStyle fontFamily="Times New Roman" fontSize="10.5"/>
                </Word>
                <Word id="w_w2aab1b7b2b7b5ac37" language="English" custom="readingOrder {index:5;}">
                    <Coords points="902,2099 1291,2099 1291,2159 902,2159"/>
                    <TextEquiv>
                        <Unicode>indispositum,</Unicode>
                    </TextEquiv>
                    <TextStyle fontFamily="Times New Roman" fontSize="10.5"/>
                </Word>
                <TextEquiv>
                    <Unicode>ad quem est ex se indispositum,</Unicode>
                </TextEquiv>
                <TextStyle fontFamily="Times New Roman" fontSize="10.5"/>
            </TextLine>
            <TextLine id="tl_33" primaryLanguage="English" custom="readingOrder {index:3;}">
                <Coords points="285,2174 1296,2174 1296,2241 285,2241"/>
                <Baseline points="285,2230 500,2228 602,2228 880,2222 1212,2221 1296,2220"/>
                <Word id="w_w2aab1b7b2b7b7ab1" language="English" custom="readingOrder {index:0;}">
                    <Coords points="285,2195 500,2195 500,2230 285,2230"/>
                    <TextEquiv>
                        <Unicode>necesse</Unicode>
                    </TextEquiv>
                    <TextStyle fontFamily="Times New Roman" fontSize="10.5"/>
                </Word>
                <Word id="w_w2aab1b7b2b7b7ac17" language="English" custom="readingOrder {index:1;}">
                    <Coords points="521,2183 602,2183 602,2228 521,2228"/>
                    <TextEquiv>
                        <Unicode>est</Unicode>
                    </TextEquiv>
                    <TextStyle fontFamily="Times New Roman" fontSize="10.5"/>
                </Word>
                <Word id="w_w2aab1b7b2b7b7ac25" language="English" custom="readingOrder {index:2;}">
                    <Coords points="624,2178 880,2178 880,2239 624,2239"/>
                    <TextEquiv>
                        <Unicode>paulatim</Unicode>
                    </TextEquiv>
                    <TextStyle fontFamily="Times New Roman" fontSize="10.5"/>
                </Word>
                <Word id="w_w2aab1b7b2b7b7ac43" language="English" custom="readingOrder {index:3;}">
                    <Coords points="906,2175 1212,2175 1212,2236 906,2236"/>
                    <TextEquiv>
                        <Unicode>promoveri</Unicode>
                    </TextEquiv>
                    <TextStyle fontFamily="Times New Roman" fontSize="10.5"/>
                </Word>
                <Word id="w_w2aab1b7b2b7b7ac63" language="English" custom="readingOrder {index:4;}">
                    <Coords points="1235,2175 1296,2175 1296,2220 1235,2220"/>
                    <TextEquiv>
                        <Unicode>ad</Unicode>
                    </TextEquiv>
                    <TextStyle fontFamily="Times New Roman" fontSize="10.5"/>
                </Word>
                <TextEquiv>
                    <Unicode>necesse est paulatim promoveri ad</Unicode>
                </TextEquiv>
                <TextStyle fontFamily="Times New Roman" fontSize="10.5"/>
            </TextLine>
            <TextLine id="tl_34" primaryLanguage="English" custom="readingOrder {index:4;}">
                <Coords points="285,2250 1293,2250 1293,2320 285,2320"/>
                <Baseline points="285,2307 688,2302 961,2298 1134,2297 1293,2302"/>
                <Word id="w_w2aab1b7b2b7b9ab1" language="English" custom="readingOrder {index:0;}">
                    <Coords points="285,2258 688,2258 688,2320 285,2320"/>
                    <TextEquiv>
                        <Unicode>dispositionem</Unicode>
                    </TextEquiv>
                    <TextStyle fontFamily="Times New Roman" fontSize="10.5"/>
                </Word>
                <Word id="w_w2aab1b7b2b7b9ac29" language="English" custom="readingOrder {index:1;}">
                    <Coords points="718,2255 961,2255 961,2313 718,2313"/>
                    <TextEquiv>
                        <Unicode>respectu</Unicode>
                    </TextEquiv>
                    <TextStyle fontFamily="Times New Roman" fontSize="10.5"/>
                </Word>
                <Word id="w_w2aab1b7b2b7b9ac47" language="English" custom="readingOrder {index:2;}">
                    <Coords points="993,2253 1134,2253 1134,2299 993,2299"/>
                    <TextEquiv>
                        <Unicode>illius</Unicode>
                    </TextEquiv>
                    <TextStyle fontFamily="Times New Roman" fontSize="10.5"/>
                </Word>
                <Word id="w_w2aab1b7b2b7b9ac61" language="English" custom="readingOrder {index:3;}">
                    <Coords points="1158,2251 1293,2251 1293,2302 1158,2302"/>
                    <TextEquiv>
                        <Unicode>finis,</Unicode>
                    </TextEquiv>
                    <TextStyle fontFamily="Times New Roman" fontSize="10.5"/>
                </Word>
                <TextEquiv>
                    <Unicode>dispositionem respectu illius finis,</Unicode>
                </TextEquiv>
                <TextStyle fontFamily="Times New Roman" fontSize="10.5"/>
            </TextLine>
            <TextLine id="tl_35" primaryLanguage="English" custom="readingOrder {index:5;}">
                <Coords points="287,2328 1298,2328 1298,2384 287,2384"/>
                <Baseline points="287,2384 373,2384 569,2380 880,2376 981,2375 1175,2373 1298,2358"/>
                <Word id="w_w2aab1b7b2b7c11ab1" language="English" custom="readingOrder {index:0;}">
                    <Coords points="287,2338 373,2338 373,2384 287,2384"/>
                    <TextEquiv>
                        <Unicode>sed</Unicode>
                    </TextEquiv>
                    <TextStyle fontFamily="Times New Roman" fontSize="10.5"/>
                </Word>
                <Word id="w_w2aab1b7b2b7c11ab9" language="English" custom="readingOrder {index:1;}">
                    <Coords points="412,2336 569,2336 569,2382 412,2382"/>
                    <TextEquiv>
                        <Unicode>homo</Unicode>
                    </TextEquiv>
                    <TextStyle fontFamily="Times New Roman" fontSize="10.5"/>
                </Word>
                <Word id="w_w2aab1b7b2b7c11ac19" language="English" custom="readingOrder {index:2;}">
                    <Coords points="600,2332 880,2332 880,2379 600,2379"/>
                    <TextEquiv>
                        <Unicode>ordinatur</Unicode>
                    </TextEquiv>
                    <TextStyle fontFamily="Times New Roman" fontSize="10.5"/>
                </Word>
                <Word id="w_w2aab1b7b2b7c11ac39" language="English" custom="readingOrder {index:3;}">
                    <Coords points="919,2330 981,2330 981,2376 919,2376"/>
                    <TextEquiv>
                        <Unicode>ad</Unicode>
                    </TextEquiv>
                    <TextStyle fontFamily="Times New Roman" fontSize="10.5"/>
                </Word>
                <Word id="w_w2aab1b7b2b7c11ac45" language="English" custom="readingOrder {index:4;}">
                    <Coords points="1018,2330 1175,2330 1175,2375 1018,2375"/>
                    <TextEquiv>
                        <Unicode>finem</Unicode>
                    </TextEquiv>
                    <TextStyle fontFamily="Times New Roman" fontSize="10.5"/>
                </Word>
                <Word id="w_w2aab1b7b2b7c11ac57" language="English" custom="readingOrder {index:5;}">
                    <Coords points="1218,2341 1298,2341 1298,2374 1218,2374"/>
                    <TextEquiv>
                        <Unicode>su-</Unicode>
                    </TextEquiv>
                    <TextStyle fontFamily="Times New Roman" fontSize="10.5"/>
                </Word>
                <TextEquiv>
                    <Unicode>sed homo ordinatur ad finem su-</Unicode>
                </TextEquiv>
                <TextStyle fontFamily="Times New Roman" fontSize="10.5"/>
            </TextLine>
            <TextLine id="tl_36" primaryLanguage="English" custom="readingOrder {index:6;}">
                <Coords points="287,2404 1298,2404 1298,2472 287,2472"/>
                <Baseline points="287,2472 700,2462 806,2451 996,2451 1094,2450 1185,2449 1298,2449"/>
                <Word id="w_w2aab1b7b2b7c13ab1" language="English" custom="readingOrder {index:0;}">
                    <Coords points="287,2409 700,2409 700,2472 287,2472"/>
                    <TextEquiv>
                        <Unicode>pernaturalem,</Unicode>
                    </TextEquiv>
                    <TextStyle fontFamily="Times New Roman" fontSize="10.5"/>
                </Word>
                <Word id="w_w2aab1b7b2b7c13ac29" language="English" custom="readingOrder {index:1;}">
                    <Coords points="744,2407 806,2407 806,2454 744,2454"/>
                    <TextEquiv>
                        <Unicode>ad</Unicode>
                    </TextEquiv>
                    <TextStyle fontFamily="Times New Roman" fontSize="10.5"/>
                </Word>
                <Word id="w_w2aab1b7b2b7c13ac35" language="English" custom="readingOrder {index:2;}">
                    <Coords points="843,2419 996,2419 996,2465 843,2465"/>
                    <TextEquiv>
                        <Unicode>quem</Unicode>
                    </TextEquiv>
                    <TextStyle fontFamily="Times New Roman" fontSize="10.5"/>
                </Word>
                <Word id="w_w2aab1b7b2b7c13ac45" language="English" custom="readingOrder {index:3;}">
                    <Coords points="1031,2418 1094,2418 1094,2450 1031,2450"/>
                    <TextEquiv>
                        <Unicode>ex</Unicode>
                    </TextEquiv>
                    <TextStyle fontFamily="Times New Roman" fontSize="10.5"/>
                </Word>
                <Word id="w_w2aab1b7b2b7c13ac51" language="English" custom="readingOrder {index:4;}">
                    <Coords points="1131,2418 1185,2418 1185,2449 1131,2449"/>
                    <TextEquiv>
                        <Unicode>se</Unicode>
                    </TextEquiv>
                    <TextStyle fontFamily="Times New Roman" fontSize="10.5"/>
                </Word>
                <Word id="w_w2aab1b7b2b7c13ac57" language="English" custom="readingOrder {index:5;}">
                    <Coords points="1218,2405 1298,2405 1298,2449 1218,2449"/>
                    <TextEquiv>
                        <Unicode>est</Unicode>
                    </TextEquiv>
                    <TextStyle fontFamily="Times New Roman" fontSize="10.5"/>
                </Word>
                <TextEquiv>
                    <Unicode>pernaturalem, ad quem ex se est</Unicode>
                </TextEquiv>
                <TextStyle fontFamily="Times New Roman" fontSize="10.5"/>
            </TextLine>
            <TextLine id="tl_37" primaryLanguage="English" custom="readingOrder {index:7;}">
                <Coords points="281,2479 1300,2479 1300,2548 281,2548"/>
                <Baseline points="281,2537 654,2538 810,2529 1022,2528 1300,2525"/>
                <Word id="w_w2aab1b7b2b7c15ab1" language="English" custom="readingOrder {index:0;}">
                    <Coords points="281,2488 654,2488 654,2547 281,2547"/>
                    <TextEquiv>
                        <Unicode>indispositus;</Unicode>
                    </TextEquiv>
                    <TextStyle fontFamily="Times New Roman" fontSize="10.5"/>
                </Word>
                <Word id="w_w2aab1b7b2b7c15ac29" language="English" custom="readingOrder {index:1;}">
                    <Coords points="682,2495 810,2495 810,2542 682,2542"/>
                    <TextEquiv>
                        <Unicode>ergo</Unicode>
                    </TextEquiv>
                    <TextStyle fontFamily="Times New Roman" fontSize="10.5"/>
                </Word>
                <Word id="w_w2aab1b7b2b7c15ac39" language="English" custom="readingOrder {index:2;}">
                    <Coords points="826,2481 1022,2481 1022,2539 826,2539"/>
                    <TextEquiv>
                        <Unicode>indiget</Unicode>
                    </TextEquiv>
                    <TextStyle fontFamily="Times New Roman" fontSize="10.5"/>
                </Word>
                <Word id="w_w2aab1b7b2b7c15ac55" language="English" custom="readingOrder {index:3;}">
                    <Coords points="1043,2480 1300,2480 1300,2540 1043,2540"/>
                    <TextEquiv>
                        <Unicode>paulatim</Unicode>
                    </TextEquiv>
                    <TextStyle fontFamily="Times New Roman" fontSize="10.5"/>
                </Word>
                <TextEquiv>
                    <Unicode>indispositus; ergo indiget paulatim</Unicode>
                </TextEquiv>
                <TextStyle fontFamily="Times New Roman" fontSize="10.5"/>
            </TextLine>
            <TextLine id="tl_38" primaryLanguage="English" custom="readingOrder {index:8;}">
                <Coords points="281,2555 1295,2555 1295,2626 281,2626"/>
                <Baseline points="281,2614 488,2610 588,2609 908,2605 1088,2603 1295,2607"/>
                <Word id="w_w2aab1b7b2b7c17ab1" language="English" custom="readingOrder {index:0;}">
                    <Coords points="281,2565 488,2565 488,2626 281,2626"/>
                    <TextEquiv>
                        <Unicode>disponi</Unicode>
                    </TextEquiv>
                    <TextStyle fontFamily="Times New Roman" fontSize="10.5"/>
                </Word>
                <Word id="w_w2aab1b7b2b7c17ac17" language="English" custom="readingOrder {index:1;}">
                    <Coords points="528,2563 588,2563 588,2609 528,2609"/>
                    <TextEquiv>
                        <Unicode>ad</Unicode>
                    </TextEquiv>
                    <TextStyle fontFamily="Times New Roman" fontSize="10.5"/>
                </Word>
                <Word id="w_w2aab1b7b2b7c17ac23" language="English" custom="readingOrder {index:2;}">
                    <Coords points="617,2560 908,2560 908,2607 617,2607"/>
                    <TextEquiv>
                        <Unicode>habendum</Unicode>
                    </TextEquiv>
                    <TextStyle fontFamily="Times New Roman" fontSize="10.5"/>
                </Word>
                <Word id="w_w2aab1b7b2b7c17ac41" language="English" custom="readingOrder {index:3;}">
                    <Coords points="938,2557 1088,2557 1088,2604 938,2604"/>
                    <TextEquiv>
                        <Unicode>illum</Unicode>
                    </TextEquiv>
                    <TextStyle fontFamily="Times New Roman" fontSize="10.5"/>
                </Word>
                <Word id="w_w2aab1b7b2b7c17ac53" language="English" custom="readingOrder {index:4;}">
                    <Coords points="1121,2557 1295,2557 1295,2607 1121,2607"/>
                    <TextEquiv>
                        <Unicode>finem,</Unicode>
                    </TextEquiv>
                    <TextStyle fontFamily="Times New Roman" fontSize="10.5"/>
                </Word>
                <TextEquiv>
                    <Unicode>disponi ad habendum illum finem,</Unicode>
                </TextEquiv>
                <TextStyle fontFamily="Times New Roman" fontSize="10.5"/>
            </TextLine>
            <TextLine id="tl_39" primaryLanguage="English" custom="readingOrder {index:9;}">
                <Coords points="280,2630 1300,2630 1300,2698 280,2698"/>
                <Baseline points="280,2688 380,2688 587,2684 676,2684 804,2680 1186,2677 1299,2664"/>
                <Word id="w_w2aab1b7b2b7c19ab1" language="English" custom="readingOrder {index:0;}">
                    <Coords points="280,2643 380,2643 380,2689 280,2689"/>
                    <TextEquiv>
                        <Unicode>hoc</Unicode>
                    </TextEquiv>
                    <TextStyle fontFamily="Times New Roman" fontSize="10.5"/>
                </Word>
                <Word id="w_w2aab1b7b2b7c19ab9" language="English" custom="readingOrder {index:1;}">
                    <Coords points="408,2641 587,2641 587,2687 408,2687"/>
                    <TextEquiv>
                        <Unicode>autem</Unicode>
                    </TextEquiv>
                    <TextStyle fontFamily="Times New Roman" fontSize="10.5"/>
                </Word>
                <Word id="w_w2aab1b7b2b7c19ac21" language="English" custom="readingOrder {index:2;}">
                    <Coords points="617,2638 676,2638 676,2684 617,2684"/>
                    <TextEquiv>
                        <Unicode>fit</Unicode>
                    </TextEquiv>
                    <TextStyle fontFamily="Times New Roman" fontSize="10.5"/>
                </Word>
                <Word id="w_w2aab1b7b2b7c19ac29" language="English" custom="readingOrder {index:3;}">
                    <Coords points="710,2649 804,2649 804,2696 710,2696"/>
                    <TextEquiv>
                        <Unicode>per</Unicode>
                    </TextEquiv>
                    <TextStyle fontFamily="Times New Roman" fontSize="10.5"/>
                </Word>
                <Word id="w_w2aab1b7b2b7c19ac37" language="English" custom="readingOrder {index:4;}">
                    <Coords points="825,2633 1186,2633 1186,2694 825,2694"/>
                    <TextEquiv>
                        <Unicode>cognitionem</Unicode>
                    </TextEquiv>
                    <TextStyle fontFamily="Times New Roman" fontSize="10.5"/>
                </Word>
                <Word id="w_w2aab1b7b2b7c19ac61" language="English" custom="readingOrder {index:5;}">
                    <Coords points="1208,2630 1299,2630 1299,2677 1208,2677"/>
                    <TextEquiv>
                        <Unicode>ali¬</Unicode>
                    </TextEquiv>
                    <TextStyle fontFamily="Times New Roman" fontSize="10.5"/>
                </Word>
                <TextEquiv>
                    <Unicode>hoc autem fit per cognitionem ali¬</Unicode>
                </TextEquiv>
                <TextStyle fontFamily="Times New Roman" fontSize="10.5"/>
            </TextLine>
            <TextLine id="tl_40" primaryLanguage="English" custom="readingOrder {index:10;}">
                <Coords points="283,2708 1298,2708 1298,2778 283,2778"/>
                <Baseline points="283,2778 440,2763 975,2761 1152,2759 1298,2751"/>
                <Word id="w_w2aab1b7b2b7c21ab1" language="English" custom="readingOrder {index:0;}">
                    <Coords points="283,2731 440,2731 440,2778 283,2778"/>
                    <TextEquiv>
                        <Unicode>quam</Unicode>
                    </TextEquiv>
                    <TextStyle fontFamily="Times New Roman" fontSize="10.5"/>
                </Word>
                <Word id="w_w2aab1b7b2b7c21ac11" language="English" custom="readingOrder {index:1;}">
                    <Coords points="481,2711 975,2711 975,2774 481,2774"/>
                    <TextEquiv>
                        <Unicode>supernaturalem;</Unicode>
                    </TextEquiv>
                    <TextStyle fontFamily="Times New Roman" fontSize="10.5"/>
                </Word>
                <Word id="w_w2aab1b7b2b7c21ac43" language="English" custom="readingOrder {index:2;}">
                    <Coords points="1007,2720 1152,2720 1152,2767 1007,2767"/>
                    <TextEquiv>
                        <Unicode>ergo,</Unicode>
                    </TextEquiv>
                    <TextStyle fontFamily="Times New Roman" fontSize="10.5"/>
                </Word>
                <Word id="w_w2aab1b7b2b7c21ac55" language="English" custom="readingOrder {index:3;}">
                    <Coords points="1196,2711 1298,2711 1298,2754 1196,2754"/>
                    <TextEquiv>
                        <Unicode>etc.</Unicode>
                    </TextEquiv>
                    <TextStyle fontFamily="Times New Roman" fontSize="10.5"/>
                </Word>
                <TextEquiv>
                    <Unicode>quam supernaturalem; ergo, etc.</Unicode>
                </TextEquiv>
                <TextStyle fontFamily="Times New Roman" fontSize="10.5"/>
            </TextLine>
            <TextLine id="tl_41" primaryLanguage="English" custom="readingOrder {index:11;}">
                <Coords points="283,2783 1301,2783 1301,2850 283,2850"/>
                <Baseline points="283,2842 338,2840 620,2842 785,2833 974,2831 1300,2828"/>
                <Word id="w_w2aab1b7b2b7c23ab1" language="English" custom="readingOrder {index:0;}">
                    <Coords points="283,2795 338,2795 338,2842 283,2842"/>
                    <TextEquiv>
                        <Unicode>Si</Unicode>
                    </TextEquiv>
                    <TextStyle fontFamily="Times New Roman" fontSize="10.5"/>
                </Word>
                <Word id="w_w2aab1b7b2b7c23ab7" language="English" custom="readingOrder {index:1;}">
                    <Coords points="371,2794 620,2794 620,2842 371,2842"/>
                    <TextEquiv>
                        <Unicode>instetur,</Unicode>
                    </TextEquiv>
                    <TextStyle fontFamily="Times New Roman" fontSize="10.5"/>
                </Word>
                <Word id="w_w2aab1b7b2b7c23ac27" language="English" custom="readingOrder {index:2;}">
                    <Coords points="652,2788 785,2788 785,2848 652,2848"/>
                    <TextEquiv>
                        <Unicode>quod</Unicode>
                    </TextEquiv>
                    <TextStyle fontFamily="Times New Roman" fontSize="10.5"/>
                </Word>
                <Word id="w_w2aab1b7b2b7c23ac37" language="English" custom="readingOrder {index:3;}">
                    <Coords points="814,2799 974,2799 974,2845 814,2845"/>
                    <TextEquiv>
                        <Unicode>agens</Unicode>
                    </TextEquiv>
                    <TextStyle fontFamily="Times New Roman" fontSize="10.5"/>
                </Word>
                <Word id="w_w2aab1b7b2b7c23ac49" language="English" custom="readingOrder {index:4;}">
                    <Coords points="1004,2784 1300,2784 1300,2844 1004,2844"/>
                    <TextEquiv>
                        <Unicode>perfectum</Unicode>
                    </TextEquiv>
                    <TextStyle fontFamily="Times New Roman" fontSize="10.5"/>
                </Word>
                <TextEquiv>
                    <Unicode>Si instetur, quod agens perfectum</Unicode>
                </TextEquiv>
                <TextStyle fontFamily="Times New Roman" fontSize="10.5"/>
            </TextLine>
            <TextLine id="tl_42" primaryLanguage="English" custom="readingOrder {index:12;}">
                <Coords points="285,2856 1298,2856 1298,2929 285,2929"/>
                <Baseline points="285,2929 463,2914 691,2910 1016,2906 1298,2890"/>
                <Word id="w_w2aab1b7b2b7c25ab1" language="English" custom="readingOrder {index:0;}">
                    <Coords points="285,2870 463,2870 463,2929 285,2929"/>
                    <TextEquiv>
                        <Unicode>potest</Unicode>
                    </TextEquiv>
                    <TextStyle fontFamily="Times New Roman" fontSize="10.5"/>
                </Word>
                <Word id="w_w2aab1b7b2b7c25ac15" language="English" custom="readingOrder {index:1;}">
                    <Coords points="506,2865 691,2865 691,2914 506,2914"/>
                    <TextEquiv>
                        <Unicode>statim</Unicode>
                    </TextEquiv>
                    <TextStyle fontFamily="Times New Roman" fontSize="10.5"/>
                </Word>
                <Word id="w_w2aab1b7b2b7c25ac29" language="English" custom="readingOrder {index:2;}">
                    <Coords points="738,2874 1016,2874 1016,2908 738,2908"/>
                    <TextEquiv>
                        <Unicode>removere</Unicode>
                    </TextEquiv>
                    <TextStyle fontFamily="Times New Roman" fontSize="10.5"/>
                </Word>
                <Word id="w_w2aab1b7b2b7c25ac47" language="English" custom="readingOrder {index:3;}">
                    <Coords points="1055,2857 1298,2857 1298,2917 1055,2917"/>
                    <TextEquiv>
                        <Unicode>imperfe¬</Unicode>
                    </TextEquiv>
                    <TextStyle fontFamily="Times New Roman" fontSize="10.5"/>
                </Word>
                <TextEquiv>
                    <Unicode>potest statim removere imperfe¬</Unicode>
                </TextEquiv>
                <TextStyle fontFamily="Times New Roman" fontSize="10.5"/>
            </TextLine>
            <TextLine id="tl_43" primaryLanguage="English" custom="readingOrder {index:13;}">
                <Coords points="285,2933 1300,2933 1300,2997 285,2997"/>
                <Baseline points="285,2990 516,2986 599,2986 817,2981 1038,2979 1300,2964"/>
                <Word id="w_w2aab1b7b2b7c27ab1" language="English" custom="readingOrder {index:0;}">
                    <Coords points="285,2944 516,2944 516,2991 285,2991"/>
                    <TextEquiv>
                        <Unicode>ctionem</Unicode>
                    </TextEquiv>
                    <TextStyle fontFamily="Times New Roman" fontSize="10.5"/>
                </Word>
                <Word id="w_w2aab1b7b2b7c27ac17" language="English" custom="readingOrder {index:1;}">
                    <Coords points="548,2943 599,2943 599,2986 548,2986"/>
                    <TextEquiv>
                        <Unicode>et</Unicode>
                    </TextEquiv>
                    <TextStyle fontFamily="Times New Roman" fontSize="10.5"/>
                </Word>
                <Word id="w_w2aab1b7b2b7c27ac23" language="English" custom="readingOrder {index:2;}">
                    <Coords points="634,2936 817,2936 817,2985 634,2985"/>
                    <TextEquiv>
                        <Unicode>statim</Unicode>
                    </TextEquiv>
                    <TextStyle fontFamily="Times New Roman" fontSize="10.5"/>
                </Word>
                <Word id="w_w2aab1b7b2b7c27ac37" language="English" custom="readingOrder {index:3;}">
                    <Coords points="846,2938 1038,2938 1038,2994 846,2994"/>
                    <TextEquiv>
                        <Unicode>agere?</Unicode>
                    </TextEquiv>
                    <TextStyle fontFamily="Times New Roman" fontSize="10.5"/>
                </Word>
                <Word id="w_w2aab1b7b2b7c27ac51" language="English" custom="readingOrder {index:4;}">
                    <Coords points="1068,2934 1300,2934 1300,2992 1068,2992"/>
                    <TextEquiv>
                        <Unicode>Respon¬</Unicode>
                    </TextEquiv>
                    <TextStyle fontFamily="Times New Roman" fontSize="10.5"/>
                </Word>
                <TextEquiv>
                    <Unicode>ctionem et statim agere? Respon¬</Unicode>
                </TextEquiv>
                <TextStyle fontFamily="Times New Roman" fontSize="10.5"/>
            </TextLine>
            <TextLine id="tl_44" primaryLanguage="English" custom="readingOrder {index:14;}">
                <Coords points="286,3008 1302,3008 1302,3077 286,3077"/>
                <Baseline points="286,3066 454,3069 634,3061 714,3060 933,3059 1033,3056 1302,3052"/>
                <Word id="w_w2aab1b7b2b7c29ab1" language="English" custom="readingOrder {index:0;}">
                    <Coords points="286,3022 454,3022 454,3069 286,3069"/>
                    <TextEquiv>
                        <Unicode>detur,</Unicode>
                    </TextEquiv>
                    <TextStyle fontFamily="Times New Roman" fontSize="10.5"/>
                </Word>
                <Word id="w_w2aab1b7b2b7c29ac15" language="English" custom="readingOrder {index:1;}">
                    <Coords points="498,3016 634,3016 634,3076 498,3076"/>
                    <TextEquiv>
                        <Unicode>quod</Unicode>
                    </TextEquiv>
                    <TextStyle fontFamily="Times New Roman" fontSize="10.5"/>
                </Word>
                <Word id="w_w2aab1b7b2b7c29ac25" language="English" custom="readingOrder {index:2;}">
                    <Coords points="670,3014 714,3014 714,3060 670,3060"/>
                    <TextEquiv>
                        <Unicode>si</Unicode>
                    </TextEquiv>
                    <TextStyle fontFamily="Times New Roman" fontSize="10.5"/>
                </Word>
                <Word id="w_w2aab1b7b2b7c29ac31" language="English" custom="readingOrder {index:3;}">
                    <Coords points="755,3015 933,3015 933,3073 755,3073"/>
                    <TextEquiv>
                        <Unicode>posset</Unicode>
                    </TextEquiv>
                    <TextStyle fontFamily="Times New Roman" fontSize="10.5"/>
                </Word>
                <Word id="w_w2aab1b7b2b7c29ac45" language="English" custom="readingOrder {index:4;}">
                    <Coords points="974,3011 1033,3011 1033,3057 974,3057"/>
                    <TextEquiv>
                        <Unicode>de</Unicode>
                    </TextEquiv>
                    <TextStyle fontFamily="Times New Roman" fontSize="10.5"/>
                </Word>
                <Word id="w_w2aab1b7b2b7c29ac51" language="English" custom="readingOrder {index:5;}">
                    <Coords points="1065,3008 1302,3008 1302,3070 1065,3070"/>
                    <TextEquiv>
                        <Unicode>potentia</Unicode>
                    </TextEquiv>
                    <TextStyle fontFamily="Times New Roman" fontSize="10.5"/>
                </Word>
                <TextEquiv>
                    <Unicode>detur, quod si posset de potentia</Unicode>
                </TextEquiv>
                <TextStyle fontFamily="Times New Roman" fontSize="10.5"/>
            </TextLine>
            <TextLine id="tl_45" primaryLanguage="English" custom="readingOrder {index:15;}">
                <Coords points="288,3084 1301,3084 1301,3151 288,3151"/>
                <Baseline points="288,3142 548,3144 745,3135 1052,3132 1148,3133 1301,3116"/>
                <Word id="w_w2aab1b7b2b7c31ab1" language="English" custom="readingOrder {index:0;}">
                    <Coords points="288,3095 548,3095 548,3144 288,3144"/>
                    <TextEquiv>
                        <Unicode>absoluta,</Unicode>
                    </TextEquiv>
                    <TextStyle fontFamily="Times New Roman" fontSize="10.5"/>
                </Word>
                <Word id="w_w2aab1b7b2b7c31ac21" language="English" custom="readingOrder {index:1;}">
                    <Coords points="568,3095 745,3095 745,3139 568,3139"/>
                    <TextEquiv>
                        <Unicode>tamen</Unicode>
                    </TextEquiv>
                    <TextStyle fontFamily="Times New Roman" fontSize="10.5"/>
                </Word>
                <Word id="w_w2aab1b7b2b7c31ac33" language="English" custom="readingOrder {index:2;}">
                    <Coords points="766,3086 1052,3086 1052,3148 766,3148"/>
                    <TextEquiv>
                        <Unicode>perfectius</Unicode>
                    </TextEquiv>
                    <TextStyle fontFamily="Times New Roman" fontSize="10.5"/>
                </Word>
                <Word id="w_w2aab1b7b2b7c31ac55" language="English" custom="readingOrder {index:3;}">
                    <Coords points="1068,3088 1148,3088 1148,3133 1068,3133"/>
                    <TextEquiv>
                        <Unicode>est</Unicode>
                    </TextEquiv>
                    <TextStyle fontFamily="Times New Roman" fontSize="10.5"/>
                </Word>
                <Word id="w_w2aab1b7b2b7c31ac63" language="English" custom="readingOrder {index:4;}">
                    <Coords points="1165,3099 1301,3099 1301,3133 1165,3133"/>
                    <TextEquiv>
                        <Unicode>com¬</Unicode>
                    </TextEquiv>
                    <TextStyle fontFamily="Times New Roman" fontSize="10.5"/>
                </Word>
                <TextEquiv>
                    <Unicode>absoluta, tamen perfectius est com¬</Unicode>
                </TextEquiv>
                <TextStyle fontFamily="Times New Roman" fontSize="10.5"/>
            </TextLine>
            <TextLine id="tl_46" primaryLanguage="English" custom="readingOrder {index:16;}">
                <Coords points="293,3159 1304,3159 1304,3225 293,3225"/>
                <Baseline points="294,3218 566,3213 808,3210 1082,3208 1304,3192"/>
                <Word id="w_w2aab1b7b2b7c33ab1" language="English" custom="readingOrder {index:0;}">
                    <Coords points="294,3171 566,3171 566,3218 294,3218"/>
                    <TextEquiv>
                        <Unicode>municare</Unicode>
                    </TextEquiv>
                    <TextStyle fontFamily="Times New Roman" fontSize="10.5"/>
                </Word>
                <Word id="w_w2aab1b7b2b7c33ac19" language="English" custom="readingOrder {index:1;}">
                    <Coords points="605,3165 808,3165 808,3213 605,3213"/>
                    <TextEquiv>
                        <Unicode>homini</Unicode>
                    </TextEquiv>
                    <TextStyle fontFamily="Times New Roman" fontSize="10.5"/>
                </Word>
                <Word id="w_w2aab1b7b2b7c33ac33" language="English" custom="readingOrder {index:2;}">
                    <Coords points="848,3164 1082,3164 1082,3221 848,3221"/>
                    <TextEquiv>
                        <Unicode>aliquam</Unicode>
                    </TextEquiv>
                    <TextStyle fontFamily="Times New Roman" fontSize="10.5"/>
                </Word>
                <Word id="w_w2aab1b7b2b7c33ac49" language="English" custom="readingOrder {index:3;}">
                    <Coords points="1122,3159 1304,3159 1304,3209 1122,3209"/>
                    <TextEquiv>
                        <Unicode>activi¬</Unicode>
                    </TextEquiv>
                    <TextStyle fontFamily="Times New Roman" fontSize="10.5"/>
                </Word>
                <TextEquiv>
                    <Unicode>municare homini aliquam activi¬</Unicode>
                </TextEquiv>
                <TextStyle fontFamily="Times New Roman" fontSize="10.5"/>
            </TextLine>
            <TextLine id="tl_47" primaryLanguage="English" custom="readingOrder {index:17;}">
                <Coords points="287,3236 1303,3236 1303,3304 287,3304"/>
                <Baseline points="287,3295 455,3293 764,3286 918,3285 1303,3281"/>
                <Word id="w_w2aab1b7b2b7c35ab1" language="English" custom="readingOrder {index:0;}">
                    <Coords points="287,3250 455,3250 455,3296 287,3296"/>
                    <TextEquiv>
                        <Unicode>tatem</Unicode>
                    </TextEquiv>
                    <TextStyle fontFamily="Times New Roman" fontSize="10.5"/>
                </Word>
                <Word id="w_w2aab1b7b2b7c35ac13" language="English" custom="readingOrder {index:1;}">
                    <Coords points="523,3245 764,3245 764,3302 523,3302"/>
                    <TextEquiv>
                        <Unicode>respectu</Unicode>
                    </TextEquiv>
                    <TextStyle fontFamily="Times New Roman" fontSize="10.5"/>
                </Word>
                <Word id="w_w2aab1b7b2b7c35ac31" language="English" custom="readingOrder {index:2;}">
                    <Coords points="811,3254 918,3254 918,3285 811,3285"/>
                    <TextEquiv>
                        <Unicode>suae</Unicode>
                    </TextEquiv>
                    <TextStyle fontFamily="Times New Roman" fontSize="10.5"/>
                </Word>
                <Word id="w_w2aab1b7b2b7c35ac41" language="English" custom="readingOrder {index:3;}">
                    <Coords points="960,3236 1303,3236 1303,3297 960,3297"/>
                    <TextEquiv>
                        <Unicode>perfectionis</Unicode>
                    </TextEquiv>
                    <TextStyle fontFamily="Times New Roman" fontSize="10.5"/>
                </Word>
                <TextEquiv>
                    <Unicode>tatem respectu suae perfectionis</Unicode>
                </TextEquiv>
                <TextStyle fontFamily="Times New Roman" fontSize="10.5"/>
            </TextLine>
            <TextLine id="tl_48" primaryLanguage="English" custom="readingOrder {index:18;}">
                <Coords points="289,3313 1305,3313 1305,3382 289,3382"/>
                <Baseline points="289,3371 666,3364 852,3362 989,3359 1305,3345"/>
                <Word id="w_w2aab1b7b2b7c37ab1" language="English" custom="readingOrder {index:0;}">
                    <Coords points="289,3319 666,3319 666,3381 289,3381"/>
                    <TextEquiv>
                        <Unicode>consequendae</Unicode>
                    </TextEquiv>
                    <TextStyle fontFamily="Times New Roman" fontSize="10.5"/>
                </Word>
                <Word id="w_w2aab1b7b2b7c37ac27" language="English" custom="readingOrder {index:1;}">
                    <Coords points="694,3330 852,3330 852,3377 694,3377"/>
                    <TextEquiv>
                        <Unicode>quam</Unicode>
                    </TextEquiv>
                    <TextStyle fontFamily="Times New Roman" fontSize="10.5"/>
                </Word>
                <Word id="w_w2aab1b7b2b7c37ac37" language="English" custom="readingOrder {index:2;}">
                    <Coords points="884,3329 989,3329 989,3361 884,3361"/>
                    <TextEquiv>
                        <Unicode>non</Unicode>
                    </TextEquiv>
                    <TextStyle fontFamily="Times New Roman" fontSize="10.5"/>
                </Word>
                <Word id="w_w2aab1b7b2b7c37ac45" language="English" custom="readingOrder {index:3;}">
                    <Coords points="1016,3313 1305,3313 1305,3360 1016,3360"/>
                    <TextEquiv>
                        <Unicode>communi¬</Unicode>
                    </TextEquiv>
                    <TextStyle fontFamily="Times New Roman" fontSize="10.5"/>
                </Word>
                <TextEquiv>
                    <Unicode>consequendae quam non communi¬</Unicode>
                </TextEquiv>
                <TextStyle fontFamily="Times New Roman" fontSize="10.5"/>
            </TextLine>
            <TextLine id="tl_49" primaryLanguage="English" custom="readingOrder {index:19;}">
                <Coords points="290,3387 1305,3387 1305,3446 290,3446"/>
                <Baseline points="290,3446 430,3441 662,3440 879,3435 1076,3434 1305,3433"/>
                <Word id="w_w2aab1b7b2b7c39ab1" language="English" custom="readingOrder {index:0;}">
                    <Coords points="290,3412 430,3412 430,3446 290,3446"/>
                    <TextEquiv>
                        <Unicode>care.</Unicode>
                    </TextEquiv>
                    <TextStyle fontFamily="Times New Roman" fontSize="10.5"/>
                </Word>
                <Word id="w_w2aab1b7b2b7c39ac13" language="English" custom="readingOrder {index:1;}">
                    <Coords points="480,3396 662,3396 662,3442 480,3442"/>
                    <TextEquiv>
                        <Unicode>Potest</Unicode>
                    </TextEquiv>
                    <TextStyle fontFamily="Times New Roman" fontSize="10.5"/>
                </Word>
                <Word id="w_w2aab1b7b2b7c39ac27" language="English" custom="readingOrder {index:2;}">
                    <Coords points="702,3393 879,3393 879,3438 702,3438"/>
                    <TextEquiv>
                        <Unicode>autem</Unicode>
                    </TextEquiv>
                    <TextStyle fontFamily="Times New Roman" fontSize="10.5"/>
                </Word>
                <Word id="w_w2aab1b7b2b7c39ac39" language="English" custom="readingOrder {index:3;}">
                    <Coords points="919,3389 1076,3389 1076,3434 919,3434"/>
                    <TextEquiv>
                        <Unicode>homo</Unicode>
                    </TextEquiv>
                    <TextStyle fontFamily="Times New Roman" fontSize="10.5"/>
                </Word>
                <Word id="w_w2aab1b7b2b7c39ac49" language="English" custom="readingOrder {index:4;}">
                    <Coords points="1113,3388 1305,3388 1305,3434 1113,3434"/>
                    <TextEquiv>
                        <Unicode>habere</Unicode>
                    </TextEquiv>
                    <TextStyle fontFamily="Times New Roman" fontSize="10.5"/>
                </Word>
                <TextEquiv>
                    <Unicode>care. Potest autem homo habere</Unicode>
                </TextEquiv>
                <TextStyle fontFamily="Times New Roman" fontSize="10.5"/>
            </TextLine>
            <TextLine id="tl_50" primaryLanguage="English" custom="readingOrder {index:20;}">
                <Coords points="292,3463 1306,3463 1306,3528 292,3528"/>
                <Baseline points="292,3521 627,3516 892,3510 1161,3507 1305,3507"/>
                <Word id="w_w2aab1b7b2b7c41ab1" language="English" custom="readingOrder {index:0;}">
                    <Coords points="292,3472 627,3472 627,3521 292,3521"/>
                    <TextEquiv>
                        <Unicode>activitatem</Unicode>
                    </TextEquiv>
                    <TextStyle fontFamily="Times New Roman" fontSize="10.5"/>
                </Word>
                <Word id="w_w2aab1b7b2b7c41ac25" language="English" custom="readingOrder {index:1;}">
                    <Coords points="661,3467 892,3467 892,3526 661,3526"/>
                    <TextEquiv>
                        <Unicode>aliquam</Unicode>
                    </TextEquiv>
                    <TextStyle fontFamily="Times New Roman" fontSize="10.5"/>
                </Word>
                <Word id="w_w2aab1b7b2b7c41ac41" language="English" custom="readingOrder {index:2;}">
                    <Coords points="921,3465 1161,3465 1161,3522 921,3522"/>
                    <TextEquiv>
                        <Unicode>respectu</Unicode>
                    </TextEquiv>
                    <TextStyle fontFamily="Times New Roman" fontSize="10.5"/>
                </Word>
                <Word id="w_w2aab1b7b2b7c41ac59" language="English" custom="readingOrder {index:3;}">
                    <Coords points="1199,3476 1305,3476 1305,3508 1199,3508"/>
                    <TextEquiv>
                        <Unicode>suae</Unicode>
                    </TextEquiv>
                    <TextStyle fontFamily="Times New Roman" fontSize="10.5"/>
                </Word>
                <TextEquiv>
                    <Unicode>activitatem aliquam respectu suae</Unicode>
                </TextEquiv>
                <TextStyle fontFamily="Times New Roman" fontSize="10.5"/>
            </TextLine>
            <TextLine id="tl_51" primaryLanguage="English" custom="readingOrder {index:21;}">
                <Coords points="294,3537 1306,3537 1306,3610 294,3610"/>
                <Baseline points="294,3610 635,3589 849,3592 1002,3584 1306,3583"/>
                <Word id="w_w2aab1b7b2b7c43ab1" language="English" custom="readingOrder {index:0;}">
                    <Coords points="294,3545 635,3545 635,3610 294,3610"/>
                    <TextEquiv>
                        <Unicode>perfectionis</Unicode>
                    </TextEquiv>
                    <TextStyle fontFamily="Times New Roman" fontSize="10.5"/>
                </Word>
                <Word id="w_w2aab1b7b2b7c43ac27" language="English" custom="readingOrder {index:1;}">
                    <Coords points="654,3541 849,3541 849,3592 654,3592"/>
                    <TextEquiv>
                        <Unicode>finalis;</Unicode>
                    </TextEquiv>
                    <TextStyle fontFamily="Times New Roman" fontSize="10.5"/>
                </Word>
                <Word id="w_w2aab1b7b2b7c43ac45" language="English" custom="readingOrder {index:2;}">
                    <Coords points="874,3551 1002,3551 1002,3597 874,3597"/>
                    <TextEquiv>
                        <Unicode>ergo</Unicode>
                    </TextEquiv>
                    <TextStyle fontFamily="Times New Roman" fontSize="10.5"/>
                </Word>
                <Word id="w_w2aab1b7b2b7c43ac55" language="English" custom="readingOrder {index:3;}">
                    <Coords points="1024,3538 1306,3538 1306,3597 1024,3597"/>
                    <TextEquiv>
                        <Unicode>perfectius</Unicode>
                    </TextEquiv>
                    <TextStyle fontFamily="Times New Roman" fontSize="10.5"/>
                </Word>
                <TextEquiv>
                    <Unicode>perfectionis finalis; ergo perfectius</Unicode>
                </TextEquiv>
                <TextStyle fontFamily="Times New Roman" fontSize="10.5"/>
            </TextLine>
            <TextLine id="tl_52" primaryLanguage="English" custom="readingOrder {index:22;}">
                <Coords points="294,3612 1309,3612 1309,3683 294,3683"/>
                <Baseline points="294,3673 374,3672 546,3668 672,3665 1140,3666 1309,3658"/>
                <Word id="w_w2aab1b7b2b7c45ab1" language="English" custom="readingOrder {index:0;}">
                    <Coords points="294,3628 374,3628 374,3673 294,3673"/>
                    <TextEquiv>
                        <Unicode>est</Unicode>
                    </TextEquiv>
                    <TextStyle fontFamily="Times New Roman" fontSize="10.5"/>
                </Word>
                <Word id="w_w2aab1b7b2b7c45ab9" language="English" custom="readingOrder {index:1;}">
                    <Coords points="412,3622 546,3622 546,3683 412,3683"/>
                    <TextEquiv>
                        <Unicode>quod</Unicode>
                    </TextEquiv>
                    <TextStyle fontFamily="Times New Roman" fontSize="10.5"/>
                </Word>
                <Word id="w_w2aab1b7b2b7c45ac19" language="English" custom="readingOrder {index:2;}">
                    <Coords points="575,3619 672,3619 672,3667 575,3667"/>
                    <TextEquiv>
                        <Unicode>sibi</Unicode>
                    </TextEquiv>
                    <TextStyle fontFamily="Times New Roman" fontSize="10.5"/>
                </Word>
                <Word id="w_w2aab1b7b2b7c45ac29" language="English" custom="readingOrder {index:3;}">
                    <Coords points="701,3614 1140,3614 1140,3666 701,3666"/>
                    <TextEquiv>
                        <Unicode>communicetur,</Unicode>
                    </TextEquiv>
                    <TextStyle fontFamily="Times New Roman" fontSize="10.5"/>
                </Word>
                <Word id="w_w2aab1b7b2b7c45ac57" language="English" custom="readingOrder {index:4;}">
                    <Coords points="1174,3612 1309,3612 1309,3672 1174,3672"/>
                    <TextEquiv>
                        <Unicode>quod</Unicode>
                    </TextEquiv>
                    <TextStyle fontFamily="Times New Roman" fontSize="10.5"/>
                </Word>
                <TextEquiv>
                    <Unicode>est quod sibi communicetur, quod</Unicode>
                </TextEquiv>
                <TextStyle fontFamily="Times New Roman" fontSize="10.5"/>
            </TextLine>
            <TextEquiv>
                <Unicode>Quarto (r) principaliter arguitur
sic : Ordinatum ad aliquem finem,
ad quem est ex se indispositum,
necesse est paulatim promoveri ad
dispositionem respectu illius finis,
sed homo ordinatur ad finem su-
pernaturalem, ad quem ex se est
indispositus; ergo indiget paulatim
disponi ad habendum illum finem,
hoc autem fit per cognitionem ali¬
quam supernaturalem; ergo, etc.
Si instetur, quod agens perfectum
potest statim removere imperfe¬
ctionem et statim agere? Respon¬
detur, quod si posset de potentia
absoluta, tamen perfectius est com¬
municare homini aliquam activi¬
tatem respectu suae perfectionis
consequendae quam non communi¬
care. Potest autem homo habere
activitatem aliquam respectu suae
perfectionis finalis; ergo perfectius
est quod sibi communicetur, quod</Unicode>
            </TextEquiv>
        </TextRegion>
        <TextRegion type="paragraph" id="r_5_1" custom="readingOrder {index:4;}">
            <Coords points="1359,336 2369,336 2369,616 1359,616"/>
            <TextLine id="tl_53" primaryLanguage="English" custom="readingOrder {index:0;}">
                <Coords points="1360,337 2366,337 2366,402 1360,402"/>
                <Baseline points="1360,386 1462,385 1671,386 1814,386 1952,385 2158,384 2366,370"/>
                <Word id="w_w2aab1b9b2b1b1ab1" language="English" custom="readingOrder {index:0;}">
                    <Coords points="1360,354 1462,354 1462,386 1360,386"/>
                    <TextEquiv>
                        <Unicode>non</Unicode>
                    </TextEquiv>
                    <TextStyle fontFamily="Times New Roman" fontSize="10.5"/>
                </Word>
                <Word id="w_w2aab1b9b2b1b1ab9" language="English" custom="readingOrder {index:1;}">
                    <Coords points="1499,343 1671,343 1671,400 1499,400"/>
                    <TextEquiv>
                        <Unicode>potest</Unicode>
                    </TextEquiv>
                    <TextStyle fontFamily="Times New Roman" fontSize="10.5"/>
                </Word>
                <Word id="w_w2aab1b9b2b1b1ac23" language="English" custom="readingOrder {index:2;}">
                    <Coords points="1698,340 1814,340 1814,387 1698,387"/>
                    <TextEquiv>
                        <Unicode>fieri</Unicode>
                    </TextEquiv>
                    <TextStyle fontFamily="Times New Roman" fontSize="10.5"/>
                </Word>
                <Word id="w_w2aab1b9b2b1b1ac35" language="English" custom="readingOrder {index:3;}">
                    <Coords points="1843,340 1952,340 1952,386 1843,386"/>
                    <TextEquiv>
                        <Unicode>sine</Unicode>
                    </TextEquiv>
                    <TextStyle fontFamily="Times New Roman" fontSize="10.5"/>
                </Word>
                <Word id="w_w2aab1b9b2b1b1ac45" language="English" custom="readingOrder {index:4;}">
                    <Coords points="1982,339 2158,339 2158,397 1982,397"/>
                    <TextEquiv>
                        <Unicode>aliqua</Unicode>
                    </TextEquiv>
                    <TextStyle fontFamily="Times New Roman" fontSize="10.5"/>
                </Word>
                <Word id="w_w2aab1b9b2b1b1ac59" language="English" custom="readingOrder {index:5;}">
                    <Coords points="2192,338 2366,338 2366,397 2192,397"/>
                    <TextEquiv>
                        <Unicode>cogni¬</Unicode>
                    </TextEquiv>
                    <TextStyle fontFamily="Times New Roman" fontSize="10.5"/>
                </Word>
                <TextEquiv>
                    <Unicode>non potest fieri sine aliqua cogni¬</Unicode>
                </TextEquiv>
                <TextStyle fontFamily="Times New Roman" fontSize="10.5"/>
            </TextLine>
            <TextLine id="tl_54" primaryLanguage="English" custom="readingOrder {index:1;}">
                <Coords points="1360,411 2365,411 2365,480 1360,480"/>
                <Baseline points="1360,461 1502,462 1832,462 2182,461 2364,460"/>
                <Word id="w_w2aab1b9b2b1b3ab1" language="English" custom="readingOrder {index:0;}">
                    <Coords points="1360,417 1502,417 1502,462 1360,462"/>
                    <TextEquiv>
                        <Unicode>tione</Unicode>
                    </TextEquiv>
                    <TextStyle fontFamily="Times New Roman" fontSize="10.5"/>
                </Word>
                <Word id="w_w2aab1b9b2b1b3ac13" language="English" custom="readingOrder {index:1;}">
                    <Coords points="1526,417 1832,417 1832,476 1526,476"/>
                    <TextEquiv>
                        <Unicode>imperfecta</Unicode>
                    </TextEquiv>
                    <TextStyle fontFamily="Times New Roman" fontSize="10.5"/>
                </Word>
                <Word id="w_w2aab1b9b2b1b3ac35" language="English" custom="readingOrder {index:2;}">
                    <Coords points="1861,418 2182,418 2182,477 1861,477"/>
                    <TextEquiv>
                        <Unicode>praecedente</Unicode>
                    </TextEquiv>
                    <TextStyle fontFamily="Times New Roman" fontSize="10.5"/>
                </Word>
                <Word id="w_w2aab1b9b2b1b3ac59" language="English" custom="readingOrder {index:3;}">
                    <Coords points="2206,415 2364,415 2364,462 2206,462"/>
                    <TextEquiv>
                        <Unicode>istam</Unicode>
                    </TextEquiv>
                    <TextStyle fontFamily="Times New Roman" fontSize="10.5"/>
                </Word>
                <TextEquiv>
                    <Unicode>tione imperfecta praecedente istam</Unicode>
                </TextEquiv>
                <TextStyle fontFamily="Times New Roman" fontSize="10.5"/>
            </TextLine>
            <TextLine id="tl_55" primaryLanguage="English" custom="readingOrder {index:2;}">
                <Coords points="1362,485 2368,485 2368,555 1362,555"/>
                <Baseline points="1362,552 1666,546 1752,539 1931,539 2232,537 2368,524"/>
                <Word id="w_w2aab1b9b2b1b5ab1" language="English" custom="readingOrder {index:0;}">
                    <Coords points="1362,490 1666,490 1666,552 1362,552"/>
                    <TextEquiv>
                        <Unicode>perfectam,</Unicode>
                    </TextEquiv>
                    <TextStyle fontFamily="Times New Roman" fontSize="10.5"/>
                </Word>
                <Word id="w_w2aab1b9b2b1b5ac23" language="English" custom="readingOrder {index:1;}">
                    <Coords points="1693,494 1752,494 1752,540 1693,540"/>
                    <TextEquiv>
                        <Unicode>ad</Unicode>
                    </TextEquiv>
                    <TextStyle fontFamily="Times New Roman" fontSize="10.5"/>
                </Word>
                <Word id="w_w2aab1b9b2b1b5ac29" language="English" custom="readingOrder {index:2;}">
                    <Coords points="1776,506 1931,506 1931,552 1776,552"/>
                    <TextEquiv>
                        <Unicode>quam</Unicode>
                    </TextEquiv>
                    <TextStyle fontFamily="Times New Roman" fontSize="10.5"/>
                </Word>
                <Word id="w_w2aab1b9b2b1b5ac39" language="English" custom="readingOrder {index:3;}">
                    <Coords points="1955,493 2232,493 2232,539 1955,539"/>
                    <TextEquiv>
                        <Unicode>ordinatur</Unicode>
                    </TextEquiv>
                    <TextStyle fontFamily="Times New Roman" fontSize="10.5"/>
                </Word>
                <Word id="w_w2aab1b9b2b1b5ac59" language="English" custom="readingOrder {index:4;}">
                    <Coords points="2247,491 2368,491 2368,537 2247,537"/>
                    <TextEquiv>
                        <Unicode>fina-</Unicode>
                    </TextEquiv>
                    <TextStyle fontFamily="Times New Roman" fontSize="10.5"/>
                </Word>
                <TextEquiv>
                    <Unicode>perfectam, ad quam ordinatur fina-</Unicode>
                </TextEquiv>
                <TextStyle fontFamily="Times New Roman" fontSize="10.5"/>
            </TextLine>
            <TextLine id="tl_56" primaryLanguage="English" custom="readingOrder {index:3;}">
                <Coords points="1361,567 1500,567 1500,615 1361,615"/>
                <Baseline points="1361,613 1500,612"/>
                <Word id="w_w2aab1b9b2b1b7ab1" language="English" custom="readingOrder {index:0;}">
                    <Coords points="1361,568 1500,568 1500,614 1361,614"/>
                    <TextEquiv>
                        <Unicode>liter.</Unicode>
                    </TextEquiv>
                    <TextStyle fontFamily="Times New Roman" fontSize="10.5"/>
                </Word>
                <TextEquiv>
                    <Unicode>liter.</Unicode>
                </TextEquiv>
                <TextStyle fontFamily="Times New Roman" fontSize="10.5"/>
            </TextLine>
            <TextEquiv>
                <Unicode>non potest fieri sine aliqua cogni¬
tione imperfecta praecedente istam
perfectam, ad quam ordinatur fina-
liter.</Unicode>
            </TextEquiv>
        </TextRegion>
        <TextRegion type="paragraph" id="TextRegion_1607719695114_649" custom="readingOrder {index:5;}">
            <Coords points="1360,718 1417,636 2388,636 2388,1982 1360,1982"/>
            <TextLine id="line_1607719695265_652" primaryLanguage="English" custom="readingOrder {index:0;}">
                <Coords points="1418,637 2388,637 2388,704 1418,704"/>
                <Baseline points="1418,697 1610,691 1732,697 2021,688 2127,690 2175,688 2301,690 2388,681"/>
                <Word id="w_w2aab1b9b2b3b1ab1" language="English" custom="readingOrder {index:0;}">
                    <Coords points="1418,643 1610,643 1610,697 1418,697"/>
                    <TextEquiv>
                        <Unicode>Quinto</Unicode>
                    </TextEquiv>
                    <TextStyle fontFamily="Times New Roman" fontSize="10.5"/>
                </Word>
                <Word id="w_w2aab1b9b2b3b1ac15" language="English" custom="readingOrder {index:1;}">
                    <Coords points="1657,646 1732,646 1732,702 1657,702"/>
                    <TextEquiv>
                        <Unicode>(s),</Unicode>
                    </TextEquiv>
                    <TextStyle fontFamily="Times New Roman" fontSize="10.5"/>
                </Word>
                <Word id="w_w2aab1b9b2b3b1ac25" language="English" custom="readingOrder {index:2;}">
                    <Coords points="1774,644 2021,644 2021,701 1774,701"/>
                    <TextEquiv>
                        <Unicode>arguitur</Unicode>
                    </TextEquiv>
                    <TextStyle fontFamily="Times New Roman" fontSize="10.5"/>
                </Word>
                <Word id="w_w2aab1b9b2b3b1ac43" language="English" custom="readingOrder {index:3;}">
                    <Coords points="2053,645 2127,645 2127,690 2053,690"/>
                    <TextEquiv>
                        <Unicode>sic</Unicode>
                    </TextEquiv>
                    <TextStyle fontFamily="Times New Roman" fontSize="10.5"/>
                </Word>
                <Word id="w_w2aab1b9b2b3b1ac51" language="English" custom="readingOrder {index:4;}">
                    <Coords points="2165,659 2175,659 2175,688 2165,688"/>
                    <TextEquiv>
                        <Unicode>:</Unicode>
                    </TextEquiv>
                    <TextStyle fontFamily="Times New Roman" fontSize="10.5"/>
                </Word>
                <Word id="w_w2aab1b9b2b3b1ac55" language="English" custom="readingOrder {index:5;}">
                    <Coords points="2209,642 2370,642 2370,692 2209,692"/>
                    <TextEquiv>
                        <Unicode>Omne</Unicode>
                    </TextEquiv>
                    <TextStyle fontFamily="Times New Roman" fontSize="10.5"/>
                </Word>
                <TextEquiv>
                    <Unicode>Quinto (s), arguitur sic : Omne 19-</Unicode>
                </TextEquiv>
            </TextLine>
            <TextLine id="line_1607719695268_654" primaryLanguage="English" custom="readingOrder {index:1;}">
                <Coords points="1361,719 2388,719 2388,783 1361,783"/>
                <Baseline points="1361,766 1522,766 1696,766 2073,765 2149,764 2369,765 2388,764"/>
                <Word id="w_w2aab1b9b2b7b1ab1" language="English" custom="readingOrder {index:0;}">
                    <Coords points="1361,732 1522,732 1522,779 1361,779"/>
                    <TextEquiv>
                        <Unicode>agens</Unicode>
                    </TextEquiv>
                    <TextStyle fontFamily="Times New Roman" fontSize="10.5"/>
                </Word>
                <Word id="w_w2aab1b9b2b7b1ac13" language="English" custom="readingOrder {index:1;}">
                    <Coords points="1545,724 1696,724 1696,768 1545,768"/>
                    <TextEquiv>
                        <Unicode>utens</Unicode>
                    </TextEquiv>
                    <TextStyle fontFamily="Times New Roman" fontSize="10.5"/>
                </Word>
                <Word id="w_w2aab1b9b2b7b1ac25" language="English" custom="readingOrder {index:2;}">
                    <Coords points="1720,722 2073,722 2073,766 1720,766"/>
                    <TextEquiv>
                        <Unicode>instrumento</Unicode>
                    </TextEquiv>
                    <TextStyle fontFamily="Times New Roman" fontSize="10.5"/>
                </Word>
                <Word id="w_w2aab1b9b2b7b1ac49" language="English" custom="readingOrder {index:3;}">
                    <Coords points="2098,732 2149,732 2149,765 2098,765"/>
                    <TextEquiv>
                        <Unicode>in</Unicode>
                    </TextEquiv>
                    <TextStyle fontFamily="Times New Roman" fontSize="10.5"/>
                </Word>
                <Word id="w_w2aab1b9b2b7b1ac55" language="English" custom="readingOrder {index:4;}">
                    <Coords points="2172,720 2369,720 2369,778 2172,778"/>
                    <TextEquiv>
                        <Unicode>agendo</Unicode>
                    </TextEquiv>
                    <TextStyle fontFamily="Times New Roman" fontSize="10.5"/>
                </Word>
                <TextEquiv>
                    <Unicode>agens utens instrumento in agendo sum. ma,</Unicode>
                </TextEquiv>
                <TextStyle fontFamily="Times New Roman" fontSize="10.5"/>
            </TextLine>
            <TextLine id="line_1607719695269_656" primaryLanguage="English" custom="readingOrder {index:2;}">
                <Coords points="1361,781 2388,781 2388,868 1361,868"/>
                <Baseline points="1362,843 1465,841 1668,843 1789,841 1934,842 2253,841 2388,856"/>
                <Word id="w_w2aab1b9b2b7b3ab1" language="English" custom="readingOrder {index:0;}">
                    <Coords points="1362,809 1465,809 1465,843 1362,843"/>
                    <TextEquiv>
                        <Unicode>non</Unicode>
                    </TextEquiv>
                    <TextStyle fontFamily="Times New Roman" fontSize="10.5"/>
                </Word>
                <Word id="w_w2aab1b9b2b7b3ab9" language="English" custom="readingOrder {index:1;}">
                    <Coords points="1494,799 1668,799 1668,856 1494,856"/>
                    <TextEquiv>
                        <Unicode>potest</Unicode>
                    </TextEquiv>
                    <TextStyle fontFamily="Times New Roman" fontSize="10.5"/>
                </Word>
                <Word id="w_w2aab1b9b2b7b3ac23" language="English" custom="readingOrder {index:2;}">
                    <Coords points="1697,809 1789,809 1789,856 1697,856"/>
                    <TextEquiv>
                        <Unicode>per</Unicode>
                    </TextEquiv>
                    <TextStyle fontFamily="Times New Roman" fontSize="10.5"/>
                </Word>
                <Word id="w_w2aab1b9b2b7b3ac31" language="English" custom="readingOrder {index:3;}">
                    <Coords points="1811,796 1934,796 1934,842 1811,842"/>
                    <TextEquiv>
                        <Unicode>illud</Unicode>
                    </TextEquiv>
                    <TextStyle fontFamily="Times New Roman" fontSize="10.5"/>
                </Word>
                <Word id="w_w2aab1b9b2b7b3ac43" language="English" custom="readingOrder {index:4;}">
                    <Coords points="1956,796 2368,796 2368,860 1956,860"/>
                    <TextEquiv>
                        <Unicode>instrumentum</Unicode>
                    </TextEquiv>
                    <TextStyle fontFamily="Times New Roman" fontSize="10.5"/>
                </Word>
                <TextEquiv>
                    <Unicode>non potest per illud instrumentum Yar ^\</Unicode>
                </TextEquiv>
            </TextLine>
            <TextLine id="line_1607719695270_658" primaryLanguage="English" custom="readingOrder {index:3;}">
                <Coords points="1364,866 2388,866 2388,936 1364,936"/>
                <Baseline points="1364,918 1415,918 1675,918 1994,924 2136,917 2344,916 2388,914"/>
                <Word id="w_w2aab1b9b2b7b5ab1" language="English" custom="readingOrder {index:0;}">
                    <Coords points="1364,873 1415,873 1415,918 1364,918"/>
                    <TextEquiv>
                        <Unicode>in</Unicode>
                    </TextEquiv>
                    <TextStyle fontFamily="Times New Roman" fontSize="10.5"/>
                </Word>
                <Word id="w_w2aab1b9b2b7b5ab7" language="English" custom="readingOrder {index:1;}">
                    <Coords points="1443,872 1675,872 1675,932 1443,932"/>
                    <TextEquiv>
                        <Unicode>aliquam</Unicode>
                    </TextEquiv>
                    <TextStyle fontFamily="Times New Roman" fontSize="10.5"/>
                </Word>
                <Word id="w_w2aab1b9b2b7b5ac23" language="English" custom="readingOrder {index:2;}">
                    <Coords points="1714,872 1994,872 1994,924 1714,924"/>
                    <TextEquiv>
                        <Unicode>actionem,</Unicode>
                    </TextEquiv>
                    <TextStyle fontFamily="Times New Roman" fontSize="10.5"/>
                </Word>
                <Word id="w_w2aab1b9b2b7b5ac43" language="English" custom="readingOrder {index:3;}">
                    <Coords points="2025,884 2136,884 2136,932 2025,932"/>
                    <TextEquiv>
                        <Unicode>quae</Unicode>
                    </TextEquiv>
                    <TextStyle fontFamily="Times New Roman" fontSize="10.5"/>
                </Word>
                <Word id="w_w2aab1b9b2b7b5ac53" language="English" custom="readingOrder {index:4;}">
                    <Coords points="2168,871 2370,871 2370,918 2168,918"/>
                    <TextEquiv>
                        <Unicode>excedit</Unicode>
                    </TextEquiv>
                    <TextStyle fontFamily="Times New Roman" fontSize="10.5"/>
                </Word>
                <TextEquiv>
                    <Unicode>in aliquam actionem, quae excedit t2-</Unicode>
                </TextEquiv>
            </TextLine>
            <TextLine id="tl_62" primaryLanguage="English" custom="readingOrder {index:4;}">
                <Coords points="1364,944 2372,944 2372,1004 1364,1004"/>
                <Baseline points="1364,994 1614,995 1779,994 2169,999 2372,992"/>
                <Word id="w_w2aab1b9b2b7b7ab1" language="English" custom="readingOrder {index:0;}">
                    <Coords points="1364,952 1614,952 1614,995 1364,995"/>
                    <TextEquiv>
                        <Unicode>naturam</Unicode>
                    </TextEquiv>
                    <TextStyle fontFamily="Times New Roman" fontSize="10.5"/>
                </Word>
                <Word id="w_w2aab1b9b2b7b7ac17" language="English" custom="readingOrder {index:1;}">
                    <Coords points="1638,948 1779,948 1779,994 1638,994"/>
                    <TextEquiv>
                        <Unicode>illius</Unicode>
                    </TextEquiv>
                    <TextStyle fontFamily="Times New Roman" fontSize="10.5"/>
                </Word>
                <Word id="w_w2aab1b9b2b7b7ac31" language="English" custom="readingOrder {index:2;}">
                    <Coords points="1803,947 2169,947 2169,999 1803,999"/>
                    <TextEquiv>
                        <Unicode>instrumenti;</Unicode>
                    </TextEquiv>
                    <TextStyle fontFamily="Times New Roman" fontSize="10.5"/>
                </Word>
                <Word id="w_w2aab1b9b2b7b7ac57" language="English" custom="readingOrder {index:3;}">
                    <Coords points="2197,947 2372,947 2372,993 2197,993"/>
                    <TextEquiv>
                        <Unicode>lumen</Unicode>
                    </TextEquiv>
                    <TextStyle fontFamily="Times New Roman" fontSize="10.5"/>
                </Word>
                <TextEquiv>
                    <Unicode>naturam illius instrumenti; lumen</Unicode>
                </TextEquiv>
                <TextStyle fontFamily="Times New Roman" fontSize="10.5"/>
            </TextLine>
            <TextLine id="tl_63" primaryLanguage="English" custom="readingOrder {index:5;}">
                <Coords points="1367,1019 2372,1019 2372,1085 1367,1085"/>
                <Baseline points="1367,1070 1543,1068 1883,1069 2133,1068 2254,1070 2372,1054"/>
                <Word id="w_w2aab1b9b2b7b9ab1" language="English" custom="readingOrder {index:0;}">
                    <Coords points="1367,1026 1543,1026 1543,1070 1367,1070"/>
                    <TextEquiv>
                        <Unicode>autem</Unicode>
                    </TextEquiv>
                    <TextStyle fontFamily="Times New Roman" fontSize="10.5"/>
                </Word>
                <Word id="w_w2aab1b9b2b7b9ac13" language="English" custom="readingOrder {index:1;}">
                    <Coords points="1586,1023 1883,1023 1883,1070 1586,1070"/>
                    <TextEquiv>
                        <Unicode>intellectus</Unicode>
                    </TextEquiv>
                    <TextStyle fontFamily="Times New Roman" fontSize="10.5"/>
                </Word>
                <Word id="w_w2aab1b9b2b7b9ac37" language="English" custom="readingOrder {index:2;}">
                    <Coords points="1927,1023 2133,1023 2133,1081 1927,1081"/>
                    <TextEquiv>
                        <Unicode>agentis</Unicode>
                    </TextEquiv>
                    <TextStyle fontFamily="Times New Roman" fontSize="10.5"/>
                </Word>
                <Word id="w_w2aab1b9b2b7b9ac53" language="English" custom="readingOrder {index:3;}">
                    <Coords points="2175,1026 2254,1026 2254,1070 2175,1070"/>
                    <TextEquiv>
                        <Unicode>est</Unicode>
                    </TextEquiv>
                    <TextStyle fontFamily="Times New Roman" fontSize="10.5"/>
                </Word>
                <Word id="w_w2aab1b9b2b7b9ac61" language="English" custom="readingOrder {index:4;}">
                    <Coords points="2305,1023 2372,1023 2372,1068 2305,1068"/>
                    <TextEquiv>
                        <Unicode>in¬</Unicode>
                    </TextEquiv>
                    <TextStyle fontFamily="Times New Roman" fontSize="10.5"/>
                </Word>
                <TextEquiv>
                    <Unicode>autem intellectus agentis est in¬</Unicode>
                </TextEquiv>
                <TextStyle fontFamily="Times New Roman" fontSize="10.5"/>
            </TextLine>
            <TextLine id="tl_64" primaryLanguage="English" custom="readingOrder {index:6;}">
                <Coords points="1368,1097 2375,1097 2375,1161 1368,1161"/>
                <Baseline points="1368,1145 1742,1151 1873,1144 2083,1144 2247,1144 2374,1132"/>
                <Word id="w_w2aab1b9b2b7c11ab1" language="English" custom="readingOrder {index:0;}">
                    <Coords points="1368,1102 1742,1102 1742,1151 1368,1151"/>
                    <TextEquiv>
                        <Unicode>strumentum,</Unicode>
                    </TextEquiv>
                    <TextStyle fontFamily="Times New Roman" fontSize="10.5"/>
                </Word>
                <Word id="w_w2aab1b9b2b7c11ac25" language="English" custom="readingOrder {index:1;}">
                    <Coords points="1775,1113 1873,1113 1873,1158 1775,1158"/>
                    <TextEquiv>
                        <Unicode>quo</Unicode>
                    </TextEquiv>
                    <TextStyle fontFamily="Times New Roman" fontSize="10.5"/>
                </Word>
                <Word id="w_w2aab1b9b2b7c11ac33" language="English" custom="readingOrder {index:2;}">
                    <Coords points="1908,1099 2083,1099 2083,1144 1908,1144"/>
                    <TextEquiv>
                        <Unicode>anima</Unicode>
                    </TextEquiv>
                    <TextStyle fontFamily="Times New Roman" fontSize="10.5"/>
                </Word>
                <Word id="w_w2aab1b9b2b7c11ac45" language="English" custom="readingOrder {index:3;}">
                    <Coords points="2112,1111 2247,1111 2247,1144 2112,1144"/>
                    <TextEquiv>
                        <Unicode>nunc</Unicode>
                    </TextEquiv>
                    <TextStyle fontFamily="Times New Roman" fontSize="10.5"/>
                </Word>
                <Word id="w_w2aab1b9b2b7c11ac55" language="English" custom="readingOrder {index:4;}">
                    <Coords points="2278,1098 2374,1098 2374,1145 2278,1145"/>
                    <TextEquiv>
                        <Unicode>uti¬</Unicode>
                    </TextEquiv>
                    <TextStyle fontFamily="Times New Roman" fontSize="10.5"/>
                </Word>
                <TextEquiv>
                    <Unicode>strumentum, quo anima nunc uti¬</Unicode>
                </TextEquiv>
                <TextStyle fontFamily="Times New Roman" fontSize="10.5"/>
            </TextLine>
            <TextLine id="tl_65" primaryLanguage="English" custom="readingOrder {index:7;}">
                <Coords points="1370,1170 2375,1170 2375,1236 1370,1236"/>
                <Baseline points="1370,1222 1457,1220 1536,1220 1898,1220 2272,1227 2375,1208"/>
                <Word id="w_w2aab1b9b2b7c13ab1" language="English" custom="readingOrder {index:0;}">
                    <Coords points="1370,1179 1457,1179 1457,1222 1370,1222"/>
                    <TextEquiv>
                        <Unicode>tur</Unicode>
                    </TextEquiv>
                    <TextStyle fontFamily="Times New Roman" fontSize="10.5"/>
                </Word>
                <Word id="w_w2aab1b9b2b7c13ab9" language="English" custom="readingOrder {index:1;}">
                    <Coords points="1487,1175 1536,1175 1536,1220 1487,1220"/>
                    <TextEquiv>
                        <Unicode>in</Unicode>
                    </TextEquiv>
                    <TextStyle fontFamily="Times New Roman" fontSize="10.5"/>
                </Word>
                <Word id="w_w2aab1b9b2b7c13ac15" language="English" custom="readingOrder {index:2;}">
                    <Coords points="1559,1175 1898,1175 1898,1234 1559,1234"/>
                    <TextEquiv>
                        <Unicode>intelligendo</Unicode>
                    </TextEquiv>
                    <TextStyle fontFamily="Times New Roman" fontSize="10.5"/>
                </Word>
                <Word id="w_w2aab1b9b2b7c13ac41" language="English" custom="readingOrder {index:3;}">
                    <Coords points="1927,1174 2272,1174 2272,1227 1927,1227"/>
                    <TextEquiv>
                        <Unicode>naturaliter;</Unicode>
                    </TextEquiv>
                    <TextStyle fontFamily="Times New Roman" fontSize="10.5"/>
                </Word>
                <Word id="w_w2aab1b9b2b7c13ac67" language="English" custom="readingOrder {index:4;}">
                    <Coords points="2296,1188 2375,1188 2375,1220 2296,1220"/>
                    <TextEquiv>
                        <Unicode>er¬</Unicode>
                    </TextEquiv>
                    <TextStyle fontFamily="Times New Roman" fontSize="10.5"/>
                </Word>
                <TextEquiv>
                    <Unicode>tur in intelligendo naturaliter; er¬</Unicode>
                </TextEquiv>
                <TextStyle fontFamily="Times New Roman" fontSize="10.5"/>
            </TextLine>
            <TextLine id="tl_66" primaryLanguage="English" custom="readingOrder {index:8;}">
                <Coords points="1367,1248 2372,1248 2372,1313 1367,1313"/>
                <Baseline points="1367,1310 1432,1297 1575,1296 1785,1297 1914,1296 2081,1296 2293,1296 2372,1296"/>
                <Word id="w_w2aab1b9b2b7c15ab1" language="English" custom="readingOrder {index:0;}">
                    <Coords points="1367,1264 1432,1264 1432,1310 1367,1310"/>
                    <TextEquiv>
                        <Unicode>go</Unicode>
                    </TextEquiv>
                    <TextStyle fontFamily="Times New Roman" fontSize="10.5"/>
                </Word>
                <Word id="w_w2aab1b9b2b7c15ab7" language="English" custom="readingOrder {index:1;}">
                    <Coords points="1472,1265 1575,1265 1575,1297 1472,1297"/>
                    <TextEquiv>
                        <Unicode>non</Unicode>
                    </TextEquiv>
                    <TextStyle fontFamily="Times New Roman" fontSize="10.5"/>
                </Word>
                <Word id="w_w2aab1b9b2b7c15ac15" language="English" custom="readingOrder {index:2;}">
                    <Coords points="1614,1253 1785,1253 1785,1310 1614,1310"/>
                    <TextEquiv>
                        <Unicode>potest</Unicode>
                    </TextEquiv>
                    <TextStyle fontFamily="Times New Roman" fontSize="10.5"/>
                </Word>
                <Word id="w_w2aab1b9b2b7c15ac29" language="English" custom="readingOrder {index:3;}">
                    <Coords points="1821,1264 1914,1264 1914,1310 1821,1310"/>
                    <TextEquiv>
                        <Unicode>per</Unicode>
                    </TextEquiv>
                    <TextStyle fontFamily="Times New Roman" fontSize="10.5"/>
                </Word>
                <Word id="w_w2aab1b9b2b7c15ac37" language="English" custom="readingOrder {index:4;}">
                    <Coords points="1959,1250 2081,1250 2081,1296 1959,1296"/>
                    <TextEquiv>
                        <Unicode>illud</Unicode>
                    </TextEquiv>
                    <TextStyle fontFamily="Times New Roman" fontSize="10.5"/>
                </Word>
                <Word id="w_w2aab1b9b2b7c15ac49" language="English" custom="readingOrder {index:5;}">
                    <Coords points="2118,1250 2293,1250 2293,1296 2118,1296"/>
                    <TextEquiv>
                        <Unicode>lumen</Unicode>
                    </TextEquiv>
                    <TextStyle fontFamily="Times New Roman" fontSize="10.5"/>
                </Word>
                <Word id="w_w2aab1b9b2b7c15ac61" language="English" custom="readingOrder {index:6;}">
                    <Coords points="2325,1251 2372,1251 2372,1296 2325,1296"/>
                    <TextEquiv>
                        <Unicode>in</Unicode>
                    </TextEquiv>
                    <TextStyle fontFamily="Times New Roman" fontSize="10.5"/>
                </Word>
                <TextEquiv>
                    <Unicode>go non potest per illud lumen in</Unicode>
                </TextEquiv>
                <TextStyle fontFamily="Times New Roman" fontSize="10.5"/>
            </TextLine>
            <TextLine id="tl_67" primaryLanguage="English" custom="readingOrder {index:9;}">
                <Coords points="1368,1320 2374,1320 2374,1389 1368,1389"/>
                <Baseline points="1368,1372 1600,1372 1933,1378 2107,1372 2374,1373"/>
                <Word id="w_w2aab1b9b2b7c17ab1" language="English" custom="readingOrder {index:0;}">
                    <Coords points="1368,1325 1600,1325 1600,1385 1368,1385"/>
                    <TextEquiv>
                        <Unicode>aliquam</Unicode>
                    </TextEquiv>
                    <TextStyle fontFamily="Times New Roman" fontSize="10.5"/>
                </Word>
                <Word id="w_w2aab1b9b2b7c17ac17" language="English" custom="readingOrder {index:1;}">
                    <Coords points="1652,1326 1933,1326 1933,1378 1652,1378"/>
                    <TextEquiv>
                        <Unicode>actionem,</Unicode>
                    </TextEquiv>
                    <TextStyle fontFamily="Times New Roman" fontSize="10.5"/>
                </Word>
                <Word id="w_w2aab1b9b2b7c17ac37" language="English" custom="readingOrder {index:2;}">
                    <Coords points="1996,1339 2107,1339 2107,1385 1996,1385"/>
                    <TextEquiv>
                        <Unicode>quae</Unicode>
                    </TextEquiv>
                    <TextStyle fontFamily="Times New Roman" fontSize="10.5"/>
                </Word>
                <Word id="w_w2aab1b9b2b7c17ac47" language="English" custom="readingOrder {index:3;}">
                    <Coords points="2159,1326 2374,1326 2374,1373 2159,1373"/>
                    <TextEquiv>
                        <Unicode>excedat</Unicode>
                    </TextEquiv>
                    <TextStyle fontFamily="Times New Roman" fontSize="10.5"/>
                </Word>
                <TextEquiv>
                    <Unicode>aliquam actionem, quae excedat</Unicode>
                </TextEquiv>
                <TextStyle fontFamily="Times New Roman" fontSize="10.5"/>
            </TextLine>
            <TextLine id="tl_68" primaryLanguage="English" custom="readingOrder {index:10;}">
                <Coords points="1368,1396 2374,1396 2374,1455 1368,1455"/>
                <Baseline points="1368,1448 1520,1454 1638,1447 1785,1448 1869,1447 1950,1448 2056,1450 2374,1448"/>
                <Word id="w_w2aab1b9b2b7c19ab1" language="English" custom="readingOrder {index:0;}">
                    <Coords points="1368,1402 1520,1402 1520,1454 1368,1454"/>
                    <TextEquiv>
                        <Unicode>illud;</Unicode>
                    </TextEquiv>
                    <TextStyle fontFamily="Times New Roman" fontSize="10.5"/>
                </Word>
                <Word id="w_w2aab1b9b2b7c19ac15" language="English" custom="readingOrder {index:1;}">
                    <Coords points="1553,1401 1638,1401 1638,1448 1553,1448"/>
                    <TextEquiv>
                        <Unicode>sed</Unicode>
                    </TextEquiv>
                    <TextStyle fontFamily="Times New Roman" fontSize="10.5"/>
                </Word>
                <Word id="w_w2aab1b9b2b7c19ac23" language="English" custom="readingOrder {index:2;}">
                    <Coords points="1660,1401 1785,1401 1785,1448 1660,1448"/>
                    <TextEquiv>
                        <Unicode>illud</Unicode>
                    </TextEquiv>
                    <TextStyle fontFamily="Times New Roman" fontSize="10.5"/>
                </Word>
                <Word id="w_w2aab1b9b2b7c19ac35" language="English" custom="readingOrder {index:3;}">
                    <Coords points="1811,1402 1869,1402 1869,1447 1811,1447"/>
                    <TextEquiv>
                        <Unicode>de</Unicode>
                    </TextEquiv>
                    <TextStyle fontFamily="Times New Roman" fontSize="10.5"/>
                </Word>
                <Word id="w_w2aab1b9b2b7c19ac41" language="English" custom="readingOrder {index:4;}">
                    <Coords points="1898,1415 1950,1415 1950,1448 1898,1448"/>
                    <TextEquiv>
                        <Unicode>se</Unicode>
                    </TextEquiv>
                    <TextStyle fontFamily="Times New Roman" fontSize="10.5"/>
                </Word>
                <Word id="w_w2aab1b9b2b7c19ac47" language="English" custom="readingOrder {index:5;}">
                    <Coords points="1977,1407 2056,1407 2056,1450 1977,1450"/>
                    <TextEquiv>
                        <Unicode>est</Unicode>
                    </TextEquiv>
                    <TextStyle fontFamily="Times New Roman" fontSize="10.5"/>
                </Word>
                <Word id="w_w2aab1b9b2b7c19ac55" language="English" custom="readingOrder {index:6;}">
                    <Coords points="2086,1402 2374,1402 2374,1449 2086,1449"/>
                    <TextEquiv>
                        <Unicode>limitatum</Unicode>
                    </TextEquiv>
                    <TextStyle fontFamily="Times New Roman" fontSize="10.5"/>
                </Word>
                <TextEquiv>
                    <Unicode>illud; sed illud de se est limitatum</Unicode>
                </TextEquiv>
                <TextStyle fontFamily="Times New Roman" fontSize="10.5"/>
            </TextLine>
            <TextLine id="tl_69" primaryLanguage="English" custom="readingOrder {index:11;}">
                <Coords points="1367,1472 2374,1472 2374,1541 1367,1541"/>
                <Baseline points="1368,1524 1429,1524 1818,1522 2080,1522 2208,1523 2374,1523"/>
                <Word id="w_w2aab1b9b2b7c21ab1" language="English" custom="readingOrder {index:0;}">
                    <Coords points="1368,1477 1429,1477 1429,1524 1368,1524"/>
                    <TextEquiv>
                        <Unicode>ad</Unicode>
                    </TextEquiv>
                    <TextStyle fontFamily="Times New Roman" fontSize="10.5"/>
                </Word>
                <Word id="w_w2aab1b9b2b7c21ab7" language="English" custom="readingOrder {index:1;}">
                    <Coords points="1460,1477 1818,1477 1818,1536 1460,1536"/>
                    <TextEquiv>
                        <Unicode>cognitionem</Unicode>
                    </TextEquiv>
                    <TextStyle fontFamily="Times New Roman" fontSize="10.5"/>
                </Word>
                <Word id="w_w2aab1b9b2b7c21ac31" language="English" custom="readingOrder {index:2;}">
                    <Coords points="1845,1476 2080,1476 2080,1524 1845,1524"/>
                    <TextEquiv>
                        <Unicode>habitam</Unicode>
                    </TextEquiv>
                    <TextStyle fontFamily="Times New Roman" fontSize="10.5"/>
                </Word>
                <Word id="w_w2aab1b9b2b7c21ac47" language="English" custom="readingOrder {index:3;}">
                    <Coords points="2116,1491 2208,1491 2208,1536 2116,1536"/>
                    <TextEquiv>
                        <Unicode>per</Unicode>
                    </TextEquiv>
                    <TextStyle fontFamily="Times New Roman" fontSize="10.5"/>
                </Word>
                <Word id="w_w2aab1b9b2b7c21ac55" language="English" custom="readingOrder {index:4;}">
                    <Coords points="2236,1477 2374,1477 2374,1523 2236,1523"/>
                    <TextEquiv>
                        <Unicode>viam</Unicode>
                    </TextEquiv>
                    <TextStyle fontFamily="Times New Roman" fontSize="10.5"/>
                </Word>
                <TextEquiv>
                    <Unicode>ad cognitionem habitam per viam</Unicode>
                </TextEquiv>
                <TextStyle fontFamily="Times New Roman" fontSize="10.5"/>
            </TextLine>
            <TextLine id="tl_70" primaryLanguage="English" custom="readingOrder {index:12;}">
                <Coords points="1369,1550 2377,1550 2377,1618 1369,1618"/>
                <Baseline points="1369,1600 1645,1606 1818,1598 2035,1599 2174,1598 2377,1600"/>
                <Word id="w_w2aab1b9b2b7c23ab1" language="English" custom="readingOrder {index:0;}">
                    <Coords points="1369,1567 1645,1567 1645,1606 1369,1606"/>
                    <TextEquiv>
                        <Unicode>sensuum;</Unicode>
                    </TextEquiv>
                    <TextStyle fontFamily="Times New Roman" fontSize="10.5"/>
                </Word>
                <Word id="w_w2aab1b9b2b7c23ac19" language="English" custom="readingOrder {index:1;}">
                    <Coords points="1689,1565 1818,1565 1818,1612 1689,1612"/>
                    <TextEquiv>
                        <Unicode>ergo</Unicode>
                    </TextEquiv>
                    <TextStyle fontFamily="Times New Roman" fontSize="10.5"/>
                </Word>
                <Word id="w_w2aab1b9b2b7c23ac29" language="English" custom="readingOrder {index:2;}">
                    <Coords points="1859,1552 2035,1552 2035,1599 1859,1599"/>
                    <TextEquiv>
                        <Unicode>anima</Unicode>
                    </TextEquiv>
                    <TextStyle fontFamily="Times New Roman" fontSize="10.5"/>
                </Word>
                <Word id="w_w2aab1b9b2b7c23ac41" language="English" custom="readingOrder {index:3;}">
                    <Coords points="2069,1566 2174,1566 2174,1598 2069,1598"/>
                    <TextEquiv>
                        <Unicode>non</Unicode>
                    </TextEquiv>
                    <TextStyle fontFamily="Times New Roman" fontSize="10.5"/>
                </Word>
                <Word id="w_w2aab1b9b2b7c23ac49" language="English" custom="readingOrder {index:4;}">
                    <Coords points="2201,1555 2377,1555 2377,1613 2201,1613"/>
                    <TextEquiv>
                        <Unicode>potest</Unicode>
                    </TextEquiv>
                    <TextStyle fontFamily="Times New Roman" fontSize="10.5"/>
                </Word>
                <TextEquiv>
                    <Unicode>sensuum; ergo anima non potest</Unicode>
                </TextEquiv>
                <TextStyle fontFamily="Times New Roman" fontSize="10.5"/>
            </TextLine>
            <TextLine id="tl_71" primaryLanguage="English" custom="readingOrder {index:13;}">
                <Coords points="1368,1624 2377,1624 2377,1693 1368,1693"/>
                <Baseline points="1368,1676 1420,1674 1673,1674 1986,1681 2130,1673 2262,1673 2377,1661"/>
                <Word id="w_w2aab1b9b2b7c25ab1" language="English" custom="readingOrder {index:0;}">
                    <Coords points="1368,1630 1420,1630 1420,1676 1368,1676"/>
                    <TextEquiv>
                        <Unicode>in</Unicode>
                    </TextEquiv>
                    <TextStyle fontFamily="Times New Roman" fontSize="10.5"/>
                </Word>
                <Word id="w_w2aab1b9b2b7c25ab7" language="English" custom="readingOrder {index:1;}">
                    <Coords points="1442,1629 1673,1629 1673,1689 1442,1689"/>
                    <TextEquiv>
                        <Unicode>aliquam</Unicode>
                    </TextEquiv>
                    <TextStyle fontFamily="Times New Roman" fontSize="10.5"/>
                </Word>
                <Word id="w_w2aab1b9b2b7c25ac23" language="English" custom="readingOrder {index:2;}">
                    <Coords points="1704,1628 1986,1628 1986,1681 1704,1681"/>
                    <TextEquiv>
                        <Unicode>actionem,</Unicode>
                    </TextEquiv>
                    <TextStyle fontFamily="Times New Roman" fontSize="10.5"/>
                </Word>
                <Word id="w_w2aab1b9b2b7c25ac43" language="English" custom="readingOrder {index:3;}">
                    <Coords points="2017,1641 2130,1641 2130,1687 2017,1687"/>
                    <TextEquiv>
                        <Unicode>quae</Unicode>
                    </TextEquiv>
                    <TextStyle fontFamily="Times New Roman" fontSize="10.5"/>
                </Word>
                <Word id="w_w2aab1b9b2b7c25ac53" language="English" custom="readingOrder {index:4;}">
                    <Coords points="2159,1641 2262,1641 2262,1674 2159,1674"/>
                    <TextEquiv>
                        <Unicode>non</Unicode>
                    </TextEquiv>
                    <TextStyle fontFamily="Times New Roman" fontSize="10.5"/>
                </Word>
                <Word id="w_w2aab1b9b2b7c25ac61" language="English" custom="readingOrder {index:5;}">
                    <Coords points="2291,1641 2377,1641 2377,1687 2291,1687"/>
                    <TextEquiv>
                        <Unicode>po¬</Unicode>
                    </TextEquiv>
                    <TextStyle fontFamily="Times New Roman" fontSize="10.5"/>
                </Word>
                <TextEquiv>
                    <Unicode>in aliquam actionem, quae non po¬</Unicode>
                </TextEquiv>
                <TextStyle fontFamily="Times New Roman" fontSize="10.5"/>
            </TextLine>
            <TextLine id="tl_72" primaryLanguage="English" custom="readingOrder {index:14;}">
                <Coords points="1368,1699 2378,1699 2378,1766 1368,1766"/>
                <Baseline points="1368,1752 1473,1752 1696,1750 1829,1749 2009,1750 2250,1749 2378,1752"/>
                <Word id="w_w2aab1b9b2b7c27ab1" language="English" custom="readingOrder {index:0;}">
                    <Coords points="1368,1708 1473,1708 1473,1752 1368,1752"/>
                    <TextEquiv>
                        <Unicode>test</Unicode>
                    </TextEquiv>
                    <TextStyle fontFamily="Times New Roman" fontSize="10.5"/>
                </Word>
                <Word id="w_w2aab1b9b2b7c27ac11" language="English" custom="readingOrder {index:1;}">
                    <Coords points="1513,1704 1696,1704 1696,1751 1513,1751"/>
                    <TextEquiv>
                        <Unicode>haberi</Unicode>
                    </TextEquiv>
                    <TextStyle fontFamily="Times New Roman" fontSize="10.5"/>
                </Word>
                <Word id="w_w2aab1b9b2b7c27ac25" language="English" custom="readingOrder {index:2;}">
                    <Coords points="1737,1718 1829,1718 1829,1764 1737,1764"/>
                    <TextEquiv>
                        <Unicode>per</Unicode>
                    </TextEquiv>
                    <TextStyle fontFamily="Times New Roman" fontSize="10.5"/>
                </Word>
                <Word id="w_w2aab1b9b2b7c27ac33" language="English" custom="readingOrder {index:3;}">
                    <Coords points="1868,1704 2009,1704 2009,1751 1868,1751"/>
                    <TextEquiv>
                        <Unicode>viam</Unicode>
                    </TextEquiv>
                    <TextStyle fontFamily="Times New Roman" fontSize="10.5"/>
                </Word>
                <Word id="w_w2aab1b9b2b7c27ac43" language="English" custom="readingOrder {index:4;}">
                    <Coords points="2050,1718 2250,1718 2250,1751 2050,1751"/>
                    <TextEquiv>
                        <Unicode>sensus.</Unicode>
                    </TextEquiv>
                    <TextStyle fontFamily="Times New Roman" fontSize="10.5"/>
                </Word>
                <Word id="w_w2aab1b9b2b7c27ac59" language="English" custom="readingOrder {index:5;}">
                    <Coords points="2283,1706 2378,1706 2378,1752 2283,1752"/>
                    <TextEquiv>
                        <Unicode>Sed</Unicode>
                    </TextEquiv>
                    <TextStyle fontFamily="Times New Roman" fontSize="10.5"/>
                </Word>
                <TextEquiv>
                    <Unicode>test haberi per viam sensus. Sed</Unicode>
                </TextEquiv>
                <TextStyle fontFamily="Times New Roman" fontSize="10.5"/>
            </TextLine>
            <TextLine id="tl_73" primaryLanguage="English" custom="readingOrder {index:15;}">
                <Coords points="1370,1777 2378,1777 2378,1844 1370,1844"/>
                <Baseline points="1370,1827 1665,1827 1955,1827 2248,1827 2378,1829"/>
                <Word id="w_w2aab1b9b2b7c29ab1" language="English" custom="readingOrder {index:0;}">
                    <Coords points="1370,1782 1665,1782 1665,1829 1370,1829"/>
                    <TextEquiv>
                        <Unicode>multorum</Unicode>
                    </TextEquiv>
                    <TextStyle fontFamily="Times New Roman" fontSize="10.5"/>
                </Word>
                <Word id="w_w2aab1b9b2b7c29ac19" language="English" custom="readingOrder {index:1;}">
                    <Coords points="1724,1781 1955,1781 1955,1828 1724,1828"/>
                    <TextEquiv>
                        <Unicode>aliorum</Unicode>
                    </TextEquiv>
                    <TextStyle fontFamily="Times New Roman" fontSize="10.5"/>
                </Word>
                <Word id="w_w2aab1b9b2b7c29ac35" language="English" custom="readingOrder {index:2;}">
                    <Coords points="2010,1781 2248,1781 2248,1840 2010,1840"/>
                    <TextEquiv>
                        <Unicode>cognitio</Unicode>
                    </TextEquiv>
                    <TextStyle fontFamily="Times New Roman" fontSize="10.5"/>
                </Word>
                <Word id="w_w2aab1b9b2b7c29ac53" language="English" custom="readingOrder {index:3;}">
                    <Coords points="2297,1784 2378,1784 2378,1829 2297,1829"/>
                    <TextEquiv>
                        <Unicode>est</Unicode>
                    </TextEquiv>
                    <TextStyle fontFamily="Times New Roman" fontSize="10.5"/>
                </Word>
                <TextEquiv>
                    <Unicode>multorum aliorum cognitio est</Unicode>
                </TextEquiv>
                <TextStyle fontFamily="Times New Roman" fontSize="10.5"/>
            </TextLine>
            <TextLine id="tl_74" primaryLanguage="English" custom="readingOrder {index:16;}">
                <Coords points="1368,1855 2374,1855 2374,1921 1368,1921"/>
                <Baseline points="1368,1903 1673,1903 1809,1903 1988,1902 2160,1909 2374,1910"/>
                <Word id="w_w2aab1b9b2b7c31ab1" language="English" custom="readingOrder {index:0;}">
                    <Coords points="1368,1859 1673,1859 1673,1905 1368,1905"/>
                    <TextEquiv>
                        <Unicode>necessaria</Unicode>
                    </TextEquiv>
                    <TextStyle fontFamily="Times New Roman" fontSize="10.5"/>
                </Word>
                <Word id="w_w2aab1b9b2b7c31ac23" language="English" custom="readingOrder {index:1;}">
                    <Coords points="1713,1871 1809,1871 1809,1917 1713,1917"/>
                    <TextEquiv>
                        <Unicode>pro</Unicode>
                    </TextEquiv>
                    <TextStyle fontFamily="Times New Roman" fontSize="10.5"/>
                </Word>
                <Word id="w_w2aab1b9b2b7c31ac31" language="English" custom="readingOrder {index:2;}">
                    <Coords points="1846,1860 1988,1860 1988,1904 1846,1904"/>
                    <TextEquiv>
                        <Unicode>statu</Unicode>
                    </TextEquiv>
                    <TextStyle fontFamily="Times New Roman" fontSize="10.5"/>
                </Word>
                <Word id="w_w2aab1b9b2b7c31ac43" language="English" custom="readingOrder {index:3;}">
                    <Coords points="2026,1857 2160,1857 2160,1909 2026,1909"/>
                    <TextEquiv>
                        <Unicode>isto;</Unicode>
                    </TextEquiv>
                    <TextStyle fontFamily="Times New Roman" fontSize="10.5"/>
                </Word>
                <Word id="w_w2aab1b9b2b7c31ac55" language="English" custom="readingOrder {index:4;}">
                    <Coords points="2192,1857 2374,1857 2374,1916 2192,1916"/>
                    <TextEquiv>
                        <Unicode>igitur,</Unicode>
                    </TextEquiv>
                    <TextStyle fontFamily="Times New Roman" fontSize="10.5"/>
                </Word>
                <TextEquiv>
                    <Unicode>necessaria pro statu isto; igitur,</Unicode>
                </TextEquiv>
                <TextStyle fontFamily="Times New Roman" fontSize="10.5"/>
            </TextLine>
            <TextLine id="tl_75" primaryLanguage="English" custom="readingOrder {index:17;}">
                <Coords points="1368,1937 1467,1937 1467,1981 1368,1981"/>
                <Baseline points="1368,1980 1467,1979"/>
                <Word id="w_w2aab1b9b2b7c33ab1" language="English" custom="readingOrder {index:0;}">
                    <Coords points="1368,1938 1467,1938 1467,1981 1368,1981"/>
                    <TextEquiv>
                        <Unicode>etc.</Unicode>
                    </TextEquiv>
                    <TextStyle fontFamily="Times New Roman" fontSize="10.5"/>
                </Word>
                <TextEquiv>
                    <Unicode>etc.</Unicode>
                </TextEquiv>
                <TextStyle fontFamily="Times New Roman" fontSize="10.5"/>
            </TextLine>
            <TextEquiv>
                <Unicode>Quinto (s), arguitur sic : Omne 19-
agens utens instrumento in agendo sum. ma,
non potest per illud instrumentum Yar ^\
in aliquam actionem, quae excedit t2-
naturam illius instrumenti; lumen
autem intellectus agentis est in¬
strumentum, quo anima nunc uti¬
tur in intelligendo naturaliter; er¬
go non potest per illud lumen in
aliquam actionem, quae excedat
illud; sed illud de se est limitatum
ad cognitionem habitam per viam
sensuum; ergo anima non potest
in aliquam actionem, quae non po¬
test haberi per viam sensus. Sed
multorum aliorum cognitio est
necessaria pro statu isto; igitur,
etc.</Unicode>
            </TextEquiv>
        </TextRegion>
        <TextRegion type="paragraph" id="TextRegion_1607719707428_666" custom="readingOrder {index:6;}">
            <Coords points="1369,2005 2400,2005 2400,3429 1369,3429"/>
            <TextLine id="tl_76" primaryLanguage="English" custom="readingOrder {index:0;}">
                <Coords points="1429,2006 2378,2006 2378,2071 1429,2071"/>
                <Baseline points="1429,2057 1550,2058 1717,2056 1806,2069 2041,2054 2378,2056"/>
                <Word id="w_w2aab1b9b2b9b1ab1" language="English" custom="readingOrder {index:0;}">
                    <Coords points="1429,2011 1550,2011 1550,2058 1429,2058"/>
                    <TextEquiv>
                        <Unicode>Haec</Unicode>
                    </TextEquiv>
                    <TextStyle fontFamily="Times New Roman" fontSize="10.5"/>
                </Word>
                <Word id="w_w2aab1b9b2b9b1ac11" language="English" custom="readingOrder {index:1;}">
                    <Coords points="1579,2011 1717,2011 1717,2057 1579,2057"/>
                    <TextEquiv>
                        <Unicode>ratio</Unicode>
                    </TextEquiv>
                    <TextStyle fontFamily="Times New Roman" fontSize="10.5"/>
                </Word>
                <Word id="w_w2aab1b9b2b9b1ac23" language="English" custom="readingOrder {index:2;}">
                    <Coords points="1750,2011 1806,2011 1806,2069 1750,2069"/>
                    <TextEquiv>
                        <Unicode>(t)</Unicode>
                    </TextEquiv>
                    <TextStyle fontFamily="Times New Roman" fontSize="10.5"/>
                </Word>
                <Word id="w_w2aab1b9b2b9b1ac31" language="English" custom="readingOrder {index:3;}">
                    <Coords points="1832,2010 2041,2010 2041,2057 1832,2057"/>
                    <TextEquiv>
                        <Unicode>videtur</Unicode>
                    </TextEquiv>
                    <TextStyle fontFamily="Times New Roman" fontSize="10.5"/>
                </Word>
                <Word id="w_w2aab1b9b2b9b1ac47" language="English" custom="readingOrder {index:4;}">
                    <Coords points="2068,2010 2378,2010 2378,2058 2068,2058"/>
                    <TextEquiv>
                        <Unicode>concludere</Unicode>
                    </TextEquiv>
                    <TextStyle fontFamily="Times New Roman" fontSize="10.5"/>
                </Word>
                <TextEquiv>
                    <Unicode>Haec ratio (t) videtur concludere</Unicode>
                </TextEquiv>
                <TextStyle fontFamily="Times New Roman" fontSize="10.5"/>
            </TextLine>
            <TextLine id="line_1607719707581_669" primaryLanguage="English" custom="readingOrder {index:1;}">
                <Coords points="1370,2076 2400,2076 2400,2155 1370,2155"/>
                <Baseline points="1370,2134 1559,2134 1721,2139 1833,2132 1990,2133 2155,2132 2280,2133 2400,2109"/>
                <Word id="word_1607719707582_671" language="English" custom="readingOrder {index:0;}">
                    <Coords points="2396,2077 2400,2077 2400,2109 2396,2109"/>
                    <TextEquiv>
                        <Unicode>sin</Unicode>
                    </TextEquiv>
                    <TextStyle fontFamily="Times New Roman" fontSize="10.5" superscript="true"/>
                </Word>
                <Word id="w_w2aab1b9b2b9b3ab1" language="English" custom="readingOrder {index:1;}">
                    <Coords points="1370,2090 1559,2090 1559,2134 1370,2134"/>
                    <TextEquiv>
                        <Unicode>contra</Unicode>
                    </TextEquiv>
                    <TextStyle fontFamily="Times New Roman" fontSize="10.5"/>
                </Word>
                <Word id="w_w2aab1b9b2b9b3ac15" language="English" custom="readingOrder {index:2;}">
                    <Coords points="1585,2101 1721,2101 1721,2139 1585,2139"/>
                    <TextEquiv>
                        <Unicode>eum,</Unicode>
                    </TextEquiv>
                    <TextStyle fontFamily="Times New Roman" fontSize="10.5"/>
                </Word>
                <Word id="w_w2aab1b9b2b9b3ac25" language="English" custom="readingOrder {index:3;}">
                    <Coords points="1747,2088 1833,2088 1833,2147 1747,2147"/>
                    <TextEquiv>
                        <Unicode>qui</Unicode>
                    </TextEquiv>
                    <TextStyle fontFamily="Times New Roman" fontSize="10.5"/>
                </Word>
                <Word id="w_w2aab1b9b2b9b3ac33" language="English" custom="readingOrder {index:4;}">
                    <Coords points="1868,2086 1990,2086 1990,2134 1868,2134"/>
                    <TextEquiv>
                        <Unicode>fecit</Unicode>
                    </TextEquiv>
                    <TextStyle fontFamily="Times New Roman" fontSize="10.5"/>
                </Word>
                <Word id="w_w2aab1b9b2b9b3ac45" language="English" custom="readingOrder {index:5;}">
                    <Coords points="2022,2100 2155,2100 2155,2133 2022,2133"/>
                    <TextEquiv>
                        <Unicode>eam.</Unicode>
                    </TextEquiv>
                    <TextStyle fontFamily="Times New Roman" fontSize="10.5"/>
                </Word>
                <Word id="w_w2aab1b9b2b9b3ac55" language="English" custom="readingOrder {index:6;}">
                    <Coords points="2186,2086 2377,2086 2377,2134 2186,2134"/>
                    <TextEquiv>
                        <Unicode>Secun-</Unicode>
                    </TextEquiv>
                    <TextStyle fontFamily="Times New Roman" fontSize="10.5"/>
                </Word>
                <TextEquiv>
                    <Unicode>contra eum, qui fecit eam. Secun- sinrCjtafe.ve*</Unicode>
                </TextEquiv>
            </TextLine>
            <TextLine id="tl_78" primaryLanguage="English" custom="readingOrder {index:2;}">
                <Coords points="1370,2158 2378,2158 2378,2219 1370,2219"/>
                <Baseline points="1370,2209 1490,2210 1654,2208 2048,2208 2251,2214 2378,2208"/>
                <Word id="w_w2aab1b9b2b9b5ab1" language="English" custom="readingOrder {index:0;}">
                    <Coords points="1370,2164 1490,2164 1490,2210 1370,2210"/>
                    <TextEquiv>
                        <Unicode>dum</Unicode>
                    </TextEquiv>
                    <TextStyle fontFamily="Times New Roman" fontSize="10.5"/>
                </Word>
                <Word id="w_w2aab1b9b2b9b5ab9" language="English" custom="readingOrder {index:1;}">
                    <Coords points="1518,2163 1654,2163 1654,2209 1518,2209"/>
                    <TextEquiv>
                        <Unicode>enim</Unicode>
                    </TextEquiv>
                    <TextStyle fontFamily="Times New Roman" fontSize="10.5"/>
                </Word>
                <Word id="w_w2aab1b9b2b9b5ac19" language="English" custom="readingOrder {index:2;}">
                    <Coords points="1687,2163 2048,2163 2048,2210 1687,2210"/>
                    <TextEquiv>
                        <Unicode>deductionem</Unicode>
                    </TextEquiv>
                    <TextStyle fontFamily="Times New Roman" fontSize="10.5"/>
                </Word>
                <Word id="w_w2aab1b9b2b9b5ac43" language="English" custom="readingOrder {index:3;}">
                    <Coords points="2075,2163 2251,2163 2251,2214 2075,2214"/>
                    <TextEquiv>
                        <Unicode>istam,</Unicode>
                    </TextEquiv>
                    <TextStyle fontFamily="Times New Roman" fontSize="10.5"/>
                </Word>
                <Word id="w_w2aab1b9b2b9b5ac57" language="English" custom="readingOrder {index:4;}">
                    <Coords points="2288,2161 2378,2161 2378,2208 2288,2208"/>
                    <TextEquiv>
                        <Unicode>lux</Unicode>
                    </TextEquiv>
                    <TextStyle fontFamily="Times New Roman" fontSize="10.5"/>
                </Word>
                <TextEquiv>
                    <Unicode>dum enim deductionem istam, lux</Unicode>
                </TextEquiv>
                <TextStyle fontFamily="Times New Roman" fontSize="10.5"/>
            </TextLine>
            <TextLine id="tl_79" primaryLanguage="English" custom="readingOrder {index:3;}">
                <Coords points="1377,2234 2378,2234 2378,2300 1377,2300"/>
                <Baseline points="1377,2283 1611,2285 1735,2283 1967,2283 2072,2284 2378,2282"/>
                <Word id="w_w2aab1b9b2b9b7ab1" language="English" custom="readingOrder {index:0;}">
                    <Coords points="1377,2240 1611,2240 1611,2285 1377,2285"/>
                    <TextEquiv>
                        <Unicode>increata</Unicode>
                    </TextEquiv>
                    <TextStyle fontFamily="Times New Roman" fontSize="10.5"/>
                </Word>
                <Word id="w_w2aab1b9b2b9b7ac19" language="English" custom="readingOrder {index:1;}">
                    <Coords points="1632,2251 1735,2251 1735,2283 1632,2283"/>
                    <TextEquiv>
                        <Unicode>non</Unicode>
                    </TextEquiv>
                    <TextStyle fontFamily="Times New Roman" fontSize="10.5"/>
                </Word>
                <Word id="w_w2aab1b9b2b9b7ac27" language="English" custom="readingOrder {index:2;}">
                    <Coords points="1771,2237 1967,2237 1967,2297 1771,2297"/>
                    <TextEquiv>
                        <Unicode>poterit</Unicode>
                    </TextEquiv>
                    <TextStyle fontFamily="Times New Roman" fontSize="10.5"/>
                </Word>
                <Word id="w_w2aab1b9b2b9b7ac43" language="English" custom="readingOrder {index:3;}">
                    <Coords points="1997,2238 2072,2238 2072,2285 1997,2285"/>
                    <TextEquiv>
                        <Unicode>uti</Unicode>
                    </TextEquiv>
                    <TextStyle fontFamily="Times New Roman" fontSize="10.5"/>
                </Word>
                <Word id="w_w2aab1b9b2b9b7ac51" language="English" custom="readingOrder {index:4;}">
                    <Coords points="2109,2238 2378,2238 2378,2284 2109,2284"/>
                    <TextEquiv>
                        <Unicode>intellectu</Unicode>
                    </TextEquiv>
                    <TextStyle fontFamily="Times New Roman" fontSize="10.5"/>
                </Word>
                <TextEquiv>
                    <Unicode>increata non poterit uti intellectu</Unicode>
                </TextEquiv>
                <TextStyle fontFamily="Times New Roman" fontSize="10.5"/>
            </TextLine>
            <TextLine id="tl_80" primaryLanguage="English" custom="readingOrder {index:4;}">
                <Coords points="1373,2310 2383,2310 2383,2377 1373,2377"/>
                <Baseline points="1374,2360 1563,2360 1659,2361 2055,2360 2162,2359 2383,2346"/>
                <Word id="w_w2aab1b9b2b9b9ab1" language="English" custom="readingOrder {index:0;}">
                    <Coords points="1374,2318 1563,2318 1563,2374 1374,2374"/>
                    <TextEquiv>
                        <Unicode>agente</Unicode>
                    </TextEquiv>
                    <TextStyle fontFamily="Times New Roman" fontSize="10.5"/>
                </Word>
                <Word id="w_w2aab1b9b2b9b9ac15" language="English" custom="readingOrder {index:1;}">
                    <Coords points="1603,2317 1659,2317 1659,2361 1603,2361"/>
                    <TextEquiv>
                        <Unicode>ut</Unicode>
                    </TextEquiv>
                    <TextStyle fontFamily="Times New Roman" fontSize="10.5"/>
                </Word>
                <Word id="w_w2aab1b9b2b9b9ac21" language="English" custom="readingOrder {index:2;}">
                    <Coords points="1698,2314 2055,2314 2055,2362 1698,2362"/>
                    <TextEquiv>
                        <Unicode>instrumento</Unicode>
                    </TextEquiv>
                    <TextStyle fontFamily="Times New Roman" fontSize="10.5"/>
                </Word>
                <Word id="w_w2aab1b9b2b9b9ac45" language="English" custom="readingOrder {index:3;}">
                    <Coords points="2101,2314 2162,2314 2162,2360 2101,2360"/>
                    <TextEquiv>
                        <Unicode>ad</Unicode>
                    </TextEquiv>
                    <TextStyle fontFamily="Times New Roman" fontSize="10.5"/>
                </Word>
                <Word id="w_w2aab1b9b2b9b9ac51" language="English" custom="readingOrder {index:4;}">
                    <Coords points="2207,2313 2383,2313 2383,2371 2207,2371"/>
                    <TextEquiv>
                        <Unicode>cogni¬</Unicode>
                    </TextEquiv>
                    <TextStyle fontFamily="Times New Roman" fontSize="10.5"/>
                </Word>
                <TextEquiv>
                    <Unicode>agente ut instrumento ad cogni¬</Unicode>
                </TextEquiv>
                <TextStyle fontFamily="Times New Roman" fontSize="10.5"/>
            </TextLine>
            <TextLine id="tl_81" primaryLanguage="English" custom="readingOrder {index:5;}">
                <Coords points="1375,2385 2381,2385 2381,2452 1375,2452"/>
                <Baseline points="1375,2437 1573,2436 1828,2436 2085,2434 2381,2440"/>
                <Word id="w_w2aab1b9b2b9c11ab1" language="English" custom="readingOrder {index:0;}">
                    <Coords points="1375,2391 1573,2391 1573,2437 1375,2437"/>
                    <TextEquiv>
                        <Unicode>tionem</Unicode>
                    </TextEquiv>
                    <TextStyle fontFamily="Times New Roman" fontSize="10.5"/>
                </Word>
                <Word id="w_w2aab1b9b2b9c11ac15" language="English" custom="readingOrder {index:1;}">
                    <Coords points="1603,2389 1828,2389 1828,2450 1603,2450"/>
                    <TextEquiv>
                        <Unicode>alicujus</Unicode>
                    </TextEquiv>
                    <TextStyle fontFamily="Times New Roman" fontSize="10.5"/>
                </Word>
                <Word id="w_w2aab1b9b2b9c11ac33" language="English" custom="readingOrder {index:2;}">
                    <Coords points="1863,2391 2085,2391 2085,2436 1863,2436"/>
                    <TextEquiv>
                        <Unicode>sincerae</Unicode>
                    </TextEquiv>
                    <TextStyle fontFamily="Times New Roman" fontSize="10.5"/>
                </Word>
                <Word id="w_w2aab1b9b2b9c11ac51" language="English" custom="readingOrder {index:3;}">
                    <Coords points="2118,2388 2381,2388 2381,2440 2118,2440"/>
                    <TextEquiv>
                        <Unicode>veritatis,</Unicode>
                    </TextEquiv>
                    <TextStyle fontFamily="Times New Roman" fontSize="10.5"/>
                </Word>
                <TextEquiv>
                    <Unicode>tionem alicujus sincerae veritatis,</Unicode>
                </TextEquiv>
                <TextStyle fontFamily="Times New Roman" fontSize="10.5"/>
            </TextLine>
            <TextLine id="tl_82" primaryLanguage="English" custom="readingOrder {index:6;}">
                <Coords points="1376,2461 2387,2461 2387,2529 1376,2529"/>
                <Baseline points="1376,2525 1498,2512 1656,2511 1970,2512 2134,2517 2271,2510 2387,2496"/>
                <Word id="w_w2aab1b9b2b9c13ab1" language="English" custom="readingOrder {index:0;}">
                    <Coords points="1376,2466 1498,2466 1498,2525 1376,2525"/>
                    <TextEquiv>
                        <Unicode>quia</Unicode>
                    </TextEquiv>
                    <TextStyle fontFamily="Times New Roman" fontSize="10.5"/>
                </Word>
                <Word id="w_w2aab1b9b2b9c13ac11" language="English" custom="readingOrder {index:1;}">
                    <Coords points="1533,2465 1656,2465 1656,2513 1533,2513"/>
                    <TextEquiv>
                        <Unicode>talis</Unicode>
                    </TextEquiv>
                    <TextStyle fontFamily="Times New Roman" fontSize="10.5"/>
                </Word>
                <Word id="w_w2aab1b9b2b9c13ac23" language="English" custom="readingOrder {index:2;}">
                    <Coords points="1686,2466 1970,2466 1970,2512 1686,2512"/>
                    <TextEquiv>
                        <Unicode>secundum</Unicode>
                    </TextEquiv>
                    <TextStyle fontFamily="Times New Roman" fontSize="10.5"/>
                </Word>
                <Word id="w_w2aab1b9b2b9c13ac41" language="English" custom="readingOrder {index:3;}">
                    <Coords points="1998,2478 2134,2478 2134,2517 1998,2517"/>
                    <TextEquiv>
                        <Unicode>eum,</Unicode>
                    </TextEquiv>
                    <TextStyle fontFamily="Times New Roman" fontSize="10.5"/>
                </Word>
                <Word id="w_w2aab1b9b2b9c13ac51" language="English" custom="readingOrder {index:4;}">
                    <Coords points="2166,2477 2271,2477 2271,2510 2166,2510"/>
                    <TextEquiv>
                        <Unicode>non</Unicode>
                    </TextEquiv>
                    <TextStyle fontFamily="Times New Roman" fontSize="10.5"/>
                </Word>
                <Word id="w_w2aab1b9b2b9c13ac59" language="English" custom="readingOrder {index:5;}">
                    <Coords points="2300,2477 2387,2477 2387,2523 2300,2523"/>
                    <TextEquiv>
                        <Unicode>po¬</Unicode>
                    </TextEquiv>
                    <TextStyle fontFamily="Times New Roman" fontSize="10.5"/>
                </Word>
                <TextEquiv>
                    <Unicode>quia talis secundum eum, non po¬</Unicode>
                </TextEquiv>
                <TextStyle fontFamily="Times New Roman" fontSize="10.5"/>
            </TextLine>
            <TextLine id="tl_83" primaryLanguage="English" custom="readingOrder {index:7;}">
                <Coords points="1376,2537 2389,2537 2389,2605 1376,2605"/>
                <Baseline points="1376,2589 1480,2589 1701,2588 1820,2587 2104,2587 2246,2586 2389,2573"/>
                <Word id="w_w2aab1b9b2b9c15ab1" language="English" custom="readingOrder {index:0;}">
                    <Coords points="1376,2545 1480,2545 1480,2589 1376,2589"/>
                    <TextEquiv>
                        <Unicode>test</Unicode>
                    </TextEquiv>
                    <TextStyle fontFamily="Times New Roman" fontSize="10.5"/>
                </Word>
                <Word id="w_w2aab1b9b2b9c15ac11" language="English" custom="readingOrder {index:1;}">
                    <Coords points="1515,2541 1701,2541 1701,2589 1515,2589"/>
                    <TextEquiv>
                        <Unicode>haberi</Unicode>
                    </TextEquiv>
                    <TextStyle fontFamily="Times New Roman" fontSize="10.5"/>
                </Word>
                <Word id="w_w2aab1b9b2b9c15ac25" language="English" custom="readingOrder {index:2;}">
                    <Coords points="1734,2541 1820,2541 1820,2587 1734,2587"/>
                    <TextEquiv>
                        <Unicode>via</Unicode>
                    </TextEquiv>
                    <TextStyle fontFamily="Times New Roman" fontSize="10.5"/>
                </Word>
                <Word id="w_w2aab1b9b2b9c15ac33" language="English" custom="readingOrder {index:3;}">
                    <Coords points="1855,2554 2104,2554 2104,2588 1855,2588"/>
                    <TextEquiv>
                        <Unicode>sensuum</Unicode>
                    </TextEquiv>
                    <TextStyle fontFamily="Times New Roman" fontSize="10.5"/>
                </Word>
                <Word id="w_w2aab1b9b2b9c15ac49" language="English" custom="readingOrder {index:4;}">
                    <Coords points="2134,2541 2246,2541 2246,2586 2134,2586"/>
                    <TextEquiv>
                        <Unicode>sine</Unicode>
                    </TextEquiv>
                    <TextStyle fontFamily="Times New Roman" fontSize="10.5"/>
                </Word>
                <Word id="w_w2aab1b9b2b9c15ac59" language="English" custom="readingOrder {index:5;}">
                    <Coords points="2275,2553 2389,2553 2389,2599 2275,2599"/>
                    <TextEquiv>
                        <Unicode>spe¬</Unicode>
                    </TextEquiv>
                    <TextStyle fontFamily="Times New Roman" fontSize="10.5"/>
                </Word>
                <TextEquiv>
                    <Unicode>test haberi via sensuum sine spe¬</Unicode>
                </TextEquiv>
                <TextStyle fontFamily="Times New Roman" fontSize="10.5"/>
            </TextLine>
            <TextLine id="tl_84" primaryLanguage="English" custom="readingOrder {index:8;}">
                <Coords points="1376,2613 2386,2613 2386,2679 1376,2679"/>
                <Baseline points="1376,2666 1498,2664 1910,2671 1991,2664 2095,2663 2386,2668"/>
                <Word id="w_w2aab1b9b2b9c17ab1" language="English" custom="readingOrder {index:0;}">
                    <Coords points="1376,2619 1498,2619 1498,2666 1376,2666"/>
                    <TextEquiv>
                        <Unicode>ciali</Unicode>
                    </TextEquiv>
                    <TextStyle fontFamily="Times New Roman" fontSize="10.5"/>
                </Word>
                <Word id="w_w2aab1b9b2b9c17ac13" language="English" custom="readingOrder {index:1;}">
                    <Coords points="1531,2617 1910,2617 1910,2671 1531,2671"/>
                    <TextEquiv>
                        <Unicode>illustratione,</Unicode>
                    </TextEquiv>
                    <TextStyle fontFamily="Times New Roman" fontSize="10.5"/>
                </Word>
                <Word id="w_w2aab1b9b2b9c17ac43" language="English" custom="readingOrder {index:2;}">
                    <Coords points="1940,2620 1991,2620 1991,2664 1940,2664"/>
                    <TextEquiv>
                        <Unicode>et</Unicode>
                    </TextEquiv>
                    <TextStyle fontFamily="Times New Roman" fontSize="10.5"/>
                </Word>
                <Word id="w_w2aab1b9b2b9c17ac49" language="English" custom="readingOrder {index:3;}">
                    <Coords points="2020,2617 2095,2617 2095,2664 2020,2664"/>
                    <TextEquiv>
                        <Unicode>ita</Unicode>
                    </TextEquiv>
                    <TextStyle fontFamily="Times New Roman" fontSize="10.5"/>
                </Word>
                <Word id="w_w2aab1b9b2b9c17ac57" language="English" custom="readingOrder {index:4;}">
                    <Coords points="2129,2614 2386,2614 2386,2674 2129,2674"/>
                    <TextEquiv>
                        <Unicode>sequitur,</Unicode>
                    </TextEquiv>
                    <TextStyle fontFamily="Times New Roman" fontSize="10.5"/>
                </Word>
                <TextEquiv>
                    <Unicode>ciali illustratione, et ita sequitur,</Unicode>
                </TextEquiv>
                <TextStyle fontFamily="Times New Roman" fontSize="10.5"/>
            </TextLine>
            <TextLine id="tl_85" primaryLanguage="English" custom="readingOrder {index:9;}">
                <Coords points="1378,2691 2388,2691 2388,2757 1378,2757"/>
                <Baseline points="1378,2757 1511,2742 1597,2742 1930,2741 2201,2739 2388,2724"/>
                <Word id="w_w2aab1b9b2b9c19ab1" language="English" custom="readingOrder {index:0;}">
                    <Coords points="1378,2697 1511,2697 1511,2757 1378,2757"/>
                    <TextEquiv>
                        <Unicode>quod</Unicode>
                    </TextEquiv>
                    <TextStyle fontFamily="Times New Roman" fontSize="10.5"/>
                </Word>
                <Word id="w_w2aab1b9b2b9c19ac11" language="English" custom="readingOrder {index:1;}">
                    <Coords points="1546,2696 1597,2696 1597,2742 1546,2742"/>
                    <TextEquiv>
                        <Unicode>in</Unicode>
                    </TextEquiv>
                    <TextStyle fontFamily="Times New Roman" fontSize="10.5"/>
                </Word>
                <Word id="w_w2aab1b9b2b9c19ac17" language="English" custom="readingOrder {index:2;}">
                    <Coords points="1625,2695 1930,2695 1930,2754 1625,2754"/>
                    <TextEquiv>
                        <Unicode>cognitione</Unicode>
                    </TextEquiv>
                    <TextStyle fontFamily="Times New Roman" fontSize="10.5"/>
                </Word>
                <Word id="w_w2aab1b9b2b9c19ac39" language="English" custom="readingOrder {index:3;}">
                    <Coords points="1952,2693 2201,2693 2201,2741 1952,2741"/>
                    <TextEquiv>
                        <Unicode>veritatis</Unicode>
                    </TextEquiv>
                    <TextStyle fontFamily="Times New Roman" fontSize="10.5"/>
                </Word>
                <Word id="w_w2aab1b9b2b9c19ac59" language="English" custom="readingOrder {index:4;}">
                    <Coords points="2226,2692 2388,2692 2388,2739 2226,2739"/>
                    <TextEquiv>
                        <Unicode>since¬</Unicode>
                    </TextEquiv>
                    <TextStyle fontFamily="Times New Roman" fontSize="10.5"/>
                </Word>
                <TextEquiv>
                    <Unicode>quod in cognitione veritatis since¬</Unicode>
                </TextEquiv>
                <TextStyle fontFamily="Times New Roman" fontSize="10.5"/>
            </TextLine>
            <TextLine id="tl_86" primaryLanguage="English" custom="readingOrder {index:10;}">
                <Coords points="1377,2767 2385,2767 2385,2831 1377,2831"/>
                <Baseline points="1377,2820 1449,2819 1647,2816 1972,2815 2212,2812 2385,2812"/>
                <Word id="w_w2aab1b9b2b9c21ab1" language="English" custom="readingOrder {index:0;}">
                    <Coords points="1377,2787 1449,2787 1449,2820 1377,2820"/>
                    <TextEquiv>
                        <Unicode>rae</Unicode>
                    </TextEquiv>
                    <TextStyle fontFamily="Times New Roman" fontSize="10.5"/>
                </Word>
                <Word id="w_w2aab1b9b2b9c21ab9" language="English" custom="readingOrder {index:1;}">
                    <Coords points="1474,2773 1647,2773 1647,2818 1474,2818"/>
                    <TextEquiv>
                        <Unicode>lumen</Unicode>
                    </TextEquiv>
                    <TextStyle fontFamily="Times New Roman" fontSize="10.5"/>
                </Word>
                <Word id="w_w2aab1b9b2b9c21ac21" language="English" custom="readingOrder {index:2;}">
                    <Coords points="1670,2770 1972,2770 1972,2818 1670,2818"/>
                    <TextEquiv>
                        <Unicode>intellectus</Unicode>
                    </TextEquiv>
                    <TextStyle fontFamily="Times New Roman" fontSize="10.5"/>
                </Word>
                <Word id="w_w2aab1b9b2b9c21ac45" language="English" custom="readingOrder {index:3;}">
                    <Coords points="2006,2768 2212,2768 2212,2827 2006,2827"/>
                    <TextEquiv>
                        <Unicode>agentis</Unicode>
                    </TextEquiv>
                    <TextStyle fontFamily="Times New Roman" fontSize="10.5"/>
                </Word>
                <Word id="w_w2aab1b9b2b9c21ac61" language="English" custom="readingOrder {index:4;}">
                    <Coords points="2240,2767 2385,2767 2385,2813 2240,2813"/>
                    <TextEquiv>
                        <Unicode>nullo</Unicode>
                    </TextEquiv>
                    <TextStyle fontFamily="Times New Roman" fontSize="10.5"/>
                </Word>
                <TextEquiv>
                    <Unicode>rae lumen intellectus agentis nullo</Unicode>
                </TextEquiv>
                <TextStyle fontFamily="Times New Roman" fontSize="10.5"/>
            </TextLine>
            <TextLine id="tl_87" primaryLanguage="English" custom="readingOrder {index:11;}">
                <Coords points="1379,2843 2381,2843 2381,2909 1379,2909"/>
                <Baseline points="1379,2895 1528,2895 1767,2895 2045,2891 2381,2895"/>
                <Word id="w_w2aab1b9b2b9c23ab1" language="English" custom="readingOrder {index:0;}">
                    <Coords points="1379,2850 1528,2850 1528,2895 1379,2895"/>
                    <TextEquiv>
                        <Unicode>modo</Unicode>
                    </TextEquiv>
                    <TextStyle fontFamily="Times New Roman" fontSize="10.5"/>
                </Word>
                <Word id="w_w2aab1b9b2b9c23ac11" language="English" custom="readingOrder {index:1;}">
                    <Coords points="1579,2848 1767,2848 1767,2895 1579,2895"/>
                    <TextEquiv>
                        <Unicode>habeat</Unicode>
                    </TextEquiv>
                    <TextStyle fontFamily="Times New Roman" fontSize="10.5"/>
                </Word>
                <Word id="w_w2aab1b9b2b9c23ac25" language="English" custom="readingOrder {index:2;}">
                    <Coords points="1813,2846 2045,2846 2045,2906 1813,2906"/>
                    <TextEquiv>
                        <Unicode>aliquam</Unicode>
                    </TextEquiv>
                    <TextStyle fontFamily="Times New Roman" fontSize="10.5"/>
                </Word>
                <Word id="w_w2aab1b9b2b9c23ac41" language="English" custom="readingOrder {index:3;}">
                    <Coords points="2090,2844 2381,2844 2381,2895 2090,2895"/>
                    <TextEquiv>
                        <Unicode>actionem;</Unicode>
                    </TextEquiv>
                    <TextStyle fontFamily="Times New Roman" fontSize="10.5"/>
                </Word>
                <TextEquiv>
                    <Unicode>modo habeat aliquam actionem;</Unicode>
                </TextEquiv>
                <TextStyle fontFamily="Times New Roman" fontSize="10.5"/>
            </TextLine>
            <TextLine id="tl_88" primaryLanguage="English" custom="readingOrder {index:12;}">
                <Coords points="1379,2918 2384,2918 2384,2984 1379,2984"/>
                <Baseline points="1379,2984 1511,2971 1769,2969 2206,2972 2384,2964"/>
                <Word id="w_w2aab1b9b2b9c25ab1" language="English" custom="readingOrder {index:0;}">
                    <Coords points="1379,2926 1511,2926 1511,2984 1379,2984"/>
                    <TextEquiv>
                        <Unicode>quod</Unicode>
                    </TextEquiv>
                    <TextStyle fontFamily="Times New Roman" fontSize="10.5"/>
                </Word>
                <Word id="w_w2aab1b9b2b9c25ac11" language="English" custom="readingOrder {index:1;}">
                    <Coords points="1560,2924 1769,2924 1769,2971 1560,2971"/>
                    <TextEquiv>
                        <Unicode>videtur</Unicode>
                    </TextEquiv>
                    <TextStyle fontFamily="Times New Roman" fontSize="10.5"/>
                </Word>
                <Word id="w_w2aab1b9b2b9c25ac27" language="English" custom="readingOrder {index:2;}">
                    <Coords points="1819,2921 2206,2921 2206,2972 1819,2972"/>
                    <TextEquiv>
                        <Unicode>inconveniens,</Unicode>
                    </TextEquiv>
                    <TextStyle fontFamily="Times New Roman" fontSize="10.5"/>
                </Word>
                <Word id="w_w2aab1b9b2b9c25ac55" language="English" custom="readingOrder {index:3;}">
                    <Coords points="2263,2918 2384,2918 2384,2978 2263,2978"/>
                    <TextEquiv>
                        <Unicode>quia</Unicode>
                    </TextEquiv>
                    <TextStyle fontFamily="Times New Roman" fontSize="10.5"/>
                </Word>
                <TextEquiv>
                    <Unicode>quod videtur inconveniens, quia</Unicode>
                </TextEquiv>
                <TextStyle fontFamily="Times New Roman" fontSize="10.5"/>
            </TextLine>
            <TextLine id="line_1607719707583_673" primaryLanguage="English" custom="readingOrder {index:13;}">
                <Coords points="1376,2991 2400,2991 2400,3060 1376,3060"/>
                <Baseline points="1376,3047 1479,3046 1643,3046 1956,3043 2056,3043 2090,3012 2325,3038 2400,3029"/>
                <Word id="w_w2aab1b9b2b9c27ab1" language="English" custom="readingOrder {index:0;}">
                    <Coords points="1376,3002 1479,3002 1479,3047 1376,3047"/>
                    <TextEquiv>
                        <Unicode>ista</Unicode>
                    </TextEquiv>
                    <TextStyle fontFamily="Times New Roman" fontSize="10.5"/>
                </Word>
                <Word id="w_w2aab1b9b2b9c27ac11" language="English" custom="readingOrder {index:1;}">
                    <Coords points="1504,3000 1643,3000 1643,3048 1504,3048"/>
                    <TextEquiv>
                        <Unicode>actio</Unicode>
                    </TextEquiv>
                    <TextStyle fontFamily="Times New Roman" fontSize="10.5"/>
                </Word>
                <Word id="w_w2aab1b9b2b9c27ac23" language="English" custom="readingOrder {index:2;}">
                    <Coords points="1669,2998 1956,2998 1956,3058 1669,3058"/>
                    <TextEquiv>
                        <Unicode>perfectior</Unicode>
                    </TextEquiv>
                    <TextStyle fontFamily="Times New Roman" fontSize="10.5"/>
                </Word>
                <Word id="w_w2aab1b9b2b9c27ac45" language="English" custom="readingOrder {index:3;}">
                    <Coords points="1976,3000 2056,3000 2056,3043 1976,3043"/>
                    <TextEquiv>
                        <Unicode>est</Unicode>
                    </TextEquiv>
                    <TextStyle fontFamily="Times New Roman" fontSize="10.5"/>
                </Word>
                <Word id="w_w2aab1b9b2b9c27ac53" language="English" custom="readingOrder {index:4;}">
                    <Coords points="2075,2999 2090,2999 2090,3012 2075,3012"/>
                    <TextEquiv>
                        <Unicode>*</Unicode>
                    </TextEquiv>
                    <TextStyle fontFamily="Times New Roman" fontSize="10.5"/>
                </Word>
                <Word id="word_1607719707584_675" language="English" custom="readingOrder {index:5;}">
                    <Coords points="2118,2992 2400,2992 2400,3042 2118,3042"/>
                    <TextEquiv>
                        <Unicode>communi'</Unicode>
                    </TextEquiv>
                    <TextStyle fontFamily="Times New Roman" fontSize="10.5"/>
                </Word>
                <TextEquiv>
                    <Unicode>ista actio perfectior est * communi'al- omni-</Unicode>
                </TextEquiv>
            </TextLine>
            <TextLine id="tl_90" primaryLanguage="English" custom="readingOrder {index:14;}">
                <Coords points="1378,3072 2384,3072 2384,3136 1378,3136"/>
                <Baseline points="1378,3125 1751,3128 1862,3121 2006,3118 2384,3115"/>
                <Word id="w_w2aab1b9b2b9c29ab1" language="English" custom="readingOrder {index:0;}">
                    <Coords points="1378,3077 1751,3077 1751,3128 1378,3128"/>
                    <TextEquiv>
                        <Unicode>intellectione,</Unicode>
                    </TextEquiv>
                    <TextStyle fontFamily="Times New Roman" fontSize="10.5"/>
                </Word>
                <Word id="w_w2aab1b9b2b9c29ac31" language="English" custom="readingOrder {index:1;}">
                    <Coords points="1811,3078 1862,3078 1862,3121 1811,3121"/>
                    <TextEquiv>
                        <Unicode>et</Unicode>
                    </TextEquiv>
                    <TextStyle fontFamily="Times New Roman" fontSize="10.5"/>
                </Word>
                <Word id="w_w2aab1b9b2b9c29ac37" language="English" custom="readingOrder {index:2;}">
                    <Coords points="1913,3086 2006,3086 2006,3133 1913,3133"/>
                    <TextEquiv>
                        <Unicode>per</Unicode>
                    </TextEquiv>
                    <TextStyle fontFamily="Times New Roman" fontSize="10.5"/>
                </Word>
                <Word id="w_w2aab1b9b2b9c29ac45" language="English" custom="readingOrder {index:3;}">
                    <Coords points="2061,3084 2384,3084 2384,3129 2061,3129"/>
                    <TextEquiv>
                        <Unicode>consequens</Unicode>
                    </TextEquiv>
                    <TextStyle fontFamily="Times New Roman" fontSize="10.5"/>
                </Word>
                <TextEquiv>
                    <Unicode>intellectione, et per consequens</Unicode>
                </TextEquiv>
                <TextStyle fontFamily="Times New Roman" fontSize="10.5"/>
            </TextLine>
            <TextLine id="tl_91" primaryLanguage="English" custom="readingOrder {index:15;}">
                <Coords points="1379,3146 2385,3146 2385,3213 1379,3213"/>
                <Baseline points="1379,3200 1522,3206 1682,3198 2008,3193 2111,3194 2187,3192 2385,3192"/>
                <Word id="w_w2aab1b9b2b9c31ab1" language="English" custom="readingOrder {index:0;}">
                    <Coords points="1379,3154 1522,3154 1522,3206 1379,3206"/>
                    <TextEquiv>
                        <Unicode>illud,</Unicode>
                    </TextEquiv>
                    <TextStyle fontFamily="Times New Roman" fontSize="10.5"/>
                </Word>
                <Word id="w_w2aab1b9b2b9c31ac15" language="English" custom="readingOrder {index:1;}">
                    <Coords points="1548,3153 1682,3153 1682,3212 1548,3212"/>
                    <TextEquiv>
                        <Unicode>quod</Unicode>
                    </TextEquiv>
                    <TextStyle fontFamily="Times New Roman" fontSize="10.5"/>
                </Word>
                <Word id="w_w2aab1b9b2b9c31ac25" language="English" custom="readingOrder {index:2;}">
                    <Coords points="1720,3149 2008,3149 2008,3211 1720,3211"/>
                    <TextEquiv>
                        <Unicode>perfectius</Unicode>
                    </TextEquiv>
                    <TextStyle fontFamily="Times New Roman" fontSize="10.5"/>
                </Word>
                <Word id="w_w2aab1b9b2b9c31ac47" language="English" custom="readingOrder {index:3;}">
                    <Coords points="2031,3149 2111,3149 2111,3194 2031,3194"/>
                    <TextEquiv>
                        <Unicode>est</Unicode>
                    </TextEquiv>
                    <TextStyle fontFamily="Times New Roman" fontSize="10.5"/>
                </Word>
                <Word id="w_w2aab1b9b2b9c31ac55" language="English" custom="readingOrder {index:4;}">
                    <Coords points="2135,3147 2187,3147 2187,3192 2135,3192"/>
                    <TextEquiv>
                        <Unicode>in</Unicode>
                    </TextEquiv>
                    <TextStyle fontFamily="Times New Roman" fontSize="10.5"/>
                </Word>
                <Word id="w_w2aab1b9b2b9c31ac61" language="English" custom="readingOrder {index:5;}">
                    <Coords points="2208,3146 2385,3146 2385,3192 2208,3192"/>
                    <TextEquiv>
                        <Unicode>anima</Unicode>
                    </TextEquiv>
                    <TextStyle fontFamily="Times New Roman" fontSize="10.5"/>
                </Word>
                <TextEquiv>
                    <Unicode>illud, quod perfectius est in anima</Unicode>
                </TextEquiv>
                <TextStyle fontFamily="Times New Roman" fontSize="10.5"/>
            </TextLine>
            <TextLine id="tl_92" primaryLanguage="English" custom="readingOrder {index:16;}">
                <Coords points="1380,3221 2383,3221 2383,3289 1380,3289"/>
                <Baseline points="1380,3276 1691,3273 2106,3275 2383,3268"/>
                <Word id="w_w2aab1b9b2b9c33ab1" language="English" custom="readingOrder {index:0;}">
                    <Coords points="1380,3230 1691,3230 1691,3288 1380,3288"/>
                    <TextEquiv>
                        <Unicode>inquancum</Unicode>
                    </TextEquiv>
                    <TextStyle fontFamily="Times New Roman" fontSize="10.5"/>
                </Word>
                <Word id="w_w2aab1b9b2b9c33ac21" language="English" custom="readingOrder {index:1;}">
                    <Coords points="1755,3223 2106,3223 2106,3275 1755,3275"/>
                    <TextEquiv>
                        <Unicode>intellectiva,</Unicode>
                    </TextEquiv>
                    <TextStyle fontFamily="Times New Roman" fontSize="10.5"/>
                </Word>
                <Word id="w_w2aab1b9b2b9c33ac49" language="English" custom="readingOrder {index:2;}">
                    <Coords points="2171,3224 2383,3224 2383,3282 2171,3282"/>
                    <TextEquiv>
                        <Unicode>oportet</Unicode>
                    </TextEquiv>
                    <TextStyle fontFamily="Times New Roman" fontSize="10.5"/>
                </Word>
                <TextEquiv>
                    <Unicode>inquancum intellectiva, oportet</Unicode>
                </TextEquiv>
                <TextStyle fontFamily="Times New Roman" fontSize="10.5"/>
            </TextLine>
            <TextLine id="tl_93" primaryLanguage="English" custom="readingOrder {index:17;}">
                <Coords points="1379,3295 2381,3295 2381,3362 1379,3362"/>
                <Baseline points="1379,3352 1701,3348 1912,3346 2088,3344 2187,3343 2381,3342"/>
                <Word id="w_w2aab1b9b2b9c35ab1" language="English" custom="readingOrder {index:0;}">
                    <Coords points="1379,3316 1701,3316 1701,3352 1379,3352"/>
                    <TextEquiv>
                        <Unicode>concurrere</Unicode>
                    </TextEquiv>
                    <TextStyle fontFamily="Times New Roman" fontSize="10.5"/>
                </Word>
                <Word id="w_w2aab1b9b2b9c35ac23" language="English" custom="readingOrder {index:1;}">
                    <Coords points="1734,3300 1912,3300 1912,3359 1734,3359"/>
                    <TextEquiv>
                        <Unicode>aliquo</Unicode>
                    </TextEquiv>
                    <TextStyle fontFamily="Times New Roman" fontSize="10.5"/>
                </Word>
                <Word id="w_w2aab1b9b2b9c35ac37" language="English" custom="readingOrder {index:2;}">
                    <Coords points="1937,3299 2088,3299 2088,3344 1937,3344"/>
                    <TextEquiv>
                        <Unicode>modo</Unicode>
                    </TextEquiv>
                    <TextStyle fontFamily="Times New Roman" fontSize="10.5"/>
                </Word>
                <Word id="w_w2aab1b9b2b9c35ac47" language="English" custom="readingOrder {index:3;}">
                    <Coords points="2125,3296 2187,3296 2187,3343 2125,3343"/>
                    <TextEquiv>
                        <Unicode>ad</Unicode>
                    </TextEquiv>
                    <TextStyle fontFamily="Times New Roman" fontSize="10.5"/>
                </Word>
                <Word id="w_w2aab1b9b2b9c35ac53" language="English" custom="readingOrder {index:4;}">
                    <Coords points="2221,3296 2381,3296 2381,3344 2221,3344"/>
                    <TextEquiv>
                        <Unicode>istam</Unicode>
                    </TextEquiv>
                    <TextStyle fontFamily="Times New Roman" fontSize="10.5"/>
                </Word>
                <TextEquiv>
                    <Unicode>concurrere aliquo modo ad istam</Unicode>
                </TextEquiv>
                <TextStyle fontFamily="Times New Roman" fontSize="10.5"/>
            </TextLine>
            <TextLine id="tl_94" primaryLanguage="English" custom="readingOrder {index:18;}">
                <Coords points="1381,3379 1662,3379 1662,3428 1381,3428"/>
                <Baseline points="1381,3427 1662,3422"/>
                <Word id="w_w2aab1b9b2b9c37ab1" language="English" custom="readingOrder {index:0;}">
                    <Coords points="1381,3380 1662,3380 1662,3427 1381,3427"/>
                    <TextEquiv>
                        <Unicode>actionem.</Unicode>
                    </TextEquiv>
                    <TextStyle fontFamily="Times New Roman" fontSize="10.5"/>
                </Word>
                <TextEquiv>
                    <Unicode>actionem.</Unicode>
                </TextEquiv>
                <TextStyle fontFamily="Times New Roman" fontSize="10.5"/>
            </TextLine>
            <TextEquiv>
                <Unicode>Haec ratio (t) videtur concludere
contra eum, qui fecit eam. Secun- sinrCjtafe.ve*
dum enim deductionem istam, lux
increata non poterit uti intellectu
agente ut instrumento ad cogni¬
tionem alicujus sincerae veritatis,
quia talis secundum eum, non po¬
test haberi via sensuum sine spe¬
ciali illustratione, et ita sequitur,
quod in cognitione veritatis since¬
rae lumen intellectus agentis nullo
modo habeat aliquam actionem;
quod videtur inconveniens, quia
ista actio perfectior est * communi'al- omni-
intellectione, et per consequens
illud, quod perfectius est in anima
inquancum intellectiva, oportet
concurrere aliquo modo ad istam
actionem.</Unicode>
            </TextEquiv>
        </TextRegion>
        <TextRegion type="paragraph" id="TextRegion_1607719716917_683" custom="readingOrder {index:7;}">
            <Coords points="1381,3444 2404,3444 2404,3666 1381,3666"/>
            <TextLine id="line_1607719717070_686" primaryLanguage="English" custom="readingOrder {index:0;}">
                <Coords points="1443,3445 2404,3445 2404,3512 1443,3512"/>
                <Baseline points="1443,3503 1565,3502 1703,3499 1788,3509 2058,3494 2185,3492 2387,3479 2404,3480"/>
                <Word id="w_w2aab1b9b2c11b1ab1" language="English" custom="readingOrder {index:0;}">
                    <Coords points="1443,3459 1565,3459 1565,3503 1443,3503"/>
                    <TextEquiv>
                        <Unicode>Istae</Unicode>
                    </TextEquiv>
                    <TextStyle fontFamily="Times New Roman" fontSize="10.5"/>
                </Word>
                <Word id="w_w2aab1b9b2c11b1ac13" language="English" custom="readingOrder {index:1;}">
                    <Coords points="1592,3455 1703,3455 1703,3502 1592,3502"/>
                    <TextEquiv>
                        <Unicode>duae</Unicode>
                    </TextEquiv>
                    <TextStyle fontFamily="Times New Roman" fontSize="10.5"/>
                </Word>
                <Word id="w_w2aab1b9b2c11b1ac23" language="English" custom="readingOrder {index:2;}">
                    <Coords points="1726,3454 1788,3454 1788,3511 1726,3511"/>
                    <TextEquiv>
                        <Unicode>(u)</Unicode>
                    </TextEquiv>
                    <TextStyle fontFamily="Times New Roman" fontSize="10.5"/>
                </Word>
                <Word id="w_w2aab1b9b2c11b1ac31" language="English" custom="readingOrder {index:3;}">
                    <Coords points="1823,3450 2058,3450 2058,3497 1823,3497"/>
                    <TextEquiv>
                        <Unicode>rationes</Unicode>
                    </TextEquiv>
                    <TextStyle fontFamily="Times New Roman" fontSize="10.5"/>
                </Word>
                <Word id="w_w2aab1b9b2c11b1ac49" language="English" custom="readingOrder {index:4;}">
                    <Coords points="2080,3461 2185,3461 2185,3493 2080,3493"/>
                    <TextEquiv>
                        <Unicode>non</Unicode>
                    </TextEquiv>
                    <TextStyle fontFamily="Times New Roman" fontSize="10.5"/>
                </Word>
                <Word id="w_w2aab1b9b2c11b1ac57" language="English" custom="readingOrder {index:5;}">
                    <Coords points="2212,3447 2387,3447 2387,3494 2212,3494"/>
                    <TextEquiv>
                        <Unicode>viden-</Unicode>
                    </TextEquiv>
                    <TextStyle fontFamily="Times New Roman" fontSize="10.5"/>
                </Word>
                <TextEquiv>
                    <Unicode>Istae duae (u) rationes non viden- Rejicit v.</Unicode>
                </TextEquiv>
                <TextStyle fontFamily="Times New Roman" fontSize="10.5"/>
            </TextLine>
            <TextLine id="line_1607719717071_688" primaryLanguage="English" custom="readingOrder {index:1;}">
                <Coords points="1382,3524 2404,3524 2404,3584 1382,3584"/>
                <Baseline points="1382,3581 1473,3579 1783,3572 2008,3571 2198,3569 2364,3568 2404,3571"/>
                <Word id="w_w2aab1b9b2c11b3ab1" language="English" custom="readingOrder {index:0;}">
                    <Coords points="1382,3536 1473,3536 1473,3581 1382,3581"/>
                    <TextEquiv>
                        <Unicode>tur</Unicode>
                    </TextEquiv>
                    <TextStyle fontFamily="Times New Roman" fontSize="10.5"/>
                </Word>
                <Word id="w_w2aab1b9b2c11b3ab9" language="English" custom="readingOrder {index:1;}">
                    <Coords points="1527,3531 1783,3531 1783,3579 1527,3579"/>
                    <TextEquiv>
                        <Unicode>efficaces.</Unicode>
                    </TextEquiv>
                    <TextStyle fontFamily="Times New Roman" fontSize="10.5"/>
                </Word>
                <Word id="w_w2aab1b9b2c11b3ac31" language="English" custom="readingOrder {index:2;}">
                    <Coords points="1829,3529 2008,3529 2008,3573 1829,3573"/>
                    <TextEquiv>
                        <Unicode>Prima</Unicode>
                    </TextEquiv>
                    <TextStyle fontFamily="Times New Roman" fontSize="10.5"/>
                </Word>
                <Word id="w_w2aab1b9b2c11b3ac43" language="English" custom="readingOrder {index:3;}">
                    <Coords points="2058,3538 2198,3538 2198,3571 2058,3571"/>
                    <TextEquiv>
                        <Unicode>enim</Unicode>
                    </TextEquiv>
                    <TextStyle fontFamily="Times New Roman" fontSize="10.5"/>
                </Word>
                <Word id="w_w2aab1b9b2c11b3ac53" language="English" custom="readingOrder {index:4;}">
                    <Coords points="2249,3525 2387,3525 2387,3578 2249,3578"/>
                    <TextEquiv>
                        <Unicode>esset</Unicode>
                    </TextEquiv>
                    <TextStyle fontFamily="Times New Roman" fontSize="10.5"/>
                </Word>
                <TextEquiv>
                    <Unicode>tur efficaces. Prima enim esset Henric.</Unicode>
                </TextEquiv>
            </TextLine>
            <TextLine id="tl_97" primaryLanguage="English" custom="readingOrder {index:2;}">
                <Coords points="1384,3598 2390,3598 2390,3665 1384,3665"/>
                <Baseline points="1384,3656 1586,3661 1682,3651 1865,3650 2203,3645 2390,3643"/>
                <Word id="w_w2aab1b9b2c11b5ab1" language="English" custom="readingOrder {index:0;}">
                    <Coords points="1384,3608 1586,3608 1586,3661 1384,3661"/>
                    <TextEquiv>
                        <Unicode>efficax,</Unicode>
                    </TextEquiv>
                    <TextStyle fontFamily="Times New Roman" fontSize="10.5"/>
                </Word>
                <Word id="w_w2aab1b9b2c11b5ac19" language="English" custom="readingOrder {index:1;}">
                    <Coords points="1637,3606 1682,3606 1682,3652 1637,3652"/>
                    <TextEquiv>
                        <Unicode>si</Unicode>
                    </TextEquiv>
                    <TextStyle fontFamily="Times New Roman" fontSize="10.5"/>
                </Word>
                <Word id="w_w2aab1b9b2c11b5ac25" language="English" custom="readingOrder {index:2;}">
                    <Coords points="1725,3606 1865,3606 1865,3651 1725,3651"/>
                    <TextEquiv>
                        <Unicode>esset</Unicode>
                    </TextEquiv>
                    <TextStyle fontFamily="Times New Roman" fontSize="10.5"/>
                </Word>
                <Word id="w_w2aab1b9b2c11b5ac37" language="English" custom="readingOrder {index:3;}">
                    <Coords points="1921,3601 2203,3601 2203,3662 1921,3662"/>
                    <TextEquiv>
                        <Unicode>probatum</Unicode>
                    </TextEquiv>
                    <TextStyle fontFamily="Times New Roman" fontSize="10.5"/>
                </Word>
                <Word id="w_w2aab1b9b2c11b5ac55" language="English" custom="readingOrder {index:4;}">
                    <Coords points="2257,3598 2390,3598 2390,3658 2257,3658"/>
                    <TextEquiv>
                        <Unicode>quod</Unicode>
                    </TextEquiv>
                    <TextStyle fontFamily="Times New Roman" fontSize="10.5"/>
                </Word>
                <TextEquiv>
                    <Unicode>efficax, si esset probatum quod</Unicode>
                </TextEquiv>
                <TextStyle fontFamily="Times New Roman" fontSize="10.5"/>
            </TextLine>
            <TextEquiv>
                <Unicode>Istae duae (u) rationes non viden- Rejicit v.
tur efficaces. Prima enim esset Henric.
efficax, si esset probatum quod</Unicode>
            </TextEquiv>
        </TextRegion>
    </Page>
</PcGts>
