2711 3950
377 329 530 373 tentiae,
565 331 740 378 propter
776 329 858 368 hoc
908 330 1070 366 tantum
1110 328 1295 377 ponitur,
1336 332 1377 367 ut

374 416 453 455 per
479 405 613 453 ipsam
647 404 867 454 objectum
905 404 1182 453 intelligalur,
1224 413 1309 444 non
1338 408 1383 442 ut

374 491 452 529 per
480 480 616 528 ipsam
646 480 807 530 aliquid
842 483 1090 529 generetur.
1132 480 1331 528 Sequitur
1371 490 1379 516 :

375 563 460 601 Sed
493 565 535 600 ut
564 564 619 599 est
642 562 684 600 in
706 565 798 600 actu
817 563 1030 600 memoriis
1036 591 1045 605 ,
1070 564 1151 600 etc.
1183 560 1383 600 Memoria

373 635 487 675 enim
524 635 640 685 apud
680 637 922 681 Doctorem,
965 639 1008 674 ut
1050 637 1158 675 intra
1208 636 1383 684 patebit,

377 715 443 752 est
470 712 714 752 intellectus
756 711 919 751 habens
952 711 1167 761 objectum
1196 710 1384 761 perfecte

374 798 576 838 praesens,
607 792 648 826 et
686 788 768 826 hoc
805 788 847 826 in
890 789 1054 826 ratione
1092 787 1383 837 inlelligibilis,

374 871 460 900 non
480 864 526 899 ut
545 866 643 899 actu
680 860 898 905 intellecti,
936 861 1033 909 quia
1063 862 1109 898 ut
1141 860 1385 898 intellectus

375 935 504 974 habet
524 935 743 986 objectum
784 944 969 984 praesens
1002 936 1044 972 in
1077 935 1242 972 ratione
1265 933 1384 972 intel¬

373 1011 488 1057 lecti,
516 1014 653 1063 magis
684 1011 836 1050 dicitur
880 1010 1164 1058 intelligentia
1214 1013 1386 1060 propter

376 1087 588 1125 actualem
617 1085 953 1125 intellectionem
999 1096 1122 1134 quam
1160 1085 1305 1132 habet,
1344 1087 1387 1124 et

373 1164 418 1199 ut
438 1161 499 1201 sic
527 1172 615 1200 non
645 1166 710 1200 est
742 1171 842 1200 vere
881 1159 1184 1209 productivus;
1205 1163 1253 1199 ut
1285 1170 1386 1199 vero

374 1237 502 1276 habet
522 1237 742 1287 objectum
764 1246 952 1286 praesens
974 1237 1015 1274 in
1046 1238 1211 1275 ratione
1230 1236 1386 1275 intelli-

375 1313 531 1364 gibilis,
552 1313 633 1352 hoc
677 1316 810 1352 totum
850 1311 1003 1351 dicitur
1033 1312 1256 1358 memoria,
1291 1311 1389 1362 quia

376 1389 457 1427 hoc
475 1391 608 1427 totum
626 1391 690 1427 est
711 1387 966 1438 principium
987 1386 1164 1426 formale
1182 1388 1390 1437 operandi

377 1465 465 1504 sive
482 1464 766 1516 intelligendi,
793 1467 834 1503 et
856 1466 921 1502 est
941 1463 1195 1512 principium
1210 1462 1389 1502 formale

380 1538 649 1589 producendi
668 1540 870 1584 Verbum,
896 1542 938 1577 et
968 1538 1051 1577 hoc
1073 1541 1204 1577 totum
1240 1537 1393 1577 dicitur

381 1618 503 1655 actus
550 1616 723 1665 primus,
771 1617 978 1663 respectu
1025 1617 1146 1652 actus
1195 1612 1390 1653 secundi.

381 1694 511 1732 Actus
542 1691 653 1729 enim
675 1691 853 1739 primus,
883 1691 932 1727 ut
969 1699 1082 1738 saepe
1113 1688 1273 1728 dictum
1311 1689 1392 1734 est,

385 1770 449 1806 est
487 1765 743 1816 principium
781 1763 959 1803 actionis
994 1763 1065 1802 vel
1102 1763 1361 1812 operationis
1381 1773 1389 1809 ;

385 1845 503 1881 actus
541 1852 641 1881 vero
689 1838 909 1880 secundus
949 1842 1013 1879 est
1048 1838 1140 1888 ipsa
1177 1839 1387 1888 operatio,

382 1915 470 1955 sive
509 1915 635 1962 actio,
660 1915 747 1954 sive
788 1914 1030 1965 generatio,
1056 1916 1099 1952 et
1127 1911 1391 1964 hujusmodi.

431 1988 492 2042 (b)
514 1990 705 2028 Secundo
724 1991 797 2030 sic.
818 1987 1016 2028 Secundo
1051 1989 1203 2038 probat
1238 1988 1397 2028 Doctor

381 2067 607 2112 intentum,
656 2065 820 2104 scilicet
867 2063 985 2113 quod
1024 2064 1172 2103 notitia
1214 2063 1397 2112 simplex

379 2150 468 2179 non
503 2142 568 2179 est
587 2139 844 2190 principium
866 2138 1165 2188 productivum
1204 2136 1292 2183 filii,
1314 2148 1392 2187 pa¬

380 2225 454 2266 tet,
477 2221 577 2272 quia
596 2221 806 2270 principio
841 2217 1096 2268 productivo
1135 2226 1395 2268 correspon-

384 2296 457 2336 det
511 2295 769 2346 productum
811 2296 857 2333 ut
904 2292 999 2332 finis
1045 2292 1134 2332 sive
1184 2295 1393 2333 terminus

379 2371 703 2421 productionis;
752 2369 832 2408 sed
872 2367 1035 2407 notitiae
1078 2368 1263 2418 simplici
1308 2377 1395 2407 non

381 2446 692 2498 correspondet
729 2444 906 2496 aliquod
934 2443 1193 2494 productum
1222 2455 1300 2494 per
1328 2444 1396 2493 ip¬

381 2535 487 2571 sam,
526 2526 573 2562 ut
603 2521 699 2561 finis
735 2522 804 2560 vel
837 2521 1043 2559 terminus
1084 2519 1394 2570 productionis,

378 2602 498 2649 patet
541 2599 634 2644 ista,
692 2597 792 2647 quia
829 2595 1062 2635 intellectio
1117 2599 1182 2634 est
1221 2595 1396 2633 ultimus

381 2676 588 2715 terminus
609 2673 847 2724 productus
873 2672 924 2710 ab
955 2671 1194 2717 intellectu,
1233 2675 1275 2709 et
1302 2670 1397 2710 finis

387 2752 560 2791 ultimus
578 2751 773 2789 interitus
793 2747 844 2786 ab
876 2747 1102 2786 intellectu
1129 2749 1171 2784 et
1210 2746 1261 2784 ab
1283 2746 1399 2796 obje¬

388 2829 471 2865 cto.
522 2823 760 2864 Intenditur
799 2822 917 2861 enim
950 2821 1003 2859 ab
1042 2820 1269 2860 intellectu
1307 2820 1400 2859 talis

386 2903 533 2941 notitia
552 2905 600 2940 ut
633 2910 711 2948 per
740 2900 876 2948 ipsam
897 2896 1118 2946 objectum
1145 2898 1306 2934 tantum
1335 2897 1396 2935 in-

389 2978 618 3030 telligatur,
659 2974 739 3014 sed
773 2973 1000 3024 productio
1046 2972 1285 3012 intenditur
1312 2983 1400 3013 non

385 3059 432 3093 ut
459 3053 517 3092 ibi
548 3053 736 3096 sistatur,
777 3048 856 3089 sed
881 3051 929 3087 ut
957 3059 1036 3097 per
1063 3048 1201 3096 ipsam
1240 3047 1399 3096 produ¬

389 3131 503 3167 ctum
537 3128 766 3173 habeatur,
790 3128 834 3163 et
853 3123 912 3161 sic
942 3127 1061 3161 actus
1092 3123 1257 3172 primus
1297 3124 1398 3173 (cu-

380 3202 572 3254 jusmodi
629 3205 692 3240 est
744 3197 981 3249 memoria)
1034 3201 1098 3236 est
1145 3197 1401 3247 principium

389 3279 705 3331 productivum,
730 3280 771 3315 et
804 3285 892 3315 non
923 3278 1042 3312 actus
1073 3273 1307 3320 secundus,
1325 3283 1401 3312 cu¬

382 3357 454 3407 jus
461 3354 574 3394 modi
596 3359 662 3392 est
681 3351 935 3390 intellectio.

440 3436 496 3488 (e.)
544 3436 679 3473 Tertio
716 3435 790 3472 sic.
833 3432 911 3471 Ista
960 3430 1064 3469 ratio
1113 3433 1195 3469 stat
1234 3431 1275 3468 in
1315 3442 1400 3469 uno

392 3511 522 3558 dict),
558 3508 755 3548 videlicet
785 3506 901 3557 quod
940 3505 1103 3544 habens
1146 3505 1400 3555 principium

393 3589 706 3640 productivum,
742 3589 808 3625 cui
846 3595 933 3625 non
960 3583 1270 3633 correspondet
1302 3593 1400 3632 pro¬

1455 328 1631 367 ductum
1672 329 1958 380 adaequatum,
2007 329 2148 377 potest
2192 326 2261 365 illo
2303 321 2462 375 produ¬

1455 414 1570 451 cere,
1586 404 1663 443 sed
1685 405 1806 444 Pater
1824 404 1985 444 habens
2006 401 2266 442 intellectum
2284 402 2326 439 et
2343 398 2463 449 obje¬

1456 480 1572 517 ctum
1605 478 1795 528 perfecte
1839 488 2022 528 praesens
2054 477 2304 522 intellectui,
2337 473 2467 512 habet

1456 556 1710 606 principium
1767 556 1946 596 formale
1998 554 2295 606 productivum
2352 551 2464 599 Filii;

1458 642 1560 683 ergo
1609 635 1642 672 si
1673 633 1797 672 Filius
1845 643 1922 682 per
1949 631 2028 670 tale
2082 631 2336 680 principium
2381 636 2469 666 non

1459 719 1523 753 est
1559 712 1808 762 productus,
1858 713 2000 753 adhuc
2041 712 2165 750 Pater
2204 710 2273 750 illo
2316 706 2467 758 princi¬

1457 791 1526 838 pio
1565 793 1706 838 potest
1743 789 1998 839 producere.
2024 787 2062 826 Si
2103 797 2208 837 ergo
2250 795 2328 834 per
2361 785 2467 823 Hen-

1458 865 1592 902 ricurn
1615 865 1738 904 Pater
1768 864 1964 914 producit
2002 863 2148 902 Filium
2186 860 2336 900 notitia
2365 859 2468 899 sim¬

1462 940 1557 988 plici
1575 943 1623 978 ut
1644 941 1852 990 principio
1891 938 2139 988 productivo
2165 951 2174 985 ;
2212 948 2315 987 ergo
2346 934 2470 973 Paler

1457 1014 1588 1053 habet
1616 1015 1763 1055 Filium
1809 1017 1908 1054 ante
1948 1014 2106 1060 Filium,
2139 1012 2242 1062 quia
2265 1008 2470 1050 memoria

1458 1096 1505 1130 ut
1558 1091 1778 1137 memoria,
1837 1093 1903 1130 est
1974 1090 2228 1138 principium
2290 1086 2469 1126 formale

1459 1165 1761 1216 productivum
1793 1165 1934 1211 Verbi,
1975 1168 2024 1203 ut
2056 1166 2176 1214 patet
2212 1174 2291 1213 per
2327 1166 2467 1213 Augu¬

1461 1243 1633 1289 stinum,
1667 1246 1708 1282 et
1746 1241 2139 1292 experimentaliter
2175 1243 2294 1290 patet
2322 1241 2364 1278 in
2393 1249 2471 1278 no¬

1459 1318 1539 1366 bis,
1571 1319 1669 1368 quia
1701 1319 1874 1357 verbum
1914 1321 2103 1357 nostrum
2136 1315 2273 1368 (quod
2311 1319 2376 1355 est
2414 1315 2474 1353 in¬

1464 1394 1648 1433 tellectio
1672 1393 1861 1443 perfecta
1895 1393 2069 1443 objecti)
2107 1392 2353 1432 immediate
2375 1402 2474 1441 pro¬

1464 1468 1633 1508 ducitur
1653 1480 1675 1508 a
1716 1468 1932 1515 memoria,
1972 1467 2171 1508 videlicet
2211 1468 2261 1507 ab
2304 1467 2467 1507 intelle¬

1465 1546 1536 1583 ctu
1566 1547 1609 1583 et
1647 1543 1814 1594 objecto
1851 1549 2075 1594 praesente,
2099 1547 2146 1583 ut
2184 1544 2340 1593 patebit
2363 1542 2468 1584 infra

1464 1620 1558 1659 disl.
1589 1620 1654 1660 27.
1697 1624 1739 1659 et
1774 1621 1916 1659 multae
1954 1622 2054 1659 sunt
2091 1620 2366 1659 auctoritates
2393 1620 2474 1659 Au¬

1465 1697 1641 1746 gustini,
1708 1697 1825 1748 quod
1861 1697 2050 1736 Verbum
2099 1701 2166 1736 est
2202 1709 2224 1736 a
2262 1695 2469 1736 memoria

1467 1776 1513 1810 ut
1569 1773 1791 1813 memoria.
1840 1773 1880 1812 Si
1928 1784 2030 1824 ergo
2078 1773 2320 1812 secundum
2366 1773 2474 1811 Hen-

1466 1848 1602 1886 ricum
1632 1849 1772 1898 ipsum
1821 1850 2007 1888 Verbum
2037 1852 2178 1898 potest
2207 1860 2302 1888 esse
2339 1860 2363 1888 a
2399 1858 2476 1887 no¬

1470 1925 1556 1964 titia
1594 1925 1788 1976 simplici,
1813 1929 1856 1965 et
1887 1935 1983 1964 cum
2023 1926 2151 1966 etiam
2172 1927 2306 1976 possit
2335 1935 2430 1965 esse
2454 1937 2478 1964 a

1468 2003 1688 2048 memoria,
1738 2004 1785 2041 ut
1824 2002 1933 2047 dixi;
1992 2012 2094 2053 ergo
2137 2002 2262 2041 Pater
2304 2000 2481 2041 habebit

1469 2064 1552 2105 duo
1609 2065 1750 2105 Verba
1800 2066 1888 2105 sive
1945 2066 2053 2105 duos
2107 2067 2245 2114 Filios,
2297 2074 2480 2116 quorum

1467 2151 1603 2179 unum
1642 2141 1949 2192 correspondet
1997 2142 2213 2182 memoriae
2267 2145 2310 2181 et
2365 2139 2478 2180 aliud

1468 2218 1629 2256 notitiae
1673 2218 1868 2267 simplici,
1901 2217 2018 2267 quod
2059 2221 2123 2256 est
2154 2218 2478 2263 inconveniens,

1473 2295 1514 2330 et
1532 2292 1613 2330 hoc
1646 2292 1831 2331 intendit
1850 2293 2008 2331 Doctor
2038 2292 2082 2330 in
2120 2293 2198 2332 ista
2232 2293 2388 2332 littera.

1521 2367 1580 2420 (d)
1616 2371 1828 2409 Praeterea
1832 2371 1841 2416 ,
1883 2369 2060 2408 Verbum,
2097 2373 2154 2408 est
2190 2369 2306 2408 illius
2337 2372 2481 2409 imme¬

1470 2445 1626 2483 diatius
1656 2446 1842 2483 verbum.
1878 2444 1947 2483 Hic
1988 2446 2144 2484 Doctor
2175 2447 2314 2495 arguit
2336 2447 2482 2484 contra

1470 2520 1695 2558 Ilenricum
1743 2519 2002 2560 deducendo
2060 2520 2115 2560 ad
2150 2532 2285 2560 unum
2331 2521 2475 2560 incon¬

1470 2596 1663 2643 veniens,
1711 2595 1911 2636 videlicet
1959 2596 2075 2646 quod
2125 2597 2312 2636 Verbum
2371 2599 2486 2636 esset

1470 2670 1757 2710 immediatius
1794 2673 2088 2721 expressivum
2126 2674 2284 2713 notitiae
2321 2672 2483 2721 simpli¬

1474 2747 1532 2785 cis
1571 2757 1699 2797 quam
1738 2748 1934 2789 essentiae
1968 2748 2138 2787 divinae.
2201 2750 2248 2788 Et
2287 2750 2403 2800 quod
2433 2750 2485 2789 sit

1470 2823 1795 2870 inconveniens,
1828 2827 1942 2873 patet
1978 2825 2107 2864 etiam
2142 2826 2186 2864 in
2224 2826 2364 2874 nobis,
2388 2827 2488 2877 quia

1470 2898 1651 2936 verbum
1688 2902 1884 2938 nostrum
1915 2900 2004 2938 sive
2036 2901 2267 2940 intellectio
2291 2901 2483 2951 perfecta

1472 2973 1632 3023 objecti
1654 2974 1900 3014 immediate
1924 2977 2119 3024 exprimit
2151 2979 2193 3015 et
2222 2976 2478 3025 manifestat,

1474 3047 1749 3099 declaratque
1780 3051 1921 3099 ipsum
1954 3051 2173 3102 objectum
2212 3063 2234 3090 a
2274 3063 2357 3102 quo
2381 3064 2479 3102 spe-

1476 3124 1676 3171 cifieatur,
1698 3129 1745 3164 ut
1782 3130 1913 3176 patet,
1954 3129 1996 3165 et
2041 3137 2128 3166 non
2163 3128 2314 3169 dicitur
2344 3131 2482 3178 expri¬

1474 3211 1592 3239 mere
1641 3203 1729 3241 sive
1774 3201 2049 3241 manifestare
2105 3203 2228 3242 aliam
2285 3205 2481 3244 notitiam

1476 3276 1649 3327 objecti.
1693 3276 1760 3316 Sic
1805 3278 1845 3316 in
1885 3281 2102 3327 proposito
2144 3279 2289 3319 notitia
2316 3282 2477 3332 genita,

1476 3353 1716 3392 secundum
1753 3353 2038 3392 communiter
2062 3354 2306 3404 loquentes,
2331 3356 2484 3396 dicitur

1475 3428 1723 3467 immediate
1755 3429 1997 3478 expressiva
2040 3430 2194 3481 objecti
2217 3433 2304 3470 sive
2342 3443 2487 3472 essen¬

1477 3506 1540 3543 tiae
1585 3503 1758 3550 divmae,
1810 3506 1897 3544 sive
1931 3506 2148 3545 memoriae
2185 3505 2401 3548 fecunda?,.
2443 3509 2483 3547 Si

1478 3591 1581 3631 ergo
1621 3581 1713 3619 talis
1755 3582 1905 3619 notitia
1942 3581 2089 3632 genita
2125 3583 2372 3624 immediate
2411 3595 2488 3624 ex-
