<?xml version="1.0" encoding="UTF-8" standalone="yes"?>
<PcGts xmlns="http://schema.primaresearch.org/PAGE/gts/pagecontent/2013-07-15" xmlns:xsi="http://www.w3.org/2001/XMLSchema-instance" xsi:schemaLocation="http://schema.primaresearch.org/PAGE/gts/pagecontent/2013-07-15 http://schema.primaresearch.org/PAGE/gts/pagecontent/2013-07-15/pagecontent.xsd">
    <Metadata>
        <Creator>Transkribus</Creator>
        <Created>2020-11-20T14:44:27.962+01:00</Created>
        <LastChange>2020-12-11T21:50:17.549+01:00</LastChange>
        <Comments>
                Measurement unit: pixel
                PrimaryLanguage: English
                Language: Latin
                Producer: Transkribus
            </Comments>
        <TranskribusMetadata docId="541769" pageId="22791189" pageNr="58" tsid="50277744" status="IN_PROGRESS" userId="25065" imgUrl="https://files.transkribus.eu/Get?id=RUMHFTUNLKFSMCJWKIUWNXRI&amp;fileType=view" xmlUrl="https://files.transkribus.eu/Get?id=BTEEMTMIBOVBWMYHWFOZVIWV" imageId="17768652"/>
    </Metadata>
    <Page imageFilename="57.jpg" imageWidth="2653" imageHeight="3979">
        <PrintSpace>
            <Coords points="162,171 2315,171 2315,3652 162,3652"/>
        </PrintSpace>
        <ReadingOrder>
            <OrderedGroup id="ro_1616597095544" caption="Regions reading order">
                <RegionRefIndexed index="0" regionRef="r_3_1"/>
                <RegionRefIndexed index="1" regionRef="r_3_2"/>
                <RegionRefIndexed index="2" regionRef="r_3_3"/>
                <RegionRefIndexed index="3" regionRef="r_3_4"/>
                <RegionRefIndexed index="4" regionRef="r_3_5"/>
                <RegionRefIndexed index="5" regionRef="r_3_6"/>
                <RegionRefIndexed index="6" regionRef="r_4_1"/>
                <RegionRefIndexed index="7" regionRef="r_4_2"/>
                <RegionRefIndexed index="8" regionRef="r_4_3"/>
                <RegionRefIndexed index="9" regionRef="r_4_4"/>
                <RegionRefIndexed index="10" regionRef="r_4_5"/>
            </OrderedGroup>
        </ReadingOrder>
        <TextRegion type="paragraph" id="r_3_1" custom="readingOrder {index:0;}">
            <Coords points="199,279 1227,279 1227,1415 199,1415"/>
            <TextLine id="tl_3" primaryLanguage="English" custom="readingOrder {index:0;}">
                <Coords points="211,280 1226,280 1226,346 211,346"/>
                <Baseline points="211,337 370,337 679,336 941,333 1028,334 1226,317"/>
                <Word id="w_w2aab1b5b2b1b1ab1" language="English" custom="readingOrder {index:0;}">
                    <Coords points="211,291 370,291 370,338 211,338"/>
                    <TextEquiv>
                        <Unicode>homo</Unicode>
                    </TextEquiv>
                    <TextStyle fontFamily="Times New Roman" fontSize="12.0"/>
                </Word>
                <Word id="w_w2aab1b5b2b1b1ac11" language="English" custom="readingOrder {index:1;}">
                    <Coords points="401,292 679,292 679,338 401,338"/>
                    <TextEquiv>
                        <Unicode>ordinatur</Unicode>
                    </TextEquiv>
                    <TextStyle fontFamily="Times New Roman" fontSize="12.0"/>
                </Word>
                <Word id="w_w2aab1b5b2b1b1ac31" language="English" custom="readingOrder {index:2;}">
                    <Coords points="707,289 941,289 941,336 707,336"/>
                    <TextEquiv>
                        <Unicode>fmaliter</Unicode>
                    </TextEquiv>
                    <TextStyle fontFamily="Times New Roman" fontSize="12.0"/>
                </Word>
                <Word id="w_w2aab1b5b2b1b1ac49" language="English" custom="readingOrder {index:3;}">
                    <Coords points="966,288 1028,288 1028,334 966,334"/>
                    <TextEquiv>
                        <Unicode>ad</Unicode>
                    </TextEquiv>
                    <TextStyle fontFamily="Times New Roman" fontSize="12.0"/>
                </Word>
                <Word id="w_w2aab1b5b2b1b1ac55" language="English" custom="readingOrder {index:4;}">
                    <Coords points="1050,286 1226,286 1226,346 1050,346"/>
                    <TextEquiv>
                        <Unicode>cogni¬</Unicode>
                    </TextEquiv>
                    <TextStyle fontFamily="Times New Roman" fontSize="12.0"/>
                </Word>
                <TextEquiv>
                    <Unicode>homo ordinatur fmaliter ad cogni¬</Unicode>
                </TextEquiv>
                <TextStyle fontFamily="Times New Roman" fontSize="12.0"/>
            </TextLine>
            <TextLine id="tl_4" primaryLanguage="English" custom="readingOrder {index:1;}">
                <Coords points="212,358 1224,358 1224,430 212,430"/>
                <Baseline points="212,413 413,414 917,415 1088,409 1224,393"/>
                <Word id="w_w2aab1b5b2b1b3ab1" language="English" custom="readingOrder {index:0;}">
                    <Coords points="212,367 413,367 413,414 212,414"/>
                    <TextEquiv>
                        <Unicode>tionem</Unicode>
                    </TextEquiv>
                    <TextStyle fontFamily="Times New Roman" fontSize="12.0"/>
                </Word>
                <Word id="w_w2aab1b5b2b1b3ac15" language="English" custom="readingOrder {index:1;}">
                    <Coords points="437,365 917,365 917,426 437,426"/>
                    <TextEquiv>
                        <Unicode>supernaturalem,</Unicode>
                    </TextEquiv>
                    <TextStyle fontFamily="Times New Roman" fontSize="12.0"/>
                </Word>
                <Word id="w_w2aab1b5b2b1b3ac47" language="English" custom="readingOrder {index:2;}">
                    <Coords points="937,363 1088,363 1088,423 937,423"/>
                    <TextEquiv>
                        <Unicode>cujus</Unicode>
                    </TextEquiv>
                    <TextStyle fontFamily="Times New Roman" fontSize="12.0"/>
                </Word>
                <Word id="w_w2aab1b5b2b1b3ac59" language="English" custom="readingOrder {index:3;}">
                    <Coords points="1107,376 1224,376 1224,422 1107,422"/>
                    <TextEquiv>
                        <Unicode>pro¬</Unicode>
                    </TextEquiv>
                    <TextStyle fontFamily="Times New Roman" fontSize="12.0"/>
                </Word>
                <TextEquiv>
                    <Unicode>tionem supernaturalem, cujus pro¬</Unicode>
                </TextEquiv>
                <TextStyle fontFamily="Times New Roman" fontSize="12.0"/>
            </TextLine>
            <TextLine id="tl_5" primaryLanguage="English" custom="readingOrder {index:2;}">
                <Coords points="212,433 1222,433 1222,507 212,507"/>
                <Baseline points="212,488 353,488 640,488 755,486 1118,484 1221,484"/>
                <Word id="w_w2aab1b5b2b1b5ab1" language="English" custom="readingOrder {index:0;}">
                    <Coords points="212,443 353,443 353,489 212,489"/>
                    <TextEquiv>
                        <Unicode>batio</Unicode>
                    </TextEquiv>
                    <TextStyle fontFamily="Times New Roman" fontSize="12.0"/>
                </Word>
                <Word id="w_w2aab1b5b2b1b5ac13" language="English" custom="readingOrder {index:1;}">
                    <Coords points="411,443 640,443 640,503 411,503"/>
                    <TextEquiv>
                        <Unicode>pertinet</Unicode>
                    </TextEquiv>
                    <TextStyle fontFamily="Times New Roman" fontSize="12.0"/>
                </Word>
                <Word id="w_w2aab1b5b2b1b5ac31" language="English" custom="readingOrder {index:2;}">
                    <Coords points="693,441 755,441 755,487 693,487"/>
                    <TextEquiv>
                        <Unicode>ad</Unicode>
                    </TextEquiv>
                    <TextStyle fontFamily="Times New Roman" fontSize="12.0"/>
                </Word>
                <Word id="w_w2aab1b5b2b1b5ac37" language="English" custom="readingOrder {index:3;}">
                    <Coords points="799,440 1118,440 1118,500 799,500"/>
                    <TextEquiv>
                        <Unicode>quaestiones</Unicode>
                    </TextEquiv>
                    <TextStyle fontFamily="Times New Roman" fontSize="12.0"/>
                </Word>
                <Word id="w_w2aab1b5b2b1b5ac61" language="English" custom="readingOrder {index:4;}">
                    <Coords points="1163,439 1221,439 1221,485 1163,485"/>
                    <TextEquiv>
                        <Unicode>de</Unicode>
                    </TextEquiv>
                    <TextStyle fontFamily="Times New Roman" fontSize="12.0"/>
                </Word>
                <TextEquiv>
                    <Unicode>batio pertinet ad quaestiones de</Unicode>
                </TextEquiv>
                <TextStyle fontFamily="Times New Roman" fontSize="12.0"/>
            </TextLine>
            <TextLine id="tl_6" primaryLanguage="English" custom="readingOrder {index:3;}">
                <Coords points="208,509 1220,509 1220,573 208,573"/>
                <Baseline points="208,560 543,569 628,564 723,561 881,559 1018,559 1220,544"/>
                <Word id="w_w2aab1b5b2b1b7ab1" language="English" custom="readingOrder {index:0;}">
                    <Coords points="208,515 543,515 543,569 208,569"/>
                    <TextEquiv>
                        <Unicode>beatitudine,</Unicode>
                    </TextEquiv>
                    <TextStyle fontFamily="Times New Roman" fontSize="12.0"/>
                </Word>
                <Word id="w_w2aab1b5b2b1b7ac27" language="English" custom="readingOrder {index:1;}">
                    <Coords points="577,519 628,519 628,564 577,564"/>
                    <TextEquiv>
                        <Unicode>et</Unicode>
                    </TextEquiv>
                    <TextStyle fontFamily="Times New Roman" fontSize="12.0"/>
                </Word>
                <Word id="w_w2aab1b5b2b1b7ac33" language="English" custom="readingOrder {index:2;}">
                    <Coords points="679,515 723,515 723,561 679,561"/>
                    <TextEquiv>
                        <Unicode>si</Unicode>
                    </TextEquiv>
                    <TextStyle fontFamily="Times New Roman" fontSize="12.0"/>
                </Word>
                <Word id="w_w2aab1b5b2b1b7ac39" language="English" custom="readingOrder {index:3;}">
                    <Coords points="762,527 881,527 881,561 762,561"/>
                    <TextEquiv>
                        <Unicode>cum</Unicode>
                    </TextEquiv>
                    <TextStyle fontFamily="Times New Roman" fontSize="12.0"/>
                </Word>
                <Word id="w_w2aab1b5b2b1b7ac47" language="English" custom="readingOrder {index:4;}">
                    <Coords points="920,513 1018,513 1018,559 920,559"/>
                    <TextEquiv>
                        <Unicode>hoc</Unicode>
                    </TextEquiv>
                    <TextStyle fontFamily="Times New Roman" fontSize="12.0"/>
                </Word>
                <Word id="w_w2aab1b5b2b1b7ac55" language="English" custom="readingOrder {index:5;}">
                    <Coords points="1051,517 1220,517 1220,560 1051,560"/>
                    <TextEquiv>
                        <Unicode>osten¬</Unicode>
                    </TextEquiv>
                    <TextStyle fontFamily="Times New Roman" fontSize="12.0"/>
                </Word>
                <TextEquiv>
                    <Unicode>beatitudine, et si cum hoc osten¬</Unicode>
                </TextEquiv>
                <TextStyle fontFamily="Times New Roman" fontSize="12.0"/>
            </TextLine>
            <TextLine id="tl_7" primaryLanguage="English" custom="readingOrder {index:4;}">
                <Coords points="208,584 1219,584 1219,654 208,654"/>
                <Baseline points="208,637 424,636 845,635 1219,633"/>
                <Word id="w_w2aab1b5b2b1b9ab1" language="English" custom="readingOrder {index:0;}">
                    <Coords points="208,591 424,591 424,637 208,637"/>
                    <TextEquiv>
                        <Unicode>deretur</Unicode>
                    </TextEquiv>
                    <TextStyle fontFamily="Times New Roman" fontSize="12.0"/>
                </Word>
                <Word id="w_w2aab1b5b2b1b9ac17" language="English" custom="readingOrder {index:1;}">
                    <Coords points="485,590 845,590 845,650 485,650"/>
                    <TextEquiv>
                        <Unicode>cognitionem</Unicode>
                    </TextEquiv>
                    <TextStyle fontFamily="Times New Roman" fontSize="12.0"/>
                </Word>
                <Word id="w_w2aab1b5b2b1b9ac41" language="English" custom="readingOrder {index:2;}">
                    <Coords points="917,590 1219,590 1219,636 917,636"/>
                    <TextEquiv>
                        <Unicode>naturalem</Unicode>
                    </TextEquiv>
                    <TextStyle fontFamily="Times New Roman" fontSize="12.0"/>
                </Word>
                <TextEquiv>
                    <Unicode>deretur cognitionem naturalem</Unicode>
                </TextEquiv>
                <TextStyle fontFamily="Times New Roman" fontSize="12.0"/>
            </TextLine>
            <TextLine id="tl_8" primaryLanguage="English" custom="readingOrder {index:5;}">
                <Coords points="209,662 1218,662 1218,728 209,728"/>
                <Baseline points="209,711 315,712 663,712 962,712 1081,710 1218,696"/>
                <Word id="w_w2aab1b5b2b1c11ab1" language="English" custom="readingOrder {index:0;}">
                    <Coords points="209,679 315,679 315,712 209,712"/>
                    <TextEquiv>
                        <Unicode>non</Unicode>
                    </TextEquiv>
                    <TextStyle fontFamily="Times New Roman" fontSize="12.0"/>
                </Word>
                <Word id="w_w2aab1b5b2b1c11ab9" language="English" custom="readingOrder {index:1;}">
                    <Coords points="339,666 663,666 663,714 339,714"/>
                    <TextEquiv>
                        <Unicode>sufficienter</Unicode>
                    </TextEquiv>
                    <TextStyle fontFamily="Times New Roman" fontSize="12.0"/>
                </Word>
                <Word id="w_w2aab1b5b2b1c11ac35" language="English" custom="readingOrder {index:2;}">
                    <Coords points="684,665 962,665 962,726 684,726"/>
                    <TextEquiv>
                        <Unicode>disponere</Unicode>
                    </TextEquiv>
                    <TextStyle fontFamily="Times New Roman" fontSize="12.0"/>
                </Word>
                <Word id="w_w2aab1b5b2b1c11ac55" language="English" custom="readingOrder {index:3;}">
                    <Coords points="988,678 1081,678 1081,724 988,724"/>
                    <TextEquiv>
                        <Unicode>pro</Unicode>
                    </TextEquiv>
                    <TextStyle fontFamily="Times New Roman" fontSize="12.0"/>
                </Word>
                <Word id="w_w2aab1b5b2b1c11ac63" language="English" custom="readingOrder {index:4;}">
                    <Coords points="1112,668 1218,668 1218,712 1112,712"/>
                    <TextEquiv>
                        <Unicode>sta¬</Unicode>
                    </TextEquiv>
                    <TextStyle fontFamily="Times New Roman" fontSize="12.0"/>
                </Word>
                <TextEquiv>
                    <Unicode>non sufficienter disponere pro sta¬</Unicode>
                </TextEquiv>
                <TextStyle fontFamily="Times New Roman" fontSize="12.0"/>
            </TextLine>
            <TextLine id="tl_9" primaryLanguage="English" custom="readingOrder {index:6;}">
                <Coords points="205,736 1217,736 1217,805 205,805"/>
                <Baseline points="205,788 264,787 405,795 494,788 875,787 1217,772"/>
                <Word id="w_w2aab1b5b2b1c13ab1" language="English" custom="readingOrder {index:0;}">
                    <Coords points="205,745 264,745 264,788 205,788"/>
                    <TextEquiv>
                        <Unicode>tu</Unicode>
                    </TextEquiv>
                    <TextStyle fontFamily="Times New Roman" fontSize="12.0"/>
                </Word>
                <Word id="w_w2aab1b5b2b1c13ab7" language="English" custom="readingOrder {index:1;}">
                    <Coords points="287,743 405,743 405,795 287,795"/>
                    <TextEquiv>
                        <Unicode>isto,</Unicode>
                    </TextEquiv>
                    <TextStyle fontFamily="Times New Roman" fontSize="12.0"/>
                </Word>
                <Word id="w_w2aab1b5b2b1c13ac19" language="English" custom="readingOrder {index:2;}">
                    <Coords points="432,743 494,743 494,789 432,789"/>
                    <TextEquiv>
                        <Unicode>ad</Unicode>
                    </TextEquiv>
                    <TextStyle fontFamily="Times New Roman" fontSize="12.0"/>
                </Word>
                <Word id="w_w2aab1b5b2b1c13ac25" language="English" custom="readingOrder {index:3;}">
                    <Coords points="516,742 875,742 875,802 516,802"/>
                    <TextEquiv>
                        <Unicode>cognitionem</Unicode>
                    </TextEquiv>
                    <TextStyle fontFamily="Times New Roman" fontSize="12.0"/>
                </Word>
                <Word id="w_w2aab1b5b2b1c13ac49" language="English" custom="readingOrder {index:4;}">
                    <Coords points="904,742 1217,742 1217,800 904,800"/>
                    <TextEquiv>
                        <Unicode>supernatu¬</Unicode>
                    </TextEquiv>
                    <TextStyle fontFamily="Times New Roman" fontSize="12.0"/>
                </Word>
                <TextEquiv>
                    <Unicode>tu isto, ad cognitionem supernatu¬</Unicode>
                </TextEquiv>
                <TextStyle fontFamily="Times New Roman" fontSize="12.0"/>
            </TextLine>
            <TextLine id="tl_10" primaryLanguage="English" custom="readingOrder {index:7;}">
                <Coords points="208,811 1215,811 1215,880 208,880"/>
                <Baseline points="208,862 375,863 834,859 1102,862 1215,847"/>
                <Word id="w_w2aab1b5b2b1c15ab1" language="English" custom="readingOrder {index:0;}">
                    <Coords points="208,817 375,817 375,863 208,863"/>
                    <TextEquiv>
                        <Unicode>ralem</Unicode>
                    </TextEquiv>
                    <TextStyle fontFamily="Times New Roman" fontSize="12.0"/>
                </Word>
                <Word id="w_w2aab1b5b2b1c15ac13" language="English" custom="readingOrder {index:1;}">
                    <Coords points="398,818 834,818 834,876 398,876"/>
                    <TextEquiv>
                        <Unicode>consequendam.</Unicode>
                    </TextEquiv>
                    <TextStyle fontFamily="Times New Roman" fontSize="12.0"/>
                </Word>
                <Word id="w_w2aab1b5b2b1c15ac41" language="English" custom="readingOrder {index:2;}">
                    <Coords points="871,816 1102,816 1102,863 871,863"/>
                    <TextEquiv>
                        <Unicode>Secunda</Unicode>
                    </TextEquiv>
                    <TextStyle fontFamily="Times New Roman" fontSize="12.0"/>
                </Word>
                <Word id="w_w2aab1b5b2b1c15ac57" language="English" custom="readingOrder {index:3;}">
                    <Coords points="1132,829 1215,829 1215,862 1132,862"/>
                    <TextEquiv>
                        <Unicode>ra¬</Unicode>
                    </TextEquiv>
                    <TextStyle fontFamily="Times New Roman" fontSize="12.0"/>
                </Word>
                <TextEquiv>
                    <Unicode>ralem consequendam. Secunda ra¬</Unicode>
                </TextEquiv>
                <TextStyle fontFamily="Times New Roman" fontSize="12.0"/>
            </TextLine>
            <TextLine id="tl_11" primaryLanguage="English" custom="readingOrder {index:8;}">
                <Coords points="206,888 1213,888 1213,958 206,958"/>
                <Baseline points="206,939 280,938 454,940 608,946 860,939 1213,936"/>
                <Word id="w_w2aab1b5b2b1c17ab1" language="English" custom="readingOrder {index:0;}">
                    <Coords points="206,893 280,893 280,939 206,939"/>
                    <TextEquiv>
                        <Unicode>tio</Unicode>
                    </TextEquiv>
                    <TextStyle fontFamily="Times New Roman" fontSize="12.0"/>
                </Word>
                <Word id="w_w2aab1b5b2b1c17ab9" language="English" custom="readingOrder {index:1;}">
                    <Coords points="321,892 454,892 454,953 321,953"/>
                    <TextEquiv>
                        <Unicode>petit</Unicode>
                    </TextEquiv>
                    <TextStyle fontFamily="Times New Roman" fontSize="12.0"/>
                </Word>
                <Word id="w_w2aab1b5b2b1c17ac21" language="English" custom="readingOrder {index:2;}">
                    <Coords points="491,893 608,893 608,946 491,946"/>
                    <TextEquiv>
                        <Unicode>duo,</Unicode>
                    </TextEquiv>
                    <TextStyle fontFamily="Times New Roman" fontSize="12.0"/>
                </Word>
                <Word id="w_w2aab1b5b2b1c17ac31" language="English" custom="readingOrder {index:3;}">
                    <Coords points="657,893 860,893 860,940 657,940"/>
                    <TextEquiv>
                        <Unicode>scilicet</Unicode>
                    </TextEquiv>
                    <TextStyle fontFamily="Times New Roman" fontSize="12.0"/>
                </Word>
                <Word id="w_w2aab1b5b2b1c17ac49" language="English" custom="readingOrder {index:4;}">
                    <Coords points="910,893 1213,893 1213,951 910,951"/>
                    <TextEquiv>
                        <Unicode>aliquorum</Unicode>
                    </TextEquiv>
                    <TextStyle fontFamily="Times New Roman" fontSize="12.0"/>
                </Word>
                <TextEquiv>
                    <Unicode>tio petit duo, scilicet aliquorum</Unicode>
                </TextEquiv>
                <TextStyle fontFamily="Times New Roman" fontSize="12.0"/>
            </TextLine>
            <TextLine id="tl_12" primaryLanguage="English" custom="readingOrder {index:9;}">
                <Coords points="204,964 1214,964 1214,1032 204,1032"/>
                <Baseline points="204,1015 562,1014 693,1015 1084,1020 1214,1013"/>
                <Word id="w_w2aab1b5b2b1c19ab1" language="English" custom="readingOrder {index:0;}">
                    <Coords points="204,969 562,969 562,1027 204,1027"/>
                    <TextEquiv>
                        <Unicode>cognitionem</Unicode>
                    </TextEquiv>
                    <TextStyle fontFamily="Times New Roman" fontSize="12.0"/>
                </Word>
                <Word id="w_w2aab1b5b2b1c19ac25" language="English" custom="readingOrder {index:1;}">
                    <Coords points="577,982 693,982 693,1015 577,1015"/>
                    <TextEquiv>
                        <Unicode>esse</Unicode>
                    </TextEquiv>
                    <TextStyle fontFamily="Times New Roman" fontSize="12.0"/>
                </Word>
                <Word id="w_w2aab1b5b2b1c19ac35" language="English" custom="readingOrder {index:2;}">
                    <Coords points="708,969 1084,969 1084,1020 708,1020"/>
                    <TextEquiv>
                        <Unicode>necessariam,</Unicode>
                    </TextEquiv>
                    <TextStyle fontFamily="Times New Roman" fontSize="12.0"/>
                </Word>
                <Word id="w_w2aab1b5b2b1c19ac61" language="English" custom="readingOrder {index:3;}">
                    <Coords points="1102,981 1214,981 1214,1026 1102,1026"/>
                    <TextEquiv>
                        <Unicode>quae</Unicode>
                    </TextEquiv>
                    <TextStyle fontFamily="Times New Roman" fontSize="12.0"/>
                </Word>
                <TextEquiv>
                    <Unicode>cognitionem esse necessariam, quae</Unicode>
                </TextEquiv>
                <TextStyle fontFamily="Times New Roman" fontSize="12.0"/>
            </TextLine>
            <TextLine id="tl_13" primaryLanguage="English" custom="readingOrder {index:10;}">
                <Coords points="203,1039 1214,1039 1214,1110 203,1110"/>
                <Baseline points="204,1090 308,1091 583,1093 883,1092 1028,1091 1214,1090"/>
                <Word id="w_w2aab1b5b2b1c21ab1" language="English" custom="readingOrder {index:0;}">
                    <Coords points="204,1059 308,1059 308,1091 204,1091"/>
                    <TextEquiv>
                        <Unicode>non</Unicode>
                    </TextEquiv>
                    <TextStyle fontFamily="Times New Roman" fontSize="12.0"/>
                </Word>
                <Word id="w_w2aab1b5b2b1c21ab9" language="English" custom="readingOrder {index:1;}">
                    <Coords points="361,1049 583,1049 583,1105 361,1105"/>
                    <TextEquiv>
                        <Unicode>possunt</Unicode>
                    </TextEquiv>
                    <TextStyle fontFamily="Times New Roman" fontSize="12.0"/>
                </Word>
                <Word id="w_w2aab1b5b2b1c21ac25" language="English" custom="readingOrder {index:2;}">
                    <Coords points="633,1045 883,1045 883,1105 633,1105"/>
                    <TextEquiv>
                        <Unicode>cognosci</Unicode>
                    </TextEquiv>
                    <TextStyle fontFamily="Times New Roman" fontSize="12.0"/>
                </Word>
                <Word id="w_w2aab1b5b2b1c21ac43" language="English" custom="readingOrder {index:3;}">
                    <Coords points="935,1059 1028,1059 1028,1105 935,1105"/>
                    <TextEquiv>
                        <Unicode>per</Unicode>
                    </TextEquiv>
                    <TextStyle fontFamily="Times New Roman" fontSize="12.0"/>
                </Word>
                <Word id="w_w2aab1b5b2b1c21ac51" language="English" custom="readingOrder {index:4;}">
                    <Coords points="1071,1045 1214,1045 1214,1091 1071,1091"/>
                    <TextEquiv>
                        <Unicode>viam</Unicode>
                    </TextEquiv>
                    <TextStyle fontFamily="Times New Roman" fontSize="12.0"/>
                </Word>
                <TextEquiv>
                    <Unicode>non possunt cognosci per viam</Unicode>
                </TextEquiv>
                <TextStyle fontFamily="Times New Roman" fontSize="12.0"/>
            </TextLine>
            <TextLine id="tl_14" primaryLanguage="English" custom="readingOrder {index:11;}">
                <Coords points="203,1116 1215,1116 1215,1185 203,1185"/>
                <Baseline points="203,1169 469,1175 568,1170 747,1169 969,1168 1215,1153"/>
                <Word id="w_w2aab1b5b2b1c23ab1" language="English" custom="readingOrder {index:0;}">
                    <Coords points="203,1135 469,1135 469,1175 203,1175"/>
                    <TextEquiv>
                        <Unicode>sensuum,</Unicode>
                    </TextEquiv>
                    <TextStyle fontFamily="Times New Roman" fontSize="12.0"/>
                </Word>
                <Word id="w_w2aab1b5b2b1c23ac19" language="English" custom="readingOrder {index:1;}">
                    <Coords points="517,1126 568,1126 568,1170 517,1170"/>
                    <TextEquiv>
                        <Unicode>et</Unicode>
                    </TextEquiv>
                    <TextStyle fontFamily="Times New Roman" fontSize="12.0"/>
                </Word>
                <Word id="w_w2aab1b5b2b1c23ac25" language="English" custom="readingOrder {index:2;}">
                    <Coords points="614,1123 747,1123 747,1182 614,1182"/>
                    <TextEquiv>
                        <Unicode>quod</Unicode>
                    </TextEquiv>
                    <TextStyle fontFamily="Times New Roman" fontSize="12.0"/>
                </Word>
                <Word id="w_w2aab1b5b2b1c23ac35" language="English" custom="readingOrder {index:3;}">
                    <Coords points="791,1123 969,1123 969,1169 791,1169"/>
                    <TextEquiv>
                        <Unicode>lumen</Unicode>
                    </TextEquiv>
                    <TextStyle fontFamily="Times New Roman" fontSize="12.0"/>
                </Word>
                <Word id="w_w2aab1b5b2b1c23ac47" language="English" custom="readingOrder {index:4;}">
                    <Coords points="1014,1122 1215,1122 1215,1168 1014,1168"/>
                    <TextEquiv>
                        <Unicode>intelle¬</Unicode>
                    </TextEquiv>
                    <TextStyle fontFamily="Times New Roman" fontSize="12.0"/>
                </Word>
                <TextEquiv>
                    <Unicode>sensuum, et quod lumen intelle¬</Unicode>
                </TextEquiv>
                <TextStyle fontFamily="Times New Roman" fontSize="12.0"/>
            </TextLine>
            <TextLine id="tl_15" primaryLanguage="English" custom="readingOrder {index:12;}">
                <Coords points="204,1190 1215,1190 1215,1262 204,1262"/>
                <Baseline points="204,1245 322,1244 576,1253 680,1245 765,1245 924,1244 1215,1227"/>
                <Word id="w_w2aab1b5b2b1c25ab1" language="English" custom="readingOrder {index:0;}">
                    <Coords points="204,1201 322,1201 322,1245 204,1245"/>
                    <TextEquiv>
                        <Unicode>ctus</Unicode>
                    </TextEquiv>
                    <TextStyle fontFamily="Times New Roman" fontSize="12.0"/>
                </Word>
                <Word id="w_w2aab1b5b2b1c25ac11" language="English" custom="readingOrder {index:1;}">
                    <Coords points="351,1199 576,1199 576,1257 351,1257"/>
                    <TextEquiv>
                        <Unicode>agentis,</Unicode>
                    </TextEquiv>
                    <TextStyle fontFamily="Times New Roman" fontSize="12.0"/>
                </Word>
                <Word id="w_w2aab1b5b2b1c25ac29" language="English" custom="readingOrder {index:2;}">
                    <Coords points="601,1201 680,1201 680,1246 601,1246"/>
                    <TextEquiv>
                        <Unicode>est</Unicode>
                    </TextEquiv>
                    <TextStyle fontFamily="Times New Roman" fontSize="12.0"/>
                </Word>
                <Word id="w_w2aab1b5b2b1c25ac37" language="English" custom="readingOrder {index:3;}">
                    <Coords points="704,1198 765,1198 765,1245 704,1245"/>
                    <TextEquiv>
                        <Unicode>ad</Unicode>
                    </TextEquiv>
                    <TextStyle fontFamily="Times New Roman" fontSize="12.0"/>
                </Word>
                <Word id="w_w2aab1b5b2b1c25ac43" language="English" custom="readingOrder {index:4;}">
                    <Coords points="794,1198 924,1198 924,1245 794,1245"/>
                    <TextEquiv>
                        <Unicode>talia</Unicode>
                    </TextEquiv>
                    <TextStyle fontFamily="Times New Roman" fontSize="12.0"/>
                </Word>
                <Word id="w_w2aab1b5b2b1c25ac55" language="English" custom="readingOrder {index:5;}">
                    <Coords points="946,1196 1215,1196 1215,1256 946,1256"/>
                    <TextEquiv>
                        <Unicode>cognosci¬</Unicode>
                    </TextEquiv>
                    <TextStyle fontFamily="Times New Roman" fontSize="12.0"/>
                </Word>
                <TextEquiv>
                    <Unicode>ctus agentis, est ad talia cognosci¬</Unicode>
                </TextEquiv>
                <TextStyle fontFamily="Times New Roman" fontSize="12.0"/>
            </TextLine>
            <TextLine id="tl_16" primaryLanguage="English" custom="readingOrder {index:13;}">
                <Coords points="200,1268 1213,1268 1213,1334 200,1334"/>
                <Baseline points="200,1319 328,1320 669,1318 835,1320 996,1320 1213,1318"/>
                <Word id="w_w2aab1b5b2b1c27ab1" language="English" custom="readingOrder {index:0;}">
                    <Coords points="200,1273 328,1273 328,1320 200,1320"/>
                    <TextEquiv>
                        <Unicode>bilia</Unicode>
                    </TextEquiv>
                    <TextStyle fontFamily="Times New Roman" fontSize="12.0"/>
                </Word>
                <Word id="w_w2aab1b5b2b1c27ac13" language="English" custom="readingOrder {index:1;}">
                    <Coords points="361,1273 669,1273 669,1321 361,1321"/>
                    <TextEquiv>
                        <Unicode>limitatum.</Unicode>
                    </TextEquiv>
                    <TextStyle fontFamily="Times New Roman" fontSize="12.0"/>
                </Word>
                <Word id="w_w2aab1b5b2b1c27ac35" language="English" custom="readingOrder {index:2;}">
                    <Coords points="707,1275 835,1275 835,1320 707,1320"/>
                    <TextEquiv>
                        <Unicode>Tres</Unicode>
                    </TextEquiv>
                    <TextStyle fontFamily="Times New Roman" fontSize="12.0"/>
                </Word>
                <Word id="w_w2aab1b5b2b1c27ac45" language="English" custom="readingOrder {index:3;}">
                    <Coords points="869,1287 996,1287 996,1333 869,1333"/>
                    <TextEquiv>
                        <Unicode>ergo</Unicode>
                    </TextEquiv>
                    <TextStyle fontFamily="Times New Roman" fontSize="12.0"/>
                </Word>
                <Word id="w_w2aab1b5b2b1c27ac55" language="English" custom="readingOrder {index:4;}">
                    <Coords points="1027,1274 1213,1274 1213,1332 1027,1332"/>
                    <TextEquiv>
                        <Unicode>primae</Unicode>
                    </TextEquiv>
                    <TextStyle fontFamily="Times New Roman" fontSize="12.0"/>
                </Word>
                <TextEquiv>
                    <Unicode>bilia limitatum. Tres ergo primae</Unicode>
                </TextEquiv>
                <TextStyle fontFamily="Times New Roman" fontSize="12.0"/>
            </TextLine>
            <TextLine id="tl_17" primaryLanguage="English" custom="readingOrder {index:14;}">
                <Coords points="203,1346 1154,1346 1154,1414 203,1414"/>
                <Baseline points="203,1394 440,1397 854,1395 1154,1393"/>
                <Word id="w_w2aab1b5b2b1c29ab1" language="English" custom="readingOrder {index:0;}">
                    <Coords points="203,1351 440,1351 440,1398 203,1398"/>
                    <TextEquiv>
                        <Unicode>rationes</Unicode>
                    </TextEquiv>
                    <TextStyle fontFamily="Times New Roman" fontSize="12.0"/>
                </Word>
                <Word id="w_w2aab1b5b2b1c29ac19" language="English" custom="readingOrder {index:1;}">
                    <Coords points="464,1350 854,1350 854,1410 464,1410"/>
                    <TextEquiv>
                        <Unicode>probabiliores</Unicode>
                    </TextEquiv>
                    <TextStyle fontFamily="Times New Roman" fontSize="12.0"/>
                </Word>
                <Word id="w_w2aab1b5b2b1c29ac47" language="English" custom="readingOrder {index:2;}">
                    <Coords points="878,1352 1154,1352 1154,1410 878,1410"/>
                    <TextEquiv>
                        <Unicode>apparent.</Unicode>
                    </TextEquiv>
                    <TextStyle fontFamily="Times New Roman" fontSize="12.0"/>
                </Word>
                <TextEquiv>
                    <Unicode>rationes probabiliores apparent.</Unicode>
                </TextEquiv>
                <TextStyle fontFamily="Times New Roman" fontSize="12.0"/>
            </TextLine>
            <TextEquiv>
                <Unicode>homo ordinatur fmaliter ad cogni¬
tionem supernaturalem, cujus pro¬
batio pertinet ad quaestiones de
beatitudine, et si cum hoc osten¬
deretur cognitionem naturalem
non sufficienter disponere pro sta¬
tu isto, ad cognitionem supernatu¬
ralem consequendam. Secunda ra¬
tio petit duo, scilicet aliquorum
cognitionem esse necessariam, quae
non possunt cognosci per viam
sensuum, et quod lumen intelle¬
ctus agentis, est ad talia cognosci¬
bilia limitatum. Tres ergo primae
rationes probabiliores apparent.</Unicode>
            </TextEquiv>
        </TextRegion>
        <TextRegion type="paragraph" id="r_3_2" custom="readingOrder {index:1;}">
            <Coords points="481,1476 921,1476 921,1525 481,1525"/>
            <TextLine id="tl_18" primaryLanguage="English" custom="readingOrder {index:0;}">
                <Coords points="482,1477 920,1477 920,1524 482,1524"/>
                <Baseline points="482,1522 920,1521"/>
                <Word id="w_w2aab1b5b2b3b1ab1" language="English" custom="readingOrder {index:0;}">
                    <Coords points="482,1479 920,1479 920,1522 482,1522"/>
                    <TextEquiv>
                        <Unicode>COMMENTARIUS.</Unicode>
                    </TextEquiv>
                    <TextStyle fontFamily="Times New Roman" fontSize="10.0"/>
                </Word>
                <TextEquiv>
                    <Unicode>COMMENTARIUS.</Unicode>
                </TextEquiv>
                <TextStyle fontFamily="Times New Roman" fontSize="10.0"/>
            </TextLine>
            <TextEquiv>
                <Unicode>COMMENTARIUS.</Unicode>
            </TextEquiv>
        </TextRegion>
        <TextRegion type="paragraph" id="r_3_3" custom="readingOrder {index:2;}">
            <Coords points="186,1595 1209,1595 1209,2265 186,2265"/>
            <TextLine id="tl_19" primaryLanguage="English" custom="readingOrder {index:0;}">
                <Coords points="255,1596 1207,1596 1207,1662 255,1662"/>
                <Baseline points="255,1656 270,1656 521,1643 861,1643 1100,1644 1207,1653"/>
                <Word id="w_w2aab1b5b2b5b1ab1" language="English" custom="readingOrder {index:0;}">
                    <Coords points="255,1599 318,1599 318,1656 255,1656"/>
                    <TextEquiv>
                        <Unicode>(r)</Unicode>
                    </TextEquiv>
                    <TextStyle fontFamily="Times New Roman" fontSize="12.0"/>
                </Word>
                <Word id="w_w2aab1b5b2b5b1b1b1" language="English" custom="readingOrder {index:1;}">
                    <Coords points="359,1601 521,1601 521,1650 359,1650"/>
                    <TextEquiv>
                        <Unicode>Quarto</Unicode>
                    </TextEquiv>
                    <TextStyle fontFamily="Times New Roman" fontSize="10.0" italic="true"/>
                </Word>
                <Word id="w_w2aab1b5b2b5b1b1c15" language="English" custom="readingOrder {index:2;}">
                    <Coords points="552,1602 861,1602 861,1656 552,1656"/>
                    <TextEquiv>
                        <Unicode>'principaliter</Unicode>
                    </TextEquiv>
                    <TextStyle fontFamily="Times New Roman" fontSize="10.0" italic="true"/>
                </Word>
                <Word id="w_w2aab1b5b2b5b1b1c45" language="English" custom="readingOrder {index:3;}">
                    <Coords points="897,1601 1100,1601 1100,1657 897,1657"/>
                    <TextEquiv>
                        <Unicode>arguitur</Unicode>
                    </TextEquiv>
                    <TextStyle fontFamily="Times New Roman" fontSize="10.0" italic="true"/>
                </Word>
                <Word id="w_w2aab1b5b2b5b1b1c63" language="English" custom="readingOrder {index:4;}">
                    <Coords points="1130,1603 1207,1603 1207,1653 1130,1653"/>
                    <TextEquiv>
                        <Unicode>sic,</Unicode>
                    </TextEquiv>
                    <TextStyle fontFamily="Times New Roman" fontSize="10.0" italic="true"/>
                </Word>
                <TextEquiv>
                    <Unicode>(r) Quarto 'principaliter arguitur sic,</Unicode>
                </TextEquiv>
            </TextLine>
            <TextLine id="tl_20" primaryLanguage="English" custom="readingOrder {index:1;}">
                <Coords points="197,1671 1208,1671 1208,1724 197,1724"/>
                <Baseline points="197,1718 277,1718 486,1718 691,1718 969,1718 1208,1719"/>
                <Word id="w_w2aab1b5b2b5b3ab1" language="English" custom="readingOrder {index:0;}">
                    <Coords points="197,1684 277,1684 277,1718 197,1718"/>
                    <TextEquiv>
                        <Unicode>etc.</Unicode>
                    </TextEquiv>
                    <TextStyle fontFamily="Times New Roman" fontSize="10.0"/>
                </Word>
                <Word id="w_w2aab1b5b2b5b3ac11" language="English" custom="readingOrder {index:1;}">
                    <Coords points="317,1676 486,1676 486,1718 317,1718"/>
                    <TextEquiv>
                        <Unicode>Homini</Unicode>
                    </TextEquiv>
                    <TextStyle fontFamily="Times New Roman" fontSize="10.0"/>
                </Word>
                <Word id="w_w2aab1b5b2b5b3ac25" language="English" custom="readingOrder {index:2;}">
                    <Coords points="531,1676 691,1676 691,1719 531,1719"/>
                    <TextEquiv>
                        <Unicode>volenti</Unicode>
                    </TextEquiv>
                    <TextStyle fontFamily="Times New Roman" fontSize="10.0"/>
                </Word>
                <Word id="w_w2aab1b5b2b5b3ac41" language="English" custom="readingOrder {index:3;}">
                    <Coords points="739,1675 969,1675 969,1719 739,1719"/>
                    <TextEquiv>
                        <Unicode>efficaciter</Unicode>
                    </TextEquiv>
                    <TextStyle fontFamily="Times New Roman" fontSize="10.0"/>
                </Word>
                <Word id="w_w2aab1b5b2b5b3ac65" language="English" custom="readingOrder {index:4;}">
                    <Coords points="1016,1676 1208,1676 1208,1719 1016,1719"/>
                    <TextEquiv>
                        <Unicode>ultimam</Unicode>
                    </TextEquiv>
                    <TextStyle fontFamily="Times New Roman" fontSize="10.0"/>
                </Word>
                <TextEquiv>
                    <Unicode>etc. Homini volenti efficaciter ultimam</Unicode>
                </TextEquiv>
                <TextStyle fontFamily="Times New Roman" fontSize="10.0"/>
            </TextLine>
            <TextLine id="tl_21" primaryLanguage="English" custom="readingOrder {index:2;}">
                <Coords points="197,1746 1208,1746 1208,1808 197,1808"/>
                <Baseline points="197,1794 454,1804 721,1793 817,1793 992,1793 1208,1794"/>
                <Word id="w_w2aab1b5b2b5b5ab1" language="English" custom="readingOrder {index:0;}">
                    <Coords points="197,1752 454,1752 454,1804 197,1804"/>
                    <TextEquiv>
                        <Unicode>felicitatem,</Unicode>
                    </TextEquiv>
                    <TextStyle fontFamily="Times New Roman" fontSize="10.0"/>
                </Word>
                <Word id="w_w2aab1b5b2b5b5ac27" language="English" custom="readingOrder {index:1;}">
                    <Coords points="481,1750 721,1750 721,1794 481,1794"/>
                    <TextEquiv>
                        <Unicode>necessaria</Unicode>
                    </TextEquiv>
                    <TextStyle fontFamily="Times New Roman" fontSize="10.0"/>
                </Word>
                <Word id="w_w2aab1b5b2b5b5ac49" language="English" custom="readingOrder {index:2;}">
                    <Coords points="753,1760 817,1760 817,1794 753,1794"/>
                    <TextEquiv>
                        <Unicode>est</Unicode>
                    </TextEquiv>
                    <TextStyle fontFamily="Times New Roman" fontSize="10.0"/>
                </Word>
                <Word id="w_w2aab1b5b2b5b5ac57" language="English" custom="readingOrder {index:3;}">
                    <Coords points="850,1751 992,1751 992,1807 850,1807"/>
                    <TextEquiv>
                        <Unicode>aliqua</Unicode>
                    </TextEquiv>
                    <TextStyle fontFamily="Times New Roman" fontSize="10.0"/>
                </Word>
                <Word id="w_w2aab1b5b2b5b5ac71" language="English" custom="readingOrder {index:4;}">
                    <Coords points="1020,1752 1208,1752 1208,1808 1020,1808"/>
                    <TextEquiv>
                        <Unicode>cognitio</Unicode>
                    </TextEquiv>
                    <TextStyle fontFamily="Times New Roman" fontSize="10.0"/>
                </Word>
                <TextEquiv>
                    <Unicode>felicitatem, necessaria est aliqua cognitio</Unicode>
                </TextEquiv>
                <TextStyle fontFamily="Times New Roman" fontSize="10.0"/>
            </TextLine>
            <TextLine id="tl_22" primaryLanguage="English" custom="readingOrder {index:3;}">
                <Coords points="195,1824 1207,1824 1207,1889 195,1889"/>
                <Baseline points="195,1869 548,1869 688,1869 772,1870 882,1868 1102,1870 1207,1857"/>
                <Word id="w_w2aab1b5b2b5b7ab1" language="English" custom="readingOrder {index:0;}">
                    <Coords points="195,1827 548,1827 548,1884 195,1884"/>
                    <TextEquiv>
                        <Unicode>supernaturalis.</Unicode>
                    </TextEquiv>
                    <TextStyle fontFamily="Times New Roman" fontSize="10.0"/>
                </Word>
                <Word id="w_w2aab1b5b2b5b7ac33" language="English" custom="readingOrder {index:1;}">
                    <Coords points="583,1827 688,1827 688,1876 583,1876"/>
                    <TextEquiv>
                        <Unicode>Quia</Unicode>
                    </TextEquiv>
                    <TextStyle fontFamily="Times New Roman" fontSize="10.0"/>
                </Word>
                <Word id="w_w2aab1b5b2b5b7ac43" language="English" custom="readingOrder {index:2;}">
                    <Coords points="720,1840 772,1840 772,1870 720,1870"/>
                    <TextEquiv>
                        <Unicode>ex</Unicode>
                    </TextEquiv>
                    <TextStyle fontFamily="Times New Roman" fontSize="10.0"/>
                </Word>
                <Word id="w_w2aab1b5b2b5b7ac49" language="English" custom="readingOrder {index:3;}">
                    <Coords points="800,1841 882,1841 882,1883 800,1883"/>
                    <TextEquiv>
                        <Unicode>quo</Unicode>
                    </TextEquiv>
                    <TextStyle fontFamily="Times New Roman" fontSize="10.0"/>
                </Word>
                <Word id="w_w2aab1b5b2b5b7ac57" language="English" custom="readingOrder {index:4;}">
                    <Coords points="910,1835 1102,1835 1102,1871 910,1871"/>
                    <TextEquiv>
                        <Unicode>creatura</Unicode>
                    </TextEquiv>
                    <TextStyle fontFamily="Times New Roman" fontSize="10.0"/>
                </Word>
                <Word id="w_w2aab1b5b2b5b7ac75" language="English" custom="readingOrder {index:5;}">
                    <Coords points="1133,1842 1207,1842 1207,1870 1133,1870"/>
                    <TextEquiv>
                        <Unicode>na¬</Unicode>
                    </TextEquiv>
                    <TextStyle fontFamily="Times New Roman" fontSize="10.0"/>
                </Word>
                <TextEquiv>
                    <Unicode>supernaturalis. Quia ex quo creatura na¬</Unicode>
                </TextEquiv>
                <TextStyle fontFamily="Times New Roman" fontSize="10.0"/>
            </TextLine>
            <TextLine id="tl_23" primaryLanguage="English" custom="readingOrder {index:4;}">
                <Coords points="191,1897 1204,1897 1204,1955 191,1955"/>
                <Baseline points="191,1945 342,1945 590,1945 680,1945 924,1945 1110,1955 1204,1945"/>
                <Word id="w_w2aab1b5b2b5b9ab1" language="English" custom="readingOrder {index:0;}">
                    <Coords points="191,1904 342,1904 342,1946 191,1946"/>
                    <TextEquiv>
                        <Unicode>turalis</Unicode>
                    </TextEquiv>
                    <TextStyle fontFamily="Times New Roman" fontSize="10.0"/>
                </Word>
                <Word id="w_w2aab1b5b2b5b9ac17" language="English" custom="readingOrder {index:1;}">
                    <Coords points="369,1903 590,1903 590,1946 369,1946"/>
                    <TextEquiv>
                        <Unicode>ordinatur</Unicode>
                    </TextEquiv>
                    <TextStyle fontFamily="Times New Roman" fontSize="10.0"/>
                </Word>
                <Word id="w_w2aab1b5b2b5b9ac37" language="English" custom="readingOrder {index:2;}">
                    <Coords points="629,1904 680,1904 680,1945 629,1945"/>
                    <TextEquiv>
                        <Unicode>ad</Unicode>
                    </TextEquiv>
                    <TextStyle fontFamily="Times New Roman" fontSize="10.0"/>
                </Word>
                <Word id="w_w2aab1b5b2b5b9ac43" language="English" custom="readingOrder {index:3;}">
                    <Coords points="729,1903 924,1903 924,1946 729,1946"/>
                    <TextEquiv>
                        <Unicode>ultimum</Unicode>
                    </TextEquiv>
                    <TextStyle fontFamily="Times New Roman" fontSize="10.0"/>
                </Word>
                <Word id="w_w2aab1b5b2b5b9ac59" language="English" custom="readingOrder {index:4;}">
                    <Coords points="965,1903 1110,1903 1110,1955 965,1955"/>
                    <TextEquiv>
                        <Unicode>finem,</Unicode>
                    </TextEquiv>
                    <TextStyle fontFamily="Times New Roman" fontSize="10.0"/>
                </Word>
                <Word id="w_w2aab1b5b2b5b9ac73" language="English" custom="readingOrder {index:5;}">
                    <Coords points="1153,1903 1204,1903 1204,1945 1153,1945"/>
                    <TextEquiv>
                        <Unicode>ad</Unicode>
                    </TextEquiv>
                    <TextStyle fontFamily="Times New Roman" fontSize="10.0"/>
                </Word>
                <TextEquiv>
                    <Unicode>turalis ordinatur ad ultimum finem, ad</Unicode>
                </TextEquiv>
                <TextStyle fontFamily="Times New Roman" fontSize="10.0"/>
            </TextLine>
            <TextLine id="tl_24" primaryLanguage="English" custom="readingOrder {index:5;}">
                <Coords points="191,1974 1205,1974 1205,2040 191,2040"/>
                <Baseline points="191,2034 317,2020 391,2020 480,2032 552,2020 638,2020 712,2019 893,2020 1108,2032 1205,2021"/>
                <Word id="w_w2aab1b5b2b5c11ab1" language="English" custom="readingOrder {index:0;}">
                    <Coords points="191,1992 317,1992 317,2034 191,2034"/>
                    <TextEquiv>
                        <Unicode>quem</Unicode>
                    </TextEquiv>
                    <TextStyle fontFamily="Times New Roman" fontSize="10.0"/>
                </Word>
                <Word id="w_w2aab1b5b2b5c11ac11" language="English" custom="readingOrder {index:1;}">
                    <Coords points="340,1992 391,1992 391,2021 340,2021"/>
                    <TextEquiv>
                        <Unicode>ex</Unicode>
                    </TextEquiv>
                    <TextStyle fontFamily="Times New Roman" fontSize="10.0"/>
                </Word>
                <Word id="w_w2aab1b5b2b5c11ac17" language="English" custom="readingOrder {index:2;}">
                    <Coords points="419,1991 480,1991 480,2032 419,2032"/>
                    <TextEquiv>
                        <Unicode>se,</Unicode>
                    </TextEquiv>
                    <TextStyle fontFamily="Times New Roman" fontSize="10.0"/>
                </Word>
                <Word id="w_w2aab1b5b2b5c11ac25" language="English" custom="readingOrder {index:3;}">
                    <Coords points="511,1978 552,1978 552,2020 511,2020"/>
                    <TextEquiv>
                        <Unicode>id</Unicode>
                    </TextEquiv>
                    <TextStyle fontFamily="Times New Roman" fontSize="10.0"/>
                </Word>
                <Word id="w_w2aab1b5b2b5c11ac31" language="English" custom="readingOrder {index:4;}">
                    <Coords points="574,1987 638,1987 638,2021 574,2021"/>
                    <TextEquiv>
                        <Unicode>est</Unicode>
                    </TextEquiv>
                    <TextStyle fontFamily="Times New Roman" fontSize="10.0"/>
                </Word>
                <Word id="w_w2aab1b5b2b5c11ac39" language="English" custom="readingOrder {index:5;}">
                    <Coords points="659,1992 712,1992 712,2020 659,2020"/>
                    <TextEquiv>
                        <Unicode>ex</Unicode>
                    </TextEquiv>
                    <TextStyle fontFamily="Times New Roman" fontSize="10.0"/>
                </Word>
                <Word id="w_w2aab1b5b2b5c11ac45" language="English" custom="readingOrder {index:6;}">
                    <Coords points="746,1987 893,1987 893,2020 746,2020"/>
                    <TextEquiv>
                        <Unicode>natura</Unicode>
                    </TextEquiv>
                    <TextStyle fontFamily="Times New Roman" fontSize="10.0"/>
                </Word>
                <Word id="w_w2aab1b5b2b5c11ac59" language="English" custom="readingOrder {index:7;}">
                    <Coords points="921,1979 1108,1979 1108,2034 921,2034"/>
                    <TextEquiv>
                        <Unicode>propria,</Unicode>
                    </TextEquiv>
                    <TextStyle fontFamily="Times New Roman" fontSize="10.0"/>
                </Word>
                <Word id="w_w2aab1b5b2b5c11ac77" language="English" custom="readingOrder {index:8;}">
                    <Coords points="1141,1987 1205,1987 1205,2021 1141,2021"/>
                    <TextEquiv>
                        <Unicode>est</Unicode>
                    </TextEquiv>
                    <TextStyle fontFamily="Times New Roman" fontSize="10.0"/>
                </Word>
                <TextEquiv>
                    <Unicode>quem ex se, id est ex natura propria, est</Unicode>
                </TextEquiv>
                <TextStyle fontFamily="Times New Roman" fontSize="10.0"/>
            </TextLine>
            <TextLine id="tl_25" primaryLanguage="English" custom="readingOrder {index:6;}">
                <Coords points="189,2049 1201,2049 1201,2115 189,2115"/>
                <Baseline points="189,2094 457,2104 661,2096 754,2095 923,2096 1123,2097 1201,2097"/>
                <Word id="w_w2aab1b5b2b5c13ab1" language="English" custom="readingOrder {index:0;}">
                    <Coords points="189,2053 457,2053 457,2110 189,2110"/>
                    <TextEquiv>
                        <Unicode>indisposita,</Unicode>
                    </TextEquiv>
                    <TextStyle fontFamily="Times New Roman" fontSize="10.0"/>
                </Word>
                <Word id="w_w2aab1b5b2b5c13ac27" language="English" custom="readingOrder {index:1;}">
                    <Coords points="484,2067 661,2067 661,2097 484,2097"/>
                    <TextEquiv>
                        <Unicode>necesse</Unicode>
                    </TextEquiv>
                    <TextStyle fontFamily="Times New Roman" fontSize="10.0"/>
                </Word>
                <Word id="w_w2aab1b5b2b5c13ac43" language="English" custom="readingOrder {index:2;}">
                    <Coords points="689,2063 754,2063 754,2096 689,2096"/>
                    <TextEquiv>
                        <Unicode>est</Unicode>
                    </TextEquiv>
                    <TextStyle fontFamily="Times New Roman" fontSize="10.0"/>
                </Word>
                <Word id="w_w2aab1b5b2b5c13ac51" language="English" custom="readingOrder {index:3;}">
                    <Coords points="788,2055 923,2055 923,2110 788,2110"/>
                    <TextEquiv>
                        <Unicode>ipsam</Unicode>
                    </TextEquiv>
                    <TextStyle fontFamily="Times New Roman" fontSize="10.0"/>
                </Word>
                <Word id="w_w2aab1b5b2b5c13ac63" language="English" custom="readingOrder {index:4;}">
                    <Coords points="951,2055 1123,2055 1123,2110 951,2110"/>
                    <TextEquiv>
                        <Unicode>disponi</Unicode>
                    </TextEquiv>
                    <TextStyle fontFamily="Times New Roman" fontSize="10.0"/>
                </Word>
                <Word id="w_w2aab1b5b2b5c13ac79" language="English" custom="readingOrder {index:5;}">
                    <Coords points="1150,2055 1201,2055 1201,2097 1150,2097"/>
                    <TextEquiv>
                        <Unicode>ad</Unicode>
                    </TextEquiv>
                    <TextStyle fontFamily="Times New Roman" fontSize="10.0"/>
                </Word>
                <TextEquiv>
                    <Unicode>indisposita, necesse est ipsam disponi ad</Unicode>
                </TextEquiv>
                <TextStyle fontFamily="Times New Roman" fontSize="10.0"/>
            </TextLine>
            <TextLine id="tl_26" primaryLanguage="English" custom="readingOrder {index:7;}">
                <Coords points="190,2123 1202,2123 1202,2185 190,2185"/>
                <Baseline points="190,2168 431,2169 572,2170 755,2179 861,2171 991,2172 1202,2159"/>
                <Word id="w_w2aab1b5b2b5c15ab1" language="English" custom="readingOrder {index:0;}">
                    <Coords points="190,2127 431,2127 431,2170 190,2170"/>
                    <TextEquiv>
                        <Unicode>habendum</Unicode>
                    </TextEquiv>
                    <TextStyle fontFamily="Times New Roman" fontSize="10.0"/>
                </Word>
                <Word id="w_w2aab1b5b2b5c15ac19" language="English" custom="readingOrder {index:1;}">
                    <Coords points="453,2129 572,2129 572,2170 453,2170"/>
                    <TextEquiv>
                        <Unicode>illum</Unicode>
                    </TextEquiv>
                    <TextStyle fontFamily="Times New Roman" fontSize="10.0"/>
                </Word>
                <Word id="w_w2aab1b5b2b5c15ac31" language="English" custom="readingOrder {index:2;}">
                    <Coords points="602,2128 755,2128 755,2179 602,2179"/>
                    <TextEquiv>
                        <Unicode>finem;</Unicode>
                    </TextEquiv>
                    <TextStyle fontFamily="Times New Roman" fontSize="10.0"/>
                </Word>
                <Word id="w_w2aab1b5b2b5c15ac45" language="English" custom="readingOrder {index:3;}">
                    <Coords points="787,2129 861,2129 861,2171 787,2171"/>
                    <TextEquiv>
                        <Unicode>sed</Unicode>
                    </TextEquiv>
                    <TextStyle fontFamily="Times New Roman" fontSize="10.0"/>
                </Word>
                <Word id="w_w2aab1b5b2b5c15ac53" language="English" custom="readingOrder {index:4;}">
                    <Coords points="895,2130 991,2130 991,2172 895,2172"/>
                    <TextEquiv>
                        <Unicode>talis</Unicode>
                    </TextEquiv>
                    <TextStyle fontFamily="Times New Roman" fontSize="10.0"/>
                </Word>
                <Word id="w_w2aab1b5b2b5c15ac65" language="English" custom="readingOrder {index:5;}">
                    <Coords points="1018,2129 1202,2129 1202,2185 1018,2185"/>
                    <TextEquiv>
                        <Unicode>disposi¬</Unicode>
                    </TextEquiv>
                    <TextStyle fontFamily="Times New Roman" fontSize="10.0"/>
                </Word>
                <TextEquiv>
                    <Unicode>habendum illum finem; sed talis disposi¬</Unicode>
                </TextEquiv>
                <TextStyle fontFamily="Times New Roman" fontSize="10.0"/>
            </TextLine>
            <TextLine id="tl_27" primaryLanguage="English" custom="readingOrder {index:8;}">
                <Coords points="187,2201 1137,2201 1137,2264 187,2264"/>
                <Baseline points="187,2245 246,2245 313,2245 416,2245 728,2245 1136,2248"/>
                <Word id="w_w2aab1b5b2b5c17ab1" language="English" custom="readingOrder {index:0;}">
                    <Coords points="187,2203 246,2203 246,2245 187,2245"/>
                    <TextEquiv>
                        <Unicode>tio</Unicode>
                    </TextEquiv>
                    <TextStyle fontFamily="Times New Roman" fontSize="10.0"/>
                </Word>
                <Word id="w_w2aab1b5b2b5c17ab9" language="English" custom="readingOrder {index:1;}">
                    <Coords points="266,2202 313,2202 313,2245 266,2245"/>
                    <TextEquiv>
                        <Unicode>fit</Unicode>
                    </TextEquiv>
                    <TextStyle fontFamily="Times New Roman" fontSize="10.0"/>
                </Word>
                <Word id="w_w2aab1b5b2b5c17ac17" language="English" custom="readingOrder {index:2;}">
                    <Coords points="341,2217 416,2217 416,2259 341,2259"/>
                    <TextEquiv>
                        <Unicode>per</Unicode>
                    </TextEquiv>
                    <TextStyle fontFamily="Times New Roman" fontSize="10.0"/>
                </Word>
                <Word id="w_w2aab1b5b2b5c17ac25" language="English" custom="readingOrder {index:3;}">
                    <Coords points="435,2204 728,2204 728,2260 435,2260"/>
                    <TextEquiv>
                        <Unicode>cognitionem</Unicode>
                    </TextEquiv>
                    <TextStyle fontFamily="Times New Roman" fontSize="10.0"/>
                </Word>
                <Word id="w_w2aab1b5b2b5c17ac49" language="English" custom="readingOrder {index:4;}">
                    <Coords points="753,2206 1136,2206 1136,2260 753,2260"/>
                    <TextEquiv>
                        <Unicode>supernaturalem.</Unicode>
                    </TextEquiv>
                    <TextStyle fontFamily="Times New Roman" fontSize="10.0"/>
                </Word>
                <TextEquiv>
                    <Unicode>tio fit per cognitionem supernaturalem.</Unicode>
                </TextEquiv>
                <TextStyle fontFamily="Times New Roman" fontSize="10.0"/>
            </TextLine>
            <TextEquiv>
                <Unicode>(r) Quarto 'principaliter arguitur sic,
etc. Homini volenti efficaciter ultimam
felicitatem, necessaria est aliqua cognitio
supernaturalis. Quia ex quo creatura na¬
turalis ordinatur ad ultimum finem, ad
quem ex se, id est ex natura propria, est
indisposita, necesse est ipsam disponi ad
habendum illum finem; sed talis disposi¬
tio fit per cognitionem supernaturalem.</Unicode>
            </TextEquiv>
        </TextRegion>
        <TextRegion type="paragraph" id="r_3_4" custom="readingOrder {index:3;}">
            <Coords points="185,2277 1190,2277 1190,2418 185,2418"/>
            <TextLine id="tl_28" primaryLanguage="English" custom="readingOrder {index:0;}">
                <Coords points="247,2278 1189,2278 1189,2340 247,2340"/>
                <Baseline points="247,2322 298,2321 513,2322 646,2322 803,2323 929,2337 1189,2325"/>
                <Word id="w_w2aab1b5b2b7b1ab1" language="English" custom="readingOrder {index:0;}">
                    <Coords points="247,2281 298,2281 298,2322 247,2322"/>
                    <TextEquiv>
                        <Unicode>Si</Unicode>
                    </TextEquiv>
                    <TextStyle fontFamily="Times New Roman" fontSize="10.0" italic="true"/>
                </Word>
                <Word id="w_w2aab1b5b2b7b1ab7" language="English" custom="readingOrder {index:1;}">
                    <Coords points="325,2281 513,2281 513,2323 325,2323"/>
                    <TextEquiv>
                        <Unicode>instetur</Unicode>
                    </TextEquiv>
                    <TextStyle fontFamily="Times New Roman" fontSize="10.0" italic="true"/>
                </Word>
                <Word id="w_w2aab1b5b2b7b1ac25" language="English" custom="readingOrder {index:2;}">
                    <Coords points="532,2281 646,2281 646,2336 532,2336"/>
                    <TextEquiv>
                        <Unicode>quod</Unicode>
                    </TextEquiv>
                    <TextStyle fontFamily="Times New Roman" fontSize="10.0" italic="true"/>
                </Word>
                <Word id="w_w2aab1b5b2b7b1ac35" language="English" custom="readingOrder {index:3;}">
                    <Coords points="671,2294 803,2294 803,2336 671,2336"/>
                    <TextEquiv>
                        <Unicode>agens</Unicode>
                    </TextEquiv>
                    <TextStyle fontFamily="Times New Roman" fontSize="10.0" italic="true"/>
                </Word>
                <Word id="w_w2aab1b5b2b7b1ac47" language="English" custom="readingOrder {index:4;}">
                    <Coords points="820,2283 1075,2283 1075,2337 820,2337"/>
                    <TextEquiv>
                        <Unicode>perfectum,</Unicode>
                    </TextEquiv>
                    <TextStyle fontFamily="Times New Roman" fontSize="10.0" italic="true"/>
                </Word>
                <Word id="w_w2aab1b5b2b7b1b1b3" language="English" custom="readingOrder {index:5;}">
                    <Coords points="1106,2292 1189,2292 1189,2326 1106,2326"/>
                    <TextEquiv>
                        <Unicode>etc.</Unicode>
                    </TextEquiv>
                    <TextStyle fontFamily="Times New Roman" fontSize="10.0"/>
                </Word>
                <TextEquiv>
                    <Unicode>Si instetur quod agens perfectum, etc.</Unicode>
                </TextEquiv>
            </TextLine>
            <TextLine id="tl_29" primaryLanguage="English" custom="readingOrder {index:1;}">
                <Coords points="186,2354 1048,2354 1048,2417 186,2417"/>
                <Baseline points="186,2412 285,2398 431,2406 595,2398 806,2400 944,2400 1048,2401"/>
                <Word id="w_w2aab1b5b2b7b3ab1" language="English" custom="readingOrder {index:0;}">
                    <Coords points="186,2363 285,2363 285,2412 186,2412"/>
                    <TextEquiv>
                        <Unicode>puta</Unicode>
                    </TextEquiv>
                    <TextStyle fontFamily="Times New Roman" fontSize="10.0"/>
                </Word>
                <Word id="w_w2aab1b5b2b7b3ac11" language="English" custom="readingOrder {index:1;}">
                    <Coords points="304,2359 431,2359 431,2406 304,2406"/>
                    <TextEquiv>
                        <Unicode>Deus,</Unicode>
                    </TextEquiv>
                    <TextStyle fontFamily="Times New Roman" fontSize="10.0"/>
                </Word>
                <Word id="w_w2aab1b5b2b7b3ac23" language="English" custom="readingOrder {index:2;}">
                    <Coords points="455,2356 595,2356 595,2399 455,2399"/>
                    <TextEquiv>
                        <Unicode>littera</Unicode>
                    </TextEquiv>
                    <TextStyle fontFamily="Times New Roman" fontSize="10.0"/>
                </Word>
                <Word id="w_w2aab1b5b2b7b3ac39" language="English" custom="readingOrder {index:3;}">
                    <Coords points="621,2369 806,2369 806,2412 621,2412"/>
                    <TextEquiv>
                        <Unicode>sequens</Unicode>
                    </TextEquiv>
                    <TextStyle fontFamily="Times New Roman" fontSize="10.0"/>
                </Word>
                <Word id="w_w2aab1b5b2b7b3ac55" language="English" custom="readingOrder {index:4;}">
                    <Coords points="832,2359 944,2359 944,2400 832,2400"/>
                    <TextEquiv>
                        <Unicode>clara</Unicode>
                    </TextEquiv>
                    <TextStyle fontFamily="Times New Roman" fontSize="10.0"/>
                </Word>
                <Word id="w_w2aab1b5b2b7b3ac67" language="English" custom="readingOrder {index:5;}">
                    <Coords points="969,2368 1048,2368 1048,2401 969,2401"/>
                    <TextEquiv>
                        <Unicode>est.</Unicode>
                    </TextEquiv>
                    <TextStyle fontFamily="Times New Roman" fontSize="10.0"/>
                </Word>
                <TextEquiv>
                    <Unicode>puta Deus, littera sequens clara est.</Unicode>
                </TextEquiv>
                <TextStyle fontFamily="Times New Roman" fontSize="10.0"/>
            </TextLine>
            <TextEquiv>
                <Unicode>Si instetur quod agens perfectum, etc.
puta Deus, littera sequens clara est.</Unicode>
            </TextEquiv>
        </TextRegion>
        <TextRegion type="paragraph" id="r_3_5" custom="readingOrder {index:4;}">
            <Coords points="175,2429 1198,2429 1198,3160 175,3160"/>
            <TextLine id="tl_30" primaryLanguage="English" custom="readingOrder {index:0;}">
                <Coords points="241,2430 1197,2430 1197,2494 241,2494"/>
                <Baseline points="241,2487 256,2487 514,2474 754,2475 807,2475 992,2477 1197,2479"/>
                <Word id="w_w2aab1b5b2b9b1ab1" language="English" custom="readingOrder {index:0;}">
                    <Coords points="241,2431 301,2431 301,2489 241,2489"/>
                    <TextEquiv>
                        <Unicode>(s)</Unicode>
                    </TextEquiv>
                    <TextStyle fontFamily="Times New Roman" fontSize="10.0"/>
                </Word>
                <Word id="w_w2aab1b5b2b9b1b1b1" language="English" custom="readingOrder {index:1;}">
                    <Coords points="357,2433 514,2433 514,2481 357,2481"/>
                    <TextEquiv>
                        <Unicode>Quinio</Unicode>
                    </TextEquiv>
                    <TextStyle fontFamily="Times New Roman" fontSize="10.0" italic="true"/>
                </Word>
                <Word id="w_w2aab1b5b2b9b1b1c15" language="English" custom="readingOrder {index:2;}">
                    <Coords points="552,2435 754,2435 754,2489 552,2489"/>
                    <TextEquiv>
                        <Unicode>arguitur</Unicode>
                    </TextEquiv>
                    <TextStyle fontFamily="Times New Roman" fontSize="10.0" italic="true"/>
                </Word>
                <Word id="w_w2aab1b5b2b9b1b1c33" language="English" custom="readingOrder {index:3;}">
                    <Coords points="787,2436 863,2436 863,2486 787,2486"/>
                    <TextEquiv>
                        <Unicode>sic,</Unicode>
                    </TextEquiv>
                    <TextStyle fontFamily="Times New Roman" fontSize="10.0" italic="true"/>
                </Word>
                <Word id="w_w2aab1b5b2b9b1b2b3" language="English" custom="readingOrder {index:4;}">
                    <Coords points="912,2444 992,2444 992,2477 912,2477"/>
                    <TextEquiv>
                        <Unicode>etc.</Unicode>
                    </TextEquiv>
                    <TextStyle fontFamily="Times New Roman" fontSize="10.0"/>
                </Word>
                <Word id="w_w2aab1b5b2b9b1b2c13" language="English" custom="readingOrder {index:5;}">
                    <Coords points="1039,2437 1197,2437 1197,2479 1039,2479"/>
                    <TextEquiv>
                        <Unicode>Deinde</Unicode>
                    </TextEquiv>
                    <TextStyle fontFamily="Times New Roman" fontSize="10.0"/>
                </Word>
                <TextEquiv>
                    <Unicode>(s) Quinio arguitur sic, etc. Deinde</Unicode>
                </TextEquiv>
            </TextLine>
            <TextLine id="tl_31" primaryLanguage="English" custom="readingOrder {index:1;}">
                <Coords points="183,2505 1195,2505 1195,2568 183,2568"/>
                <Baseline points="184,2549 391,2550 559,2550 797,2552 918,2552 1053,2553 1195,2554"/>
                <Word id="w_w2aab1b5b2b9b3ab1" language="English" custom="readingOrder {index:0;}">
                    <Coords points="184,2508 391,2508 391,2550 184,2550"/>
                    <TextEquiv>
                        <Unicode>Hernicus</Unicode>
                    </TextEquiv>
                    <TextStyle fontFamily="Times New Roman" fontSize="10.0"/>
                </Word>
                <Word id="w_w2aab1b5b2b9b3ac19" language="English" custom="readingOrder {index:1;}">
                    <Coords points="417,2508 559,2508 559,2563 417,2563"/>
                    <TextEquiv>
                        <Unicode>arguit</Unicode>
                    </TextEquiv>
                    <TextStyle fontFamily="Times New Roman" fontSize="10.0"/>
                </Word>
                <Word id="w_w2aab1b5b2b9b3ac33" language="English" custom="readingOrder {index:2;}">
                    <Coords points="579,2508 797,2508 797,2564 579,2564"/>
                    <TextEquiv>
                        <Unicode>probando</Unicode>
                    </TextEquiv>
                    <TextStyle fontFamily="Times New Roman" fontSize="10.0"/>
                </Word>
                <Word id="w_w2aab1b5b2b9b3ac51" language="English" custom="readingOrder {index:3;}">
                    <Coords points="819,2510 918,2510 918,2552 819,2552"/>
                    <TextEquiv>
                        <Unicode>illud</Unicode>
                    </TextEquiv>
                    <TextStyle fontFamily="Times New Roman" fontSize="10.0"/>
                </Word>
                <Word id="w_w2aab1b5b2b9b3ac63" language="English" custom="readingOrder {index:4;}">
                    <Coords points="944,2511 1053,2511 1053,2553 944,2553"/>
                    <TextEquiv>
                        <Unicode>idem</Unicode>
                    </TextEquiv>
                    <TextStyle fontFamily="Times New Roman" fontSize="10.0"/>
                </Word>
                <Word id="w_w2aab1b5b2b9b3ac73" language="English" custom="readingOrder {index:5;}">
                    <Coords points="1082,2513 1195,2513 1195,2568 1082,2568"/>
                    <TextEquiv>
                        <Unicode>quod</Unicode>
                    </TextEquiv>
                    <TextStyle fontFamily="Times New Roman" fontSize="10.0"/>
                </Word>
                <TextEquiv>
                    <Unicode>Hernicus arguit probando illud idem quod</Unicode>
                </TextEquiv>
                <TextStyle fontFamily="Times New Roman" fontSize="10.0"/>
            </TextLine>
            <TextLine id="tl_32" primaryLanguage="English" custom="readingOrder {index:2;}">
                <Coords points="184,2582 1190,2582 1190,2641 184,2641"/>
                <Baseline points="184,2624 234,2625 470,2635 555,2625 694,2627 819,2627 902,2627 1017,2629 1190,2641"/>
                <Word id="w_w2aab1b5b2b9b5ab1" language="English" custom="readingOrder {index:0;}">
                    <Coords points="184,2586 234,2586 234,2625 184,2625"/>
                    <TextEquiv>
                        <Unicode>D.</Unicode>
                    </TextEquiv>
                    <TextStyle fontFamily="Times New Roman" fontSize="10.0"/>
                </Word>
                <Word id="w_w2aab1b5b2b9b5ab7" language="English" custom="readingOrder {index:1;}">
                    <Coords points="270,2585 470,2585 470,2635 270,2635"/>
                    <TextEquiv>
                        <Unicode>Thomas,</Unicode>
                    </TextEquiv>
                    <TextStyle fontFamily="Times New Roman" fontSize="10.0"/>
                </Word>
                <Word id="w_w2aab1b5b2b9b5ac23" language="English" custom="readingOrder {index:2;}">
                    <Coords points="513,2593 555,2593 555,2626 513,2626"/>
                    <TextEquiv>
                        <Unicode>et</Unicode>
                    </TextEquiv>
                    <TextStyle fontFamily="Times New Roman" fontSize="10.0"/>
                </Word>
                <Word id="w_w2aab1b5b2b9b5ac29" language="English" custom="readingOrder {index:3;}">
                    <Coords points="589,2586 694,2586 694,2627 589,2627"/>
                    <TextEquiv>
                        <Unicode>ratio</Unicode>
                    </TextEquiv>
                    <TextStyle fontFamily="Times New Roman" fontSize="10.0"/>
                </Word>
                <Word id="w_w2aab1b5b2b9b5ac41" language="English" custom="readingOrder {index:4;}">
                    <Coords points="735,2594 819,2594 819,2628 735,2628"/>
                    <TextEquiv>
                        <Unicode>stat</Unicode>
                    </TextEquiv>
                    <TextStyle fontFamily="Times New Roman" fontSize="10.0"/>
                </Word>
                <Word id="w_w2aab1b5b2b9b5ac51" language="English" custom="readingOrder {index:5;}">
                    <Coords points="860,2587 902,2587 902,2627 860,2627"/>
                    <TextEquiv>
                        <Unicode>in</Unicode>
                    </TextEquiv>
                    <TextStyle fontFamily="Times New Roman" fontSize="10.0"/>
                </Word>
                <Word id="w_w2aab1b5b2b9b5ac57" language="English" custom="readingOrder {index:6;}">
                    <Coords points="939,2587 1017,2587 1017,2629 939,2629"/>
                    <TextEquiv>
                        <Unicode>isto</Unicode>
                    </TextEquiv>
                    <TextStyle fontFamily="Times New Roman" fontSize="10.0"/>
                </Word>
                <Word id="w_w2aab1b5b2b9b5ac67" language="English" custom="readingOrder {index:7;}">
                    <Coords points="1062,2587 1190,2587 1190,2641 1062,2641"/>
                    <TextEquiv>
                        <Unicode>dicto,</Unicode>
                    </TextEquiv>
                    <TextStyle fontFamily="Times New Roman" fontSize="10.0"/>
                </Word>
                <TextEquiv>
                    <Unicode>D. Thomas, et ratio stat in isto dicto,</Unicode>
                </TextEquiv>
                <TextStyle fontFamily="Times New Roman" fontSize="10.0"/>
            </TextLine>
            <TextLine id="tl_33" primaryLanguage="English" custom="readingOrder {index:3;}">
                <Coords points="183,2659 1189,2659 1189,2721 183,2721"/>
                <Baseline points="183,2715 295,2702 482,2702 778,2704 894,2704 1051,2705 1189,2717"/>
                <Word id="w_w2aab1b5b2b9b7ab1" language="English" custom="readingOrder {index:0;}">
                    <Coords points="183,2659 295,2659 295,2715 183,2715"/>
                    <TextEquiv>
                        <Unicode>quod</Unicode>
                    </TextEquiv>
                    <TextStyle fontFamily="Times New Roman" fontSize="10.0"/>
                </Word>
                <Word id="w_w2aab1b5b2b9b7ac11" language="English" custom="readingOrder {index:1;}">
                    <Coords points="340,2661 482,2661 482,2702 340,2702"/>
                    <TextEquiv>
                        <Unicode>anima</Unicode>
                    </TextEquiv>
                    <TextStyle fontFamily="Times New Roman" fontSize="10.0"/>
                </Word>
                <Word id="w_w2aab1b5b2b9b7ac23" language="English" custom="readingOrder {index:2;}">
                    <Coords points="522,2661 778,2661 778,2704 522,2704"/>
                    <TextEquiv>
                        <Unicode>intellectiva</Unicode>
                    </TextEquiv>
                    <TextStyle fontFamily="Times New Roman" fontSize="10.0"/>
                </Word>
                <Word id="w_w2aab1b5b2b9b7ac49" language="English" custom="readingOrder {index:3;}">
                    <Coords points="820,2677 894,2677 894,2718 820,2718"/>
                    <TextEquiv>
                        <Unicode>pro</Unicode>
                    </TextEquiv>
                    <TextStyle fontFamily="Times New Roman" fontSize="10.0"/>
                </Word>
                <Word id="w_w2aab1b5b2b9b7ac57" language="English" custom="readingOrder {index:4;}">
                    <Coords points="940,2672 1051,2672 1051,2706 940,2706"/>
                    <TextEquiv>
                        <Unicode>statu</Unicode>
                    </TextEquiv>
                    <TextStyle fontFamily="Times New Roman" fontSize="10.0"/>
                </Word>
                <Word id="w_w2aab1b5b2b9b7ac69" language="English" custom="readingOrder {index:5;}">
                    <Coords points="1093,2665 1189,2665 1189,2717 1093,2717"/>
                    <TextEquiv>
                        <Unicode>isto,</Unicode>
                    </TextEquiv>
                    <TextStyle fontFamily="Times New Roman" fontSize="10.0"/>
                </Word>
                <TextEquiv>
                    <Unicode>quod anima intellectiva pro statu isto,</Unicode>
                </TextEquiv>
                <TextStyle fontFamily="Times New Roman" fontSize="10.0"/>
            </TextLine>
            <TextLine id="tl_34" primaryLanguage="English" custom="readingOrder {index:4;}">
                <Coords points="183,2734 1192,2734 1192,2797 183,2797"/>
                <Baseline points="183,2778 264,2778 436,2778 674,2779 919,2780 1192,2783"/>
                <Word id="w_w2aab1b5b2b9b9ab1" language="English" custom="readingOrder {index:0;}">
                    <Coords points="183,2750 264,2750 264,2778 183,2778"/>
                    <TextEquiv>
                        <Unicode>non</Unicode>
                    </TextEquiv>
                    <TextStyle fontFamily="Times New Roman" fontSize="10.0"/>
                </Word>
                <Word id="w_w2aab1b5b2b9b9ab9" language="English" custom="readingOrder {index:1;}">
                    <Coords points="299,2744 436,2744 436,2792 299,2792"/>
                    <TextEquiv>
                        <Unicode>potest</Unicode>
                    </TextEquiv>
                    <TextStyle fontFamily="Times New Roman" fontSize="10.0"/>
                </Word>
                <Word id="w_w2aab1b5b2b9b9ac23" language="English" custom="readingOrder {index:2;}">
                    <Coords points="469,2736 674,2736 674,2779 469,2779"/>
                    <TextEquiv>
                        <Unicode>excedere</Unicode>
                    </TextEquiv>
                    <TextStyle fontFamily="Times New Roman" fontSize="10.0"/>
                </Word>
                <Word id="w_w2aab1b5b2b9b9ac41" language="English" custom="readingOrder {index:3;}">
                    <Coords points="708,2738 919,2738 919,2780 708,2780"/>
                    <TextEquiv>
                        <Unicode>actionem</Unicode>
                    </TextEquiv>
                    <TextStyle fontFamily="Times New Roman" fontSize="10.0"/>
                </Word>
                <Word id="w_w2aab1b5b2b9b9ac59" language="English" custom="readingOrder {index:4;}">
                    <Coords points="954,2739 1192,2739 1192,2783 954,2783"/>
                    <TextEquiv>
                        <Unicode>intellectus</Unicode>
                    </TextEquiv>
                    <TextStyle fontFamily="Times New Roman" fontSize="10.0"/>
                </Word>
                <TextEquiv>
                    <Unicode>non potest excedere actionem intellectus</Unicode>
                </TextEquiv>
                <TextStyle fontFamily="Times New Roman" fontSize="10.0"/>
            </TextLine>
            <TextLine id="tl_35" primaryLanguage="English" custom="readingOrder {index:5;}">
                <Coords points="178,2810 1192,2810 1192,2873 178,2873"/>
                <Baseline points="178,2853 362,2864 450,2854 733,2854 910,2855 1006,2857 1085,2858 1192,2859"/>
                <Word id="w_w2aab1b5b2b9c11ab1" language="English" custom="readingOrder {index:0;}">
                    <Coords points="178,2813 362,2813 362,2867 178,2867"/>
                    <TextEquiv>
                        <Unicode>agentis,</Unicode>
                    </TextEquiv>
                    <TextStyle fontFamily="Times New Roman" fontSize="10.0"/>
                </Word>
                <Word id="w_w2aab1b5b2b9c11ac19" language="English" custom="readingOrder {index:1;}">
                    <Coords points="409,2820 450,2820 450,2854 409,2854"/>
                    <TextEquiv>
                        <Unicode>et</Unicode>
                    </TextEquiv>
                    <TextStyle fontFamily="Times New Roman" fontSize="10.0"/>
                </Word>
                <Word id="w_w2aab1b5b2b9c11ac25" language="English" custom="readingOrder {index:2;}">
                    <Coords points="494,2813 733,2813 733,2856 494,2856"/>
                    <TextEquiv>
                        <Unicode>intellectus</Unicode>
                    </TextEquiv>
                    <TextStyle fontFamily="Times New Roman" fontSize="10.0"/>
                </Word>
                <Word id="w_w2aab1b5b2b9c11ac49" language="English" custom="readingOrder {index:3;}">
                    <Coords points="777,2827 910,2827 910,2869 777,2869"/>
                    <TextEquiv>
                        <Unicode>agens</Unicode>
                    </TextEquiv>
                    <TextStyle fontFamily="Times New Roman" fontSize="10.0"/>
                </Word>
                <Word id="w_w2aab1b5b2b9c11ac61" language="English" custom="readingOrder {index:4;}">
                    <Coords points="954,2815 1006,2815 1006,2857 954,2857"/>
                    <TextEquiv>
                        <Unicode>de</Unicode>
                    </TextEquiv>
                    <TextStyle fontFamily="Times New Roman" fontSize="10.0"/>
                </Word>
                <Word id="w_w2aab1b5b2b9c11ac67" language="English" custom="readingOrder {index:5;}">
                    <Coords points="1039,2829 1085,2829 1085,2858 1039,2858"/>
                    <TextEquiv>
                        <Unicode>se</Unicode>
                    </TextEquiv>
                    <TextStyle fontFamily="Times New Roman" fontSize="10.0"/>
                </Word>
                <Word id="w_w2aab1b5b2b9c11ac73" language="English" custom="readingOrder {index:6;}">
                    <Coords points="1128,2824 1192,2824 1192,2859 1128,2859"/>
                    <TextEquiv>
                        <Unicode>est</Unicode>
                    </TextEquiv>
                    <TextStyle fontFamily="Times New Roman" fontSize="10.0"/>
                </Word>
                <TextEquiv>
                    <Unicode>agentis, et intellectus agens de se est</Unicode>
                </TextEquiv>
                <TextStyle fontFamily="Times New Roman" fontSize="10.0"/>
            </TextLine>
            <TextLine id="tl_36" primaryLanguage="English" custom="readingOrder {index:6;}">
                <Coords points="179,2886 1187,2886 1187,2947 179,2947"/>
                <Baseline points="179,2929 385,2929 450,2930 752,2930 963,2931 1056,2932 1187,2933"/>
                <Word id="w_w2aab1b5b2b9c13ab1" language="English" custom="readingOrder {index:0;}">
                    <Coords points="179,2887 385,2887 385,2929 179,2929"/>
                    <TextEquiv>
                        <Unicode>limitatus</Unicode>
                    </TextEquiv>
                    <TextStyle fontFamily="Times New Roman" fontSize="10.0"/>
                </Word>
                <Word id="w_w2aab1b5b2b9c13ac21" language="English" custom="readingOrder {index:1;}">
                    <Coords points="400,2888 450,2888 450,2930 400,2930"/>
                    <TextEquiv>
                        <Unicode>ad</Unicode>
                    </TextEquiv>
                    <TextStyle fontFamily="Times New Roman" fontSize="10.0"/>
                </Word>
                <Word id="w_w2aab1b5b2b9c13ac27" language="English" custom="readingOrder {index:2;}">
                    <Coords points="465,2889 752,2889 752,2943 465,2943"/>
                    <TextEquiv>
                        <Unicode>cognitionem</Unicode>
                    </TextEquiv>
                    <TextStyle fontFamily="Times New Roman" fontSize="10.0"/>
                </Word>
                <Word id="w_w2aab1b5b2b9c13ac51" language="English" custom="readingOrder {index:3;}">
                    <Coords points="778,2890 963,2890 963,2931 778,2931"/>
                    <TextEquiv>
                        <Unicode>habitam</Unicode>
                    </TextEquiv>
                    <TextStyle fontFamily="Times New Roman" fontSize="10.0"/>
                </Word>
                <Word id="w_w2aab1b5b2b9c13ac67" language="English" custom="readingOrder {index:4;}">
                    <Coords points="982,2905 1056,2905 1056,2946 982,2946"/>
                    <TextEquiv>
                        <Unicode>per</Unicode>
                    </TextEquiv>
                    <TextStyle fontFamily="Times New Roman" fontSize="10.0"/>
                </Word>
                <Word id="w_w2aab1b5b2b9c13ac75" language="English" custom="readingOrder {index:5;}">
                    <Coords points="1077,2892 1187,2892 1187,2933 1077,2933"/>
                    <TextEquiv>
                        <Unicode>viam</Unicode>
                    </TextEquiv>
                    <TextStyle fontFamily="Times New Roman" fontSize="10.0"/>
                </Word>
                <TextEquiv>
                    <Unicode>limitatus ad cognitionem habitam per viam</Unicode>
                </TextEquiv>
                <TextStyle fontFamily="Times New Roman" fontSize="10.0"/>
            </TextLine>
            <TextLine id="tl_37" primaryLanguage="English" custom="readingOrder {index:7;}">
                <Coords points="179,2960 1188,2960 1188,3019 179,3019"/>
                <Baseline points="179,3004 347,3014 445,3004 626,3005 847,3005 1014,3017 1188,2998"/>
                <Word id="w_w2aab1b5b2b9c15ab1" language="English" custom="readingOrder {index:0;}">
                    <Coords points="179,2975 347,2975 347,3014 179,3014"/>
                    <TextEquiv>
                        <Unicode>sensus,</Unicode>
                    </TextEquiv>
                    <TextStyle fontFamily="Times New Roman" fontSize="10.0"/>
                </Word>
                <Word id="w_w2aab1b5b2b9c15ac17" language="English" custom="readingOrder {index:1;}">
                    <Coords points="371,2961 445,2961 445,3004 371,3004"/>
                    <TextEquiv>
                        <Unicode>sed</Unicode>
                    </TextEquiv>
                    <TextStyle fontFamily="Times New Roman" fontSize="10.0"/>
                </Word>
                <Word id="w_w2aab1b5b2b9c15ac25" language="English" custom="readingOrder {index:2;}">
                    <Coords points="470,2963 626,2963 626,3005 470,3005"/>
                    <TextEquiv>
                        <Unicode>volenti</Unicode>
                    </TextEquiv>
                    <TextStyle fontFamily="Times New Roman" fontSize="10.0"/>
                </Word>
                <Word id="w_w2aab1b5b2b9c15ac41" language="English" custom="readingOrder {index:3;}">
                    <Coords points="651,2964 847,2964 847,3006 651,3006"/>
                    <TextEquiv>
                        <Unicode>ultimum</Unicode>
                    </TextEquiv>
                    <TextStyle fontFamily="Times New Roman" fontSize="10.0"/>
                </Word>
                <Word id="w_w2aab1b5b2b9c15ac57" language="English" custom="readingOrder {index:4;}">
                    <Coords points="872,2964 1014,2964 1014,3017 872,3017"/>
                    <TextEquiv>
                        <Unicode>finem,</Unicode>
                    </TextEquiv>
                    <TextStyle fontFamily="Times New Roman" fontSize="10.0"/>
                </Word>
                <Word id="w_w2aab1b5b2b9c15ac71" language="English" custom="readingOrder {index:5;}">
                    <Coords points="1047,2980 1188,2980 1188,3009 1047,3009"/>
                    <TextEquiv>
                        <Unicode>neces¬</Unicode>
                    </TextEquiv>
                    <TextStyle fontFamily="Times New Roman" fontSize="10.0"/>
                </Word>
                <TextEquiv>
                    <Unicode>sensus, sed volenti ultimum finem, neces¬</Unicode>
                </TextEquiv>
                <TextStyle fontFamily="Times New Roman" fontSize="10.0"/>
            </TextLine>
            <TextLine id="tl_38" primaryLanguage="English" custom="readingOrder {index:8;}">
                <Coords points="178,3037 1188,3037 1188,3098 178,3098"/>
                <Baseline points="178,3080 288,3080 393,3080 619,3081 922,3093 1061,3084 1187,3085"/>
                <Word id="w_w2aab1b5b2b9c17ab1" language="English" custom="readingOrder {index:0;}">
                    <Coords points="178,3038 288,3038 288,3080 178,3080"/>
                    <TextEquiv>
                        <Unicode>saria</Unicode>
                    </TextEquiv>
                    <TextStyle fontFamily="Times New Roman" fontSize="10.0"/>
                </Word>
                <Word id="w_w2aab1b5b2b9c17ac13" language="English" custom="readingOrder {index:1;}">
                    <Coords points="329,3046 393,3046 393,3081 329,3081"/>
                    <TextEquiv>
                        <Unicode>est</Unicode>
                    </TextEquiv>
                    <TextStyle fontFamily="Times New Roman" fontSize="10.0"/>
                </Word>
                <Word id="w_w2aab1b5b2b9c17ac21" language="English" custom="readingOrder {index:2;}">
                    <Coords points="430,3040 619,3040 619,3093 430,3093"/>
                    <TextEquiv>
                        <Unicode>cognitio</Unicode>
                    </TextEquiv>
                    <TextStyle fontFamily="Times New Roman" fontSize="10.0"/>
                </Word>
                <Word id="w_w2aab1b5b2b9c17ac39" language="English" custom="readingOrder {index:3;}">
                    <Coords points="664,3040 922,3040 922,3095 664,3095"/>
                    <TextEquiv>
                        <Unicode>aliquorum,</Unicode>
                    </TextEquiv>
                    <TextStyle fontFamily="Times New Roman" fontSize="10.0"/>
                </Word>
                <Word id="w_w2aab1b5b2b9c17ac61" language="English" custom="readingOrder {index:4;}">
                    <Coords points="966,3053 1061,3053 1061,3097 966,3097"/>
                    <TextEquiv>
                        <Unicode>quae</Unicode>
                    </TextEquiv>
                    <TextStyle fontFamily="Times New Roman" fontSize="10.0"/>
                </Word>
                <Word id="w_w2aab1b5b2b9c17ac71" language="English" custom="readingOrder {index:5;}">
                    <Coords points="1104,3057 1187,3057 1187,3085 1104,3085"/>
                    <TextEquiv>
                        <Unicode>non</Unicode>
                    </TextEquiv>
                    <TextStyle fontFamily="Times New Roman" fontSize="10.0"/>
                </Word>
                <TextEquiv>
                    <Unicode>saria est cognitio aliquorum, quae non</Unicode>
                </TextEquiv>
                <TextStyle fontFamily="Times New Roman" fontSize="10.0"/>
            </TextLine>
            <TextLine id="tl_39" primaryLanguage="English" custom="readingOrder {index:9;}">
                <Coords points="176,3113 665,3113 665,3159 176,3159"/>
                <Baseline points="176,3155 330,3156 443,3156 665,3158"/>
                <Word id="w_w2aab1b5b2b9c19ab1" language="English" custom="readingOrder {index:0;}">
                    <Coords points="176,3113 330,3113 330,3157 176,3157"/>
                    <TextEquiv>
                        <Unicode>cadunt</Unicode>
                    </TextEquiv>
                    <TextStyle fontFamily="Times New Roman" fontSize="10.0"/>
                </Word>
                <Word id="w_w2aab1b5b2b9c19ac15" language="English" custom="readingOrder {index:1;}">
                    <Coords points="364,3114 443,3114 443,3156 364,3156"/>
                    <TextEquiv>
                        <Unicode>sub</Unicode>
                    </TextEquiv>
                    <TextStyle fontFamily="Times New Roman" fontSize="10.0"/>
                </Word>
                <Word id="w_w2aab1b5b2b9c19ac23" language="English" custom="readingOrder {index:2;}">
                    <Coords points="475,3128 665,3128 665,3158 475,3158"/>
                    <TextEquiv>
                        <Unicode>sensum.</Unicode>
                    </TextEquiv>
                    <TextStyle fontFamily="Times New Roman" fontSize="10.0"/>
                </Word>
                <TextEquiv>
                    <Unicode>cadunt sub sensum.</Unicode>
                </TextEquiv>
                <TextStyle fontFamily="Times New Roman" fontSize="10.0"/>
            </TextLine>
            <TextEquiv>
                <Unicode>(s) Quinio arguitur sic, etc. Deinde
Hernicus arguit probando illud idem quod
D. Thomas, et ratio stat in isto dicto,
quod anima intellectiva pro statu isto,
non potest excedere actionem intellectus
agentis, et intellectus agens de se est
limitatus ad cognitionem habitam per viam
sensus, sed volenti ultimum finem, neces¬
saria est cognitio aliquorum, quae non
cadunt sub sensum.</Unicode>
            </TextEquiv>
        </TextRegion>
        <TextRegion type="paragraph" id="r_3_6" custom="readingOrder {index:5;}">
            <Coords points="169,3187 1185,3187 1185,3631 169,3631"/>
            <TextLine id="tl_40" primaryLanguage="English" custom="readingOrder {index:0;}">
                <Coords points="235,3188 1182,3188 1182,3251 235,3251"/>
                <Baseline points="235,3245 252,3245 410,3232 560,3232 765,3234 919,3234 1181,3239"/>
                <Word id="w_w2aab1b5b2c11b1ab1" language="English" custom="readingOrder {index:0;}">
                    <Coords points="235,3189 284,3189 284,3245 235,3245"/>
                    <TextEquiv>
                        <Unicode>(t)</Unicode>
                    </TextEquiv>
                    <TextStyle fontFamily="Times New Roman" fontSize="10.0"/>
                </Word>
                <Word id="w_w2aab1b5b2c11b1b1b1" language="English" custom="readingOrder {index:1;}">
                    <Coords points="311,3191 410,3191 410,3232 311,3232"/>
                    <TextEquiv>
                        <Unicode>Ihec</Unicode>
                    </TextEquiv>
                    <TextStyle fontFamily="Times New Roman" fontSize="10.0" italic="true"/>
                </Word>
                <Word id="w_w2aab1b5b2c11b1b1c11" language="English" custom="readingOrder {index:2;}">
                    <Coords points="446,3192 560,3192 560,3234 446,3234"/>
                    <TextEquiv>
                        <Unicode>ratio</Unicode>
                    </TextEquiv>
                    <TextStyle fontFamily="Times New Roman" fontSize="10.0" italic="true"/>
                </Word>
                <Word id="w_w2aab1b5b2c11b1b1c23" language="English" custom="readingOrder {index:3;}">
                    <Coords points="593,3191 765,3191 765,3234 593,3234"/>
                    <TextEquiv>
                        <Unicode>videtur</Unicode>
                    </TextEquiv>
                    <TextStyle fontFamily="Times New Roman" fontSize="10.0" italic="true"/>
                </Word>
                <Word id="w_w2aab1b5b2c11b1b1c39" language="English" custom="readingOrder {index:4;}">
                    <Coords points="796,3193 1064,3193 1064,3246 796,3246"/>
                    <TextEquiv>
                        <Unicode>concludere,</Unicode>
                    </TextEquiv>
                    <TextStyle fontFamily="Times New Roman" fontSize="10.0" italic="true"/>
                </Word>
                <Word id="w_w2aab1b5b2c11b1b2b3" language="English" custom="readingOrder {index:5;}">
                    <Coords points="1102,3207 1181,3207 1181,3239 1102,3239"/>
                    <TextEquiv>
                        <Unicode>etc.</Unicode>
                    </TextEquiv>
                    <TextStyle fontFamily="Times New Roman" fontSize="10.0"/>
                </Word>
                <TextEquiv>
                    <Unicode>(t) Ihec ratio videtur concludere, etc.</Unicode>
                </TextEquiv>
            </TextLine>
            <TextLine id="tl_41" primaryLanguage="English" custom="readingOrder {index:1;}">
                <Coords points="182,3264 1184,3264 1184,3313 182,3313"/>
                <Baseline points="182,3307 256,3307 438,3308 639,3308 899,3309 982,3311 1090,3312 1184,3302"/>
                <Word id="w_w2aab1b5b2c11b3ab1" language="English" custom="readingOrder {index:0;}">
                    <Coords points="182,3268 256,3268 256,3307 182,3307"/>
                    <TextEquiv>
                        <Unicode>Ilie</Unicode>
                    </TextEquiv>
                    <TextStyle fontFamily="Times New Roman" fontSize="10.0"/>
                </Word>
                <Word id="w_w2aab1b5b2c11b3ac11" language="English" custom="readingOrder {index:1;}">
                    <Coords points="280,3269 438,3269 438,3308 280,3308"/>
                    <TextEquiv>
                        <Unicode>Doctor</Unicode>
                    </TextEquiv>
                    <TextStyle fontFamily="Times New Roman" fontSize="10.0"/>
                </Word>
                <Word id="w_w2aab1b5b2c11b3ac25" language="English" custom="readingOrder {index:2;}">
                    <Coords points="470,3266 639,3266 639,3310 470,3310"/>
                    <TextEquiv>
                        <Unicode>deducit</Unicode>
                    </TextEquiv>
                    <TextStyle fontFamily="Times New Roman" fontSize="10.0"/>
                </Word>
                <Word id="w_w2aab1b5b2c11b3ac41" language="English" custom="readingOrder {index:3;}">
                    <Coords points="672,3268 899,3268 899,3310 672,3310"/>
                    <TextEquiv>
                        <Unicode>Henricum</Unicode>
                    </TextEquiv>
                    <TextStyle fontFamily="Times New Roman" fontSize="10.0"/>
                </Word>
                <Word id="w_w2aab1b5b2c11b3ac59" language="English" custom="readingOrder {index:4;}">
                    <Coords points="932,3269 982,3269 982,3311 932,3311"/>
                    <TextEquiv>
                        <Unicode>ad</Unicode>
                    </TextEquiv>
                    <TextStyle fontFamily="Times New Roman" fontSize="10.0"/>
                </Word>
                <Word id="w_w2aab1b5b2c11b3ac65" language="English" custom="readingOrder {index:5;}">
                    <Coords points="1011,3270 1090,3270 1090,3312 1011,3312"/>
                    <TextEquiv>
                        <Unicode>hoc</Unicode>
                    </TextEquiv>
                    <TextStyle fontFamily="Times New Roman" fontSize="10.0"/>
                </Word>
                <Word id="w_w2aab1b5b2c11b3ac73" language="English" custom="readingOrder {index:6;}">
                    <Coords points="1118,3270 1184,3270 1184,3312 1118,3312"/>
                    <TextEquiv>
                        <Unicode>in¬</Unicode>
                    </TextEquiv>
                    <TextStyle fontFamily="Times New Roman" fontSize="10.0"/>
                </Word>
                <TextEquiv>
                    <Unicode>Ilie Doctor deducit Henricum ad hoc in¬</Unicode>
                </TextEquiv>
                <TextStyle fontFamily="Times New Roman" fontSize="10.0"/>
            </TextLine>
            <TextLine id="tl_42" primaryLanguage="English" custom="readingOrder {index:2;}">
                <Coords points="174,3339 1184,3339 1184,3402 174,3402"/>
                <Baseline points="174,3384 449,3394 622,3384 710,3384 1000,3387 1184,3389"/>
                <Word id="w_w2aab1b5b2c11b5ab1" language="English" custom="readingOrder {index:0;}">
                    <Coords points="174,3343 449,3343 449,3394 174,3394"/>
                    <TextEquiv>
                        <Unicode>conveniens,</Unicode>
                    </TextEquiv>
                    <TextStyle fontFamily="Times New Roman" fontSize="10.0"/>
                </Word>
                <Word id="w_w2aab1b5b2c11b5ac25" language="English" custom="readingOrder {index:1;}">
                    <Coords points="510,3342 622,3342 622,3398 510,3398"/>
                    <TextEquiv>
                        <Unicode>quod</Unicode>
                    </TextEquiv>
                    <TextStyle fontFamily="Times New Roman" fontSize="10.0"/>
                </Word>
                <Word id="w_w2aab1b5b2c11b5ac35" language="English" custom="readingOrder {index:2;}">
                    <Coords points="672,3342 710,3342 710,3385 672,3385"/>
                    <TextEquiv>
                        <Unicode>si</Unicode>
                    </TextEquiv>
                    <TextStyle fontFamily="Times New Roman" fontSize="10.0"/>
                </Word>
                <Word id="w_w2aab1b5b2c11b5ac41" language="English" custom="readingOrder {index:3;}">
                    <Coords points="760,3343 1000,3343 1000,3387 760,3387"/>
                    <TextEquiv>
                        <Unicode>intellectus</Unicode>
                    </TextEquiv>
                    <TextStyle fontFamily="Times New Roman" fontSize="10.0"/>
                </Word>
                <Word id="w_w2aab1b5b2c11b5ac65" language="English" custom="readingOrder {index:4;}">
                    <Coords points="1051,3359 1184,3359 1184,3401 1051,3401"/>
                    <TextEquiv>
                        <Unicode>agens</Unicode>
                    </TextEquiv>
                    <TextStyle fontFamily="Times New Roman" fontSize="10.0"/>
                </Word>
                <TextEquiv>
                    <Unicode>conveniens, quod si intellectus agens</Unicode>
                </TextEquiv>
                <TextStyle fontFamily="Times New Roman" fontSize="10.0"/>
            </TextLine>
            <TextLine id="tl_43" primaryLanguage="English" custom="readingOrder {index:3;}">
                <Coords points="176,3416 1182,3416 1182,3478 176,3478"/>
                <Baseline points="176,3458 300,3459 496,3460 733,3460 872,3462 950,3464 1079,3464 1182,3453"/>
                <Word id="w_w2aab1b5b2c11b7ab1" language="English" custom="readingOrder {index:0;}">
                    <Coords points="176,3417 300,3417 300,3459 176,3459"/>
                    <TextEquiv>
                        <Unicode>habet</Unicode>
                    </TextEquiv>
                    <TextStyle fontFamily="Times New Roman" fontSize="10.0"/>
                </Word>
                <Word id="w_w2aab1b5b2c11b7ac13" language="English" custom="readingOrder {index:1;}">
                    <Coords points="331,3426 496,3426 496,3460 331,3460"/>
                    <TextEquiv>
                        <Unicode>tantum</Unicode>
                    </TextEquiv>
                    <TextStyle fontFamily="Times New Roman" fontSize="10.0"/>
                </Word>
                <Word id="w_w2aab1b5b2c11b7ac27" language="English" custom="readingOrder {index:2;}">
                    <Coords points="526,3419 733,3419 733,3461 526,3461"/>
                    <TextEquiv>
                        <Unicode>actionem</Unicode>
                    </TextEquiv>
                    <TextStyle fontFamily="Times New Roman" fontSize="10.0"/>
                </Word>
                <Word id="w_w2aab1b5b2c11b7ac45" language="English" custom="readingOrder {index:3;}">
                    <Coords points="761,3421 872,3421 872,3462 761,3462"/>
                    <TextEquiv>
                        <Unicode>circa</Unicode>
                    </TextEquiv>
                    <TextStyle fontFamily="Times New Roman" fontSize="10.0"/>
                </Word>
                <Word id="w_w2aab1b5b2c11b7ac57" language="English" custom="readingOrder {index:4;}">
                    <Coords points="903,3434 950,3434 950,3464 903,3464"/>
                    <TextEquiv>
                        <Unicode>ea</Unicode>
                    </TextEquiv>
                    <TextStyle fontFamily="Times New Roman" fontSize="10.0"/>
                </Word>
                <Word id="w_w2aab1b5b2c11b7ac63" language="English" custom="readingOrder {index:5;}">
                    <Coords points="983,3435 1079,3435 1079,3477 983,3477"/>
                    <TextEquiv>
                        <Unicode>quae</Unicode>
                    </TextEquiv>
                    <TextStyle fontFamily="Times New Roman" fontSize="10.0"/>
                </Word>
                <Word id="w_w2aab1b5b2c11b7ac73" language="English" custom="readingOrder {index:6;}">
                    <Coords points="1111,3437 1182,3437 1182,3465 1111,3465"/>
                    <TextEquiv>
                        <Unicode>ca¬</Unicode>
                    </TextEquiv>
                    <TextStyle fontFamily="Times New Roman" fontSize="10.0"/>
                </Word>
                <TextEquiv>
                    <Unicode>habet tantum actionem circa ea quae ca¬</Unicode>
                </TextEquiv>
                <TextStyle fontFamily="Times New Roman" fontSize="10.0"/>
            </TextLine>
            <TextLine id="tl_44" primaryLanguage="English" custom="readingOrder {index:4;}">
                <Coords points="171,3492 1182,3492 1182,3554 171,3554"/>
                <Baseline points="171,3534 277,3535 382,3535 546,3545 623,3536 724,3536 936,3538 1067,3540 1182,3530"/>
                <Word id="w_w2aab1b5b2c11b9ab1" language="English" custom="readingOrder {index:0;}">
                    <Coords points="171,3492 277,3492 277,3535 171,3535"/>
                    <TextEquiv>
                        <Unicode>dunt</Unicode>
                    </TextEquiv>
                    <TextStyle fontFamily="Times New Roman" fontSize="10.0"/>
                </Word>
                <Word id="w_w2aab1b5b2c11b9ac11" language="English" custom="readingOrder {index:1;}">
                    <Coords points="302,3494 382,3494 382,3535 302,3535"/>
                    <TextEquiv>
                        <Unicode>sub</Unicode>
                    </TextEquiv>
                    <TextStyle fontFamily="Times New Roman" fontSize="10.0"/>
                </Word>
                <Word id="w_w2aab1b5b2c11b9ac19" language="English" custom="readingOrder {index:2;}">
                    <Coords points="401,3507 546,3507 546,3545 401,3545"/>
                    <TextEquiv>
                        <Unicode>sensu,</Unicode>
                    </TextEquiv>
                    <TextStyle fontFamily="Times New Roman" fontSize="10.0"/>
                </Word>
                <Word id="w_w2aab1b5b2c11b9ac33" language="English" custom="readingOrder {index:3;}">
                    <Coords points="570,3508 623,3508 623,3536 570,3536"/>
                    <TextEquiv>
                        <Unicode>ex</Unicode>
                    </TextEquiv>
                    <TextStyle fontFamily="Times New Roman" fontSize="10.0"/>
                </Word>
                <Word id="w_w2aab1b5b2c11b9ac39" language="English" custom="readingOrder {index:4;}">
                    <Coords points="643,3495 724,3495 724,3536 643,3536"/>
                    <TextEquiv>
                        <Unicode>hoc</Unicode>
                    </TextEquiv>
                    <TextStyle fontFamily="Times New Roman" fontSize="10.0"/>
                </Word>
                <Word id="w_w2aab1b5b2c11b9ac47" language="English" custom="readingOrder {index:5;}">
                    <Coords points="743,3497 936,3497 936,3551 743,3551"/>
                    <TextEquiv>
                        <Unicode>sequitur</Unicode>
                    </TextEquiv>
                    <TextStyle fontFamily="Times New Roman" fontSize="10.0"/>
                </Word>
                <Word id="w_w2aab1b5b2c11b9ac65" language="English" custom="readingOrder {index:6;}">
                    <Coords points="956,3498 1067,3498 1067,3553 956,3553"/>
                    <TextEquiv>
                        <Unicode>quod</Unicode>
                    </TextEquiv>
                    <TextStyle fontFamily="Times New Roman" fontSize="10.0"/>
                </Word>
                <Word id="w_w2aab1b5b2c11b9ac75" language="English" custom="readingOrder {index:7;}">
                    <Coords points="1090,3500 1182,3500 1182,3541 1090,3541"/>
                    <TextEquiv>
                        <Unicode>nul¬</Unicode>
                    </TextEquiv>
                    <TextStyle fontFamily="Times New Roman" fontSize="10.0"/>
                </Word>
                <TextEquiv>
                    <Unicode>dunt sub sensu, ex hoc sequitur quod nul¬</Unicode>
                </TextEquiv>
                <TextStyle fontFamily="Times New Roman" fontSize="10.0"/>
            </TextLine>
            <TextLine id="tl_45" primaryLanguage="English" custom="readingOrder {index:5;}">
                <Coords points="170,3567 1178,3567 1178,3630 170,3630"/>
                <Baseline points="170,3613 252,3610 488,3612 681,3613 876,3614 1013,3616 1178,3606"/>
                <Word id="w_w2aab1b5b2c11c11ab1" language="English" custom="readingOrder {index:0;}">
                    <Coords points="170,3569 252,3569 252,3613 170,3613"/>
                    <TextEquiv>
                        <Unicode>lam</Unicode>
                    </TextEquiv>
                    <TextStyle fontFamily="Times New Roman" fontSize="10.0"/>
                </Word>
                <Word id="w_w2aab1b5b2c11c11ab9" language="English" custom="readingOrder {index:1;}">
                    <Coords points="280,3569 488,3569 488,3612 280,3612"/>
                    <TextEquiv>
                        <Unicode>actionem</Unicode>
                    </TextEquiv>
                    <TextStyle fontFamily="Times New Roman" fontSize="10.0"/>
                </Word>
                <Word id="w_w2aab1b5b2c11c11ac27" language="English" custom="readingOrder {index:2;}">
                    <Coords points="527,3570 681,3570 681,3626 527,3626"/>
                    <TextEquiv>
                        <Unicode>poterit</Unicode>
                    </TextEquiv>
                    <TextStyle fontFamily="Times New Roman" fontSize="10.0"/>
                </Word>
                <Word id="w_w2aab1b5b2c11c11ac43" language="English" custom="readingOrder {index:3;}">
                    <Coords points="719,3571 876,3571 876,3614 719,3614"/>
                    <TextEquiv>
                        <Unicode>habere</Unicode>
                    </TextEquiv>
                    <TextStyle fontFamily="Times New Roman" fontSize="10.0"/>
                </Word>
                <Word id="w_w2aab1b5b2c11c11ac57" language="English" custom="readingOrder {index:4;}">
                    <Coords points="901,3574 1013,3574 1013,3616 901,3616"/>
                    <TextEquiv>
                        <Unicode>circa</Unicode>
                    </TextEquiv>
                    <TextStyle fontFamily="Times New Roman" fontSize="10.0"/>
                </Word>
                <Word id="w_w2aab1b5b2c11c11ac69" language="English" custom="readingOrder {index:5;}">
                    <Coords points="1037,3574 1178,3574 1178,3617 1037,3617"/>
                    <TextEquiv>
                        <Unicode>since¬</Unicode>
                    </TextEquiv>
                    <TextStyle fontFamily="Times New Roman" fontSize="10.0"/>
                </Word>
                <TextEquiv>
                    <Unicode>lam actionem poterit habere circa since¬</Unicode>
                </TextEquiv>
                <TextStyle fontFamily="Times New Roman" fontSize="10.0"/>
            </TextLine>
            <TextEquiv>
                <Unicode>(t) Ihec ratio videtur concludere, etc.
Ilie Doctor deducit Henricum ad hoc in¬
conveniens, quod si intellectus agens
habet tantum actionem circa ea quae ca¬
dunt sub sensu, ex hoc sequitur quod nul¬
lam actionem poterit habere circa since¬</Unicode>
            </TextEquiv>
        </TextRegion>
        <TextRegion type="paragraph" id="r_4_1" custom="readingOrder {index:6;}">
            <Coords points="1286,287 2306,287 2306,957 1286,957"/>
            <TextLine id="tl_46" primaryLanguage="English" custom="readingOrder {index:0;}">
                <Coords points="1298,288 2305,288 2305,350 1298,350"/>
                <Baseline points="1298,328 1386,328 1651,340 1785,333 1915,336 2118,346 2305,328"/>
                <Word id="w_w2aab1b7b2b1b1ab1" language="English" custom="readingOrder {index:0;}">
                    <Coords points="1298,301 1386,301 1386,328 1298,328"/>
                    <TextEquiv>
                        <Unicode>ram</Unicode>
                    </TextEquiv>
                    <TextStyle fontFamily="Times New Roman" fontSize="10.0"/>
                </Word>
                <Word id="w_w2aab1b7b2b1b1ab9" language="English" custom="readingOrder {index:1;}">
                    <Coords points="1415,289 1651,289 1651,340 1415,340"/>
                    <TextEquiv>
                        <Unicode>veritatem,</Unicode>
                    </TextEquiv>
                    <TextStyle fontFamily="Times New Roman" fontSize="10.0"/>
                </Word>
                <Word id="w_w2aab1b7b2b1b1ac31" language="English" custom="readingOrder {index:2;}">
                    <Coords points="1688,291 1785,291 1785,346 1688,346"/>
                    <TextEquiv>
                        <Unicode>quia</Unicode>
                    </TextEquiv>
                    <TextStyle fontFamily="Times New Roman" fontSize="10.0"/>
                </Word>
                <Word id="w_w2aab1b7b2b1b1ac41" language="English" custom="readingOrder {index:3;}">
                    <Coords points="1819,292 1915,292 1915,336 1819,336"/>
                    <TextEquiv>
                        <Unicode>talis</Unicode>
                    </TextEquiv>
                    <TextStyle fontFamily="Times New Roman" fontSize="10.0"/>
                </Word>
                <Word id="w_w2aab1b7b2b1b1ac53" language="English" custom="readingOrder {index:4;}">
                    <Coords points="1942,294 2118,294 2118,346 1942,346"/>
                    <TextEquiv>
                        <Unicode>veritas,</Unicode>
                    </TextEquiv>
                    <TextStyle fontFamily="Times New Roman" fontSize="10.0"/>
                </Word>
                <Word id="w_w2aab1b7b2b1b1ac71" language="English" custom="readingOrder {index:5;}">
                    <Coords points="2154,310 2305,310 2305,340 2154,340"/>
                    <TextEquiv>
                        <Unicode>secun¬</Unicode>
                    </TextEquiv>
                    <TextStyle fontFamily="Times New Roman" fontSize="10.0"/>
                </Word>
                <TextEquiv>
                    <Unicode>ram veritatem, quia talis veritas, secun¬</Unicode>
                </TextEquiv>
                <TextStyle fontFamily="Times New Roman" fontSize="10.0"/>
            </TextLine>
            <TextLine id="tl_47" primaryLanguage="English" custom="readingOrder {index:1;}">
                <Coords points="1297,365 2302,365 2302,426 1297,426"/>
                <Baseline points="1297,406 1395,406 1537,417 1644,408 1820,410 1987,412 2077,414 2302,414"/>
                <Word id="w_w2aab1b7b2b1b3ab1" language="English" custom="readingOrder {index:0;}">
                    <Coords points="1297,365 1395,365 1395,406 1297,406"/>
                    <TextEquiv>
                        <Unicode>dum</Unicode>
                    </TextEquiv>
                    <TextStyle fontFamily="Times New Roman" fontSize="10.0"/>
                </Word>
                <Word id="w_w2aab1b7b2b1b3ab9" language="English" custom="readingOrder {index:1;}">
                    <Coords points="1424,379 1537,379 1537,417 1424,417"/>
                    <TextEquiv>
                        <Unicode>eum,</Unicode>
                    </TextEquiv>
                    <TextStyle fontFamily="Times New Roman" fontSize="10.0"/>
                </Word>
                <Word id="w_w2aab1b7b2b1b3ac19" language="English" custom="readingOrder {index:2;}">
                    <Coords points="1563,380 1644,380 1644,408 1563,408"/>
                    <TextEquiv>
                        <Unicode>non</Unicode>
                    </TextEquiv>
                    <TextStyle fontFamily="Times New Roman" fontSize="10.0"/>
                </Word>
                <Word id="w_w2aab1b7b2b1b3ac27" language="English" custom="readingOrder {index:3;}">
                    <Coords points="1681,375 1820,375 1820,422 1681,422"/>
                    <TextEquiv>
                        <Unicode>potest</Unicode>
                    </TextEquiv>
                    <TextStyle fontFamily="Times New Roman" fontSize="10.0"/>
                </Word>
                <Word id="w_w2aab1b7b2b1b3ac41" language="English" custom="readingOrder {index:4;}">
                    <Coords points="1840,369 1987,369 1987,413 1840,413"/>
                    <TextEquiv>
                        <Unicode>haberi</Unicode>
                    </TextEquiv>
                    <TextStyle fontFamily="Times New Roman" fontSize="10.0"/>
                </Word>
                <Word id="w_w2aab1b7b2b1b3ac55" language="English" custom="readingOrder {index:5;}">
                    <Coords points="2010,371 2077,371 2077,414 2010,414"/>
                    <TextEquiv>
                        <Unicode>via</Unicode>
                    </TextEquiv>
                    <TextStyle fontFamily="Times New Roman" fontSize="10.0"/>
                </Word>
                <Word id="w_w2aab1b7b2b1b3ac63" language="English" custom="readingOrder {index:6;}">
                    <Coords points="2099,385 2302,385 2302,415 2099,415"/>
                    <TextEquiv>
                        <Unicode>sensuum</Unicode>
                    </TextEquiv>
                    <TextStyle fontFamily="Times New Roman" fontSize="10.0"/>
                </Word>
                <TextEquiv>
                    <Unicode>dum eum, non potest haberi via sensuum</Unicode>
                </TextEquiv>
                <TextStyle fontFamily="Times New Roman" fontSize="10.0"/>
            </TextLine>
            <TextLine id="tl_48" primaryLanguage="English" custom="readingOrder {index:2;}">
                <Coords points="1295,441 2304,441 2304,505 1295,505"/>
                <Baseline points="1295,482 1346,482 1582,486 1768,487 1887,487 2086,490 2303,480"/>
                <Word id="w_w2aab1b7b2b1b5ab1" language="English" custom="readingOrder {index:0;}">
                    <Coords points="1295,442 1346,442 1346,482 1295,482"/>
                    <TextEquiv>
                        <Unicode>ab</Unicode>
                    </TextEquiv>
                    <TextStyle fontFamily="Times New Roman" fontSize="10.0"/>
                </Word>
                <Word id="w_w2aab1b7b2b1b5ab7" language="English" custom="readingOrder {index:1;}">
                    <Coords points="1369,442 1582,442 1582,486 1369,486"/>
                    <TextEquiv>
                        <Unicode>intellectu</Unicode>
                    </TextEquiv>
                    <TextStyle fontFamily="Times New Roman" fontSize="10.0"/>
                </Word>
                <Word id="w_w2aab1b7b2b1b5ac29" language="English" custom="readingOrder {index:2;}">
                    <Coords points="1616,451 1768,451 1768,499 1616,499"/>
                    <TextEquiv>
                        <Unicode>agente</Unicode>
                    </TextEquiv>
                    <TextStyle fontFamily="Times New Roman" fontSize="10.0"/>
                </Word>
                <Word id="w_w2aab1b7b2b1b5ac43" language="English" custom="readingOrder {index:3;}">
                    <Coords points="1795,446 1887,446 1887,487 1795,487"/>
                    <TextEquiv>
                        <Unicode>sine</Unicode>
                    </TextEquiv>
                    <TextStyle fontFamily="Times New Roman" fontSize="10.0"/>
                </Word>
                <Word id="w_w2aab1b7b2b1b5ac53" language="English" custom="readingOrder {index:4;}">
                    <Coords points="1915,448 2086,448 2086,503 1915,503"/>
                    <TextEquiv>
                        <Unicode>speciali</Unicode>
                    </TextEquiv>
                    <TextStyle fontFamily="Times New Roman" fontSize="10.0"/>
                </Word>
                <Word id="w_w2aab1b7b2b1b5ac71" language="English" custom="readingOrder {index:5;}">
                    <Coords points="2120,449 2303,449 2303,491 2120,491"/>
                    <TextEquiv>
                        <Unicode>illustra¬</Unicode>
                    </TextEquiv>
                    <TextStyle fontFamily="Times New Roman" fontSize="10.0"/>
                </Word>
                <TextEquiv>
                    <Unicode>ab intellectu agente sine speciali illustra¬</Unicode>
                </TextEquiv>
                <TextStyle fontFamily="Times New Roman" fontSize="10.0"/>
            </TextLine>
            <TextLine id="tl_49" primaryLanguage="English" custom="readingOrder {index:3;}">
                <Coords points="1294,516 2301,516 2301,581 1294,581"/>
                <Baseline points="1294,558 1408,558 1528,559 1608,561 1701,562 1802,562 2014,565 2125,566 2301,566"/>
                <Word id="w_w2aab1b7b2b1b7ab1" language="English" custom="readingOrder {index:0;}">
                    <Coords points="1294,516 1408,516 1408,558 1294,558"/>
                    <TextEquiv>
                        <Unicode>tione</Unicode>
                    </TextEquiv>
                    <TextStyle fontFamily="Times New Roman" fontSize="10.0"/>
                </Word>
                <Word id="w_w2aab1b7b2b1b7ac13" language="English" custom="readingOrder {index:1;}">
                    <Coords points="1441,518 1528,518 1528,560 1441,560"/>
                    <TextEquiv>
                        <Unicode>Dei.</Unicode>
                    </TextEquiv>
                    <TextStyle fontFamily="Times New Roman" fontSize="10.0"/>
                </Word>
                <Word id="w_w2aab1b7b2b1b7ac23" language="English" custom="readingOrder {index:2;}">
                    <Coords points="1559,521 1608,521 1608,561 1559,561"/>
                    <TextEquiv>
                        <Unicode>Et</Unicode>
                    </TextEquiv>
                    <TextStyle fontFamily="Times New Roman" fontSize="10.0"/>
                </Word>
                <Word id="w_w2aab1b7b2b1b7ac29" language="English" custom="readingOrder {index:3;}">
                    <Coords points="1641,519 1701,519 1701,562 1641,562"/>
                    <TextEquiv>
                        <Unicode>sic</Unicode>
                    </TextEquiv>
                    <TextStyle fontFamily="Times New Roman" fontSize="10.0"/>
                </Word>
                <Word id="w_w2aab1b7b2b1b7ac37" language="English" custom="readingOrder {index:4;}">
                    <Coords points="1728,520 1802,520 1802,562 1728,562"/>
                    <TextEquiv>
                        <Unicode>lux</Unicode>
                    </TextEquiv>
                    <TextStyle fontFamily="Times New Roman" fontSize="10.0"/>
                </Word>
                <Word id="w_w2aab1b7b2b1b7ac45" language="English" custom="readingOrder {index:5;}">
                    <Coords points="1829,521 2014,521 2014,565 1829,565"/>
                    <TextEquiv>
                        <Unicode>increata</Unicode>
                    </TextEquiv>
                    <TextStyle fontFamily="Times New Roman" fontSize="10.0"/>
                </Word>
                <Word id="w_w2aab1b7b2b1b7ac63" language="English" custom="readingOrder {index:6;}">
                    <Coords points="2042,537 2125,537 2125,566 2042,566"/>
                    <TextEquiv>
                        <Unicode>non</Unicode>
                    </TextEquiv>
                    <TextStyle fontFamily="Times New Roman" fontSize="10.0"/>
                </Word>
                <Word id="w_w2aab1b7b2b1b7ac71" language="English" custom="readingOrder {index:7;}">
                    <Coords points="2148,526 2301,526 2301,580 2148,580"/>
                    <TextEquiv>
                        <Unicode>poterit</Unicode>
                    </TextEquiv>
                    <TextStyle fontFamily="Times New Roman" fontSize="10.0"/>
                </Word>
                <TextEquiv>
                    <Unicode>tione Dei. Et sic lux increata non poterit</Unicode>
                </TextEquiv>
                <TextStyle fontFamily="Times New Roman" fontSize="10.0"/>
            </TextLine>
            <TextLine id="tl_50" primaryLanguage="English" custom="readingOrder {index:4;}">
                <Coords points="1295,593 2301,593 2301,655 1295,655"/>
                <Baseline points="1295,634 1354,633 1597,637 1794,648 1885,639 2219,651 2301,642"/>
                <Word id="w_w2aab1b7b2b1b9ab1" language="English" custom="readingOrder {index:0;}">
                    <Coords points="1295,595 1354,595 1354,634 1295,634"/>
                    <TextEquiv>
                        <Unicode>uti</Unicode>
                    </TextEquiv>
                    <TextStyle fontFamily="Times New Roman" fontSize="10.0"/>
                </Word>
                <Word id="w_w2aab1b7b2b1b9ab9" language="English" custom="readingOrder {index:1;}">
                    <Coords points="1381,593 1597,593 1597,637 1381,637"/>
                    <TextEquiv>
                        <Unicode>intellectu</Unicode>
                    </TextEquiv>
                    <TextStyle fontFamily="Times New Roman" fontSize="10.0"/>
                </Word>
                <Word id="w_w2aab1b7b2b1b9ac31" language="English" custom="readingOrder {index:2;}">
                    <Coords points="1629,604 1794,604 1794,651 1629,651"/>
                    <TextEquiv>
                        <Unicode>agente,</Unicode>
                    </TextEquiv>
                    <TextStyle fontFamily="Times New Roman" fontSize="10.0"/>
                </Word>
                <Word id="w_w2aab1b7b2b1b9ac47" language="English" custom="readingOrder {index:3;}">
                    <Coords points="1840,604 1885,604 1885,639 1840,639"/>
                    <TextEquiv>
                        <Unicode>ut</Unicode>
                    </TextEquiv>
                    <TextStyle fontFamily="Times New Roman" fontSize="10.0"/>
                </Word>
                <Word id="w_w2aab1b7b2b1b9ac53" language="English" custom="readingOrder {index:4;}">
                    <Coords points="1918,598 2219,598 2219,651 1918,651"/>
                    <TextEquiv>
                        <Unicode>instrumento,</Unicode>
                    </TextEquiv>
                    <TextStyle fontFamily="Times New Roman" fontSize="10.0"/>
                </Word>
                <Word id="w_w2aab1b7b2b1b9ac79" language="English" custom="readingOrder {index:5;}">
                    <Coords points="2249,600 2301,600 2301,642 2249,642"/>
                    <TextEquiv>
                        <Unicode>ad</Unicode>
                    </TextEquiv>
                    <TextStyle fontFamily="Times New Roman" fontSize="10.0"/>
                </Word>
                <TextEquiv>
                    <Unicode>uti intellectu agente, ut instrumento, ad</Unicode>
                </TextEquiv>
                <TextStyle fontFamily="Times New Roman" fontSize="10.0"/>
            </TextLine>
            <TextLine id="tl_51" primaryLanguage="English" custom="readingOrder {index:5;}">
                <Coords points="1291,668 2295,668 2295,731 1291,731"/>
                <Baseline points="1291,709 1578,713 1806,716 2031,717 2295,727"/>
                <Word id="w_w2aab1b7b2b1c11ab1" language="English" custom="readingOrder {index:0;}">
                    <Coords points="1291,668 1578,668 1578,724 1291,724"/>
                    <TextEquiv>
                        <Unicode>cognitionem</Unicode>
                    </TextEquiv>
                    <TextStyle fontFamily="Times New Roman" fontSize="10.0"/>
                </Word>
                <Word id="w_w2aab1b7b2b1c11ac25" language="English" custom="readingOrder {index:1;}">
                    <Coords points="1625,671 1806,671 1806,728 1625,728"/>
                    <TextEquiv>
                        <Unicode>alicujus</Unicode>
                    </TextEquiv>
                    <TextStyle fontFamily="Times New Roman" fontSize="10.0"/>
                </Word>
                <Word id="w_w2aab1b7b2b1c11ac43" language="English" custom="readingOrder {index:2;}">
                    <Coords points="1851,673 2031,673 2031,717 1851,717"/>
                    <TextEquiv>
                        <Unicode>sincerae</Unicode>
                    </TextEquiv>
                    <TextStyle fontFamily="Times New Roman" fontSize="10.0"/>
                </Word>
                <Word id="w_w2aab1b7b2b1c11ac61" language="English" custom="readingOrder {index:3;}">
                    <Coords points="2083,677 2295,677 2295,727 2083,727"/>
                    <TextEquiv>
                        <Unicode>veritatis;</Unicode>
                    </TextEquiv>
                    <TextStyle fontFamily="Times New Roman" fontSize="10.0"/>
                </Word>
                <TextEquiv>
                    <Unicode>cognitionem alicujus sincerae veritatis;</Unicode>
                </TextEquiv>
                <TextStyle fontFamily="Times New Roman" fontSize="10.0"/>
            </TextLine>
            <TextLine id="tl_52" primaryLanguage="English" custom="readingOrder {index:6;}">
                <Coords points="1289,742 2295,742 2295,807 1289,807"/>
                <Baseline points="1289,784 1363,784 1438,786 1490,786 1587,787 1798,789 1966,790 2102,792 2294,794"/>
                <Word id="w_w2aab1b7b2b1c13ab1" language="English" custom="readingOrder {index:0;}">
                    <Coords points="1289,743 1363,743 1363,784 1289,784"/>
                    <TextEquiv>
                        <Unicode>sed</Unicode>
                    </TextEquiv>
                    <TextStyle fontFamily="Times New Roman" fontSize="10.0"/>
                </Word>
                <Word id="w_w2aab1b7b2b1c13ab9" language="English" custom="readingOrder {index:1;}">
                    <Coords points="1386,742 1438,742 1438,786 1386,786"/>
                    <TextEquiv>
                        <Unicode>de</Unicode>
                    </TextEquiv>
                    <TextStyle fontFamily="Times New Roman" fontSize="10.0"/>
                </Word>
                <Word id="w_w2aab1b7b2b1c13ac15" language="English" custom="readingOrder {index:2;}">
                    <Coords points="1463,744 1544,744 1544,787 1463,787"/>
                    <TextEquiv>
                        <Unicode>hoc</Unicode>
                    </TextEquiv>
                    <TextStyle fontFamily="Times New Roman" fontSize="10.0"/>
                </Word>
                <Word id="w_w2aab1b7b2b1c13b1b1" language="English" custom="readingOrder {index:3;}">
                    <Coords points="1569,746 1694,746 1694,800 1569,800"/>
                    <TextEquiv>
                        <Unicode>infra</Unicode>
                    </TextEquiv>
                    <TextStyle fontFamily="Times New Roman" fontSize="10.0" italic="true"/>
                </Word>
                <Word id="w_w2aab1b7b2b1c13b2b3" language="English" custom="readingOrder {index:4;}">
                    <Coords points="1729,748 1901,748 1901,803 1729,803"/>
                    <TextEquiv>
                        <Unicode>patebit,</Unicode>
                    </TextEquiv>
                    <TextStyle fontFamily="Times New Roman" fontSize="10.0"/>
                </Word>
                <Word id="w_w2aab1b7b2b1c13b3b1" language="English" custom="readingOrder {index:5;}">
                    <Coords points="1936,749 2040,749 2040,792 1936,792"/>
                    <TextEquiv>
                        <Unicode>dist.</Unicode>
                    </TextEquiv>
                    <TextStyle fontFamily="Times New Roman" fontSize="10.0" italic="true"/>
                </Word>
                <Word id="w_w2aab1b7b2b1c13b4b3" language="English" custom="readingOrder {index:6;}">
                    <Coords points="2077,753 2117,753 2117,806 2077,806"/>
                    <TextEquiv>
                        <Unicode>3.</Unicode>
                    </TextEquiv>
                    <TextStyle fontFamily="Times New Roman" fontSize="10.0"/>
                </Word>
                <Word id="w_w2aab1b7b2b1c13b5b1" language="English" custom="readingOrder {index:7;}">
                    <Coords points="2149,758 2294,758 2294,806 2149,806"/>
                    <TextEquiv>
                        <Unicode>queest.</Unicode>
                    </TextEquiv>
                    <TextStyle fontFamily="Times New Roman" fontSize="10.0" italic="true"/>
                </Word>
                <TextEquiv>
                    <Unicode>sed de hoc infra patebit, dist. 3. queest.</Unicode>
                </TextEquiv>
            </TextLine>
            <TextLine id="tl_53" primaryLanguage="English" custom="readingOrder {index:7;}">
                <Coords points="1289,819 2299,819 2299,883 1289,883"/>
                <Baseline points="1289,860 1330,860 1432,861 1518,863 1741,866 1948,866 1993,863 2104,868 2299,868"/>
                <Word id="w_w2aab1b7b2b1c15ab1" language="English" custom="readingOrder {index:0;}">
                    <Coords points="1289,821 1330,821 1330,860 1289,860"/>
                    <TextEquiv>
                        <Unicode>4.</Unicode>
                    </TextEquiv>
                    <TextStyle fontFamily="Times New Roman" fontSize="10.0"/>
                </Word>
                <Word id="w_w2aab1b7b2b1c15ab7" language="English" custom="readingOrder {index:1;}">
                    <Coords points="1362,819 1432,819 1432,861 1362,861"/>
                    <TextEquiv>
                        <Unicode>ubi</Unicode>
                    </TextEquiv>
                    <TextStyle fontFamily="Times New Roman" fontSize="10.0"/>
                </Word>
                <Word id="w_w2aab1b7b2b1c15ac15" language="English" custom="readingOrder {index:2;}">
                    <Coords points="1454,831 1518,831 1518,863 1454,863"/>
                    <TextEquiv>
                        <Unicode>est</Unicode>
                    </TextEquiv>
                    <TextStyle fontFamily="Times New Roman" fontSize="10.0"/>
                </Word>
                <Word id="w_w2aab1b7b2b1c15ac23" language="English" custom="readingOrder {index:3;}">
                    <Coords points="1545,822 1741,822 1741,877 1545,877"/>
                    <TextEquiv>
                        <Unicode>specialis</Unicode>
                    </TextEquiv>
                    <TextStyle fontFamily="Times New Roman" fontSize="10.0"/>
                </Word>
                <Word id="w_w2aab1b7b2b1c15ac43" language="English" custom="readingOrder {index:4;}">
                    <Coords points="1769,824 1948,824 1948,880 1769,880"/>
                    <TextEquiv>
                        <Unicode>quaestio</Unicode>
                    </TextEquiv>
                    <TextStyle fontFamily="Times New Roman" fontSize="10.0"/>
                </Word>
                <Word id="w_w2aab1b7b2b1c15ac61" language="English" custom="readingOrder {index:5;}">
                    <Coords points="1986,826 1993,826 1993,867 1986,867"/>
                    <TextEquiv>
                        <Unicode>:</Unicode>
                    </TextEquiv>
                    <TextStyle fontFamily="Times New Roman" fontSize="10.0"/>
                </Word>
                <Word id="w_w2aab1b7b2b1c15b1b1" language="English" custom="readingOrder {index:6;}">
                    <Coords points="2036,826 2104,826 2104,868 2036,868"/>
                    <TextEquiv>
                        <Unicode>An</Unicode>
                    </TextEquiv>
                    <TextStyle fontFamily="Times New Roman" fontSize="10.0" italic="true"/>
                </Word>
                <Word id="w_w2aab1b7b2b1c15b1b7" language="English" custom="readingOrder {index:7;}">
                    <Coords points="2128,827 2299,827 2299,869 2128,869"/>
                    <TextEquiv>
                        <Unicode>sincera</Unicode>
                    </TextEquiv>
                    <TextStyle fontFamily="Times New Roman" fontSize="10.0" italic="true"/>
                </Word>
                <TextEquiv>
                    <Unicode>4. ubi est specialis quaestio : An sincera</Unicode>
                </TextEquiv>
            </TextLine>
            <TextLine id="tl_54" primaryLanguage="English" custom="readingOrder {index:8;}">
                <Coords points="1287,896 2102,896 2102,956 1287,956"/>
                <Baseline points="1287,938 1450,938 1603,940 1782,941 1875,942 2101,945"/>
                <Word id="w_w2aab1b7b2b1c17ab1" language="English" custom="readingOrder {index:0;}">
                    <Coords points="1287,896 1450,896 1450,938 1287,938"/>
                    <TextEquiv>
                        <Unicode>veritas</Unicode>
                    </TextEquiv>
                    <TextStyle fontFamily="Times New Roman" fontSize="10.0" italic="true"/>
                </Word>
                <Word id="w_w2aab1b7b2b1c17ac17" language="English" custom="readingOrder {index:1;}">
                    <Coords points="1467,898 1603,898 1603,952 1467,952"/>
                    <TextEquiv>
                        <Unicode>possit</Unicode>
                    </TextEquiv>
                    <TextStyle fontFamily="Times New Roman" fontSize="10.0" italic="true"/>
                </Word>
                <Word id="w_w2aab1b7b2b1c17ac31" language="English" custom="readingOrder {index:2;}">
                    <Coords points="1630,899 1782,899 1782,942 1630,942"/>
                    <TextEquiv>
                        <Unicode>haberi</Unicode>
                    </TextEquiv>
                    <TextStyle fontFamily="Times New Roman" fontSize="10.0" italic="true"/>
                </Word>
                <Word id="w_w2aab1b7b2b1c17ac45" language="English" custom="readingOrder {index:3;}">
                    <Coords points="1801,901 1875,901 1875,942 1801,942"/>
                    <TextEquiv>
                        <Unicode>via</Unicode>
                    </TextEquiv>
                    <TextStyle fontFamily="Times New Roman" fontSize="10.0" italic="true"/>
                </Word>
                <Word id="w_w2aab1b7b2b1c17ac53" language="English" custom="readingOrder {index:4;}">
                    <Coords points="1890,902 2101,902 2101,945 1890,945"/>
                    <TextEquiv>
                        <Unicode>naturali.</Unicode>
                    </TextEquiv>
                    <TextStyle fontFamily="Times New Roman" fontSize="10.0" italic="true"/>
                </Word>
                <TextEquiv>
                    <Unicode>veritas possit haberi via naturali.</Unicode>
                </TextEquiv>
                <TextStyle fontFamily="Times New Roman" fontSize="10.0" italic="true"/>
            </TextLine>
            <TextEquiv>
                <Unicode>ram veritatem, quia talis veritas, secun¬
dum eum, non potest haberi via sensuum
ab intellectu agente sine speciali illustra¬
tione Dei. Et sic lux increata non poterit
uti intellectu agente, ut instrumento, ad
cognitionem alicujus sincerae veritatis;
sed de hoc infra patebit, dist. 3. queest.
4. ubi est specialis quaestio : An sincera
veritas possit haberi via naturali.</Unicode>
            </TextEquiv>
        </TextRegion>
        <TextRegion type="paragraph" id="r_4_2" custom="readingOrder {index:7;}">
            <Coords points="1282,968 2300,968 2300,1786 1282,1786"/>
            <TextLine id="tl_55" primaryLanguage="English" custom="readingOrder {index:0;}">
                <Coords points="1346,969 2298,969 2298,1034 1346,1034"/>
                <Baseline points="1346,1028 1362,1028 1555,1014 1693,1016 1920,1019 2050,1020 2298,1022"/>
                <Word id="w_w2aab1b7b2b3b1ab1" language="English" custom="readingOrder {index:0;}">
                    <Coords points="1346,0 1414,0 1414,1029 1346,1029"/>
                    <TextEquiv>
                        <Unicode>(u)</Unicode>
                    </TextEquiv>
                    <TextStyle fontFamily="Times New Roman" fontSize="12.0"/>
                </Word>
                <Word id="w_w2aab1b7b2b3b1b1b1" language="English" custom="readingOrder {index:1;}">
                    <Coords points="1460,973 1555,973 1555,1014 1460,1014"/>
                    <TextEquiv>
                        <Unicode>Istce</Unicode>
                    </TextEquiv>
                    <TextStyle fontFamily="Times New Roman" fontSize="10.0" italic="true"/>
                </Word>
                <Word id="w_w2aab1b7b2b3b1b1c13" language="English" custom="readingOrder {index:2;}">
                    <Coords points="1596,974 1693,974 1693,1016 1596,1016"/>
                    <TextEquiv>
                        <Unicode>duce</Unicode>
                    </TextEquiv>
                    <TextStyle fontFamily="Times New Roman" fontSize="10.0" italic="true"/>
                </Word>
                <Word id="w_w2aab1b7b2b3b1b1c23" language="English" custom="readingOrder {index:3;}">
                    <Coords points="1729,977 1920,977 1920,1019 1729,1019"/>
                    <TextEquiv>
                        <Unicode>rectiones</Unicode>
                    </TextEquiv>
                    <TextStyle fontFamily="Times New Roman" fontSize="10.0" italic="true"/>
                </Word>
                <Word id="w_w2aab1b7b2b3b1b1c43" language="English" custom="readingOrder {index:4;}">
                    <Coords points="1963,992 2050,992 2050,1020 1963,1020"/>
                    <TextEquiv>
                        <Unicode>non</Unicode>
                    </TextEquiv>
                    <TextStyle fontFamily="Times New Roman" fontSize="10.0" italic="true"/>
                </Word>
                <Word id="w_w2aab1b7b2b3b1b1c51" language="English" custom="readingOrder {index:5;}">
                    <Coords points="2094,979 2298,979 2298,1022 2094,1022"/>
                    <TextEquiv>
                        <Unicode>videntur</Unicode>
                    </TextEquiv>
                    <TextStyle fontFamily="Times New Roman" fontSize="10.0" italic="true"/>
                </Word>
                <TextEquiv>
                    <Unicode>(u) Istce duce rectiones non videntur</Unicode>
                </TextEquiv>
            </TextLine>
            <TextLine id="tl_56" primaryLanguage="English" custom="readingOrder {index:1;}">
                <Coords points="1283,1048 2298,1048 2298,1109 1283,1109"/>
                <Baseline points="1283,1102 1526,1091 1578,1091 1947,1096 2111,1104 2298,1088"/>
                <Word id="w_w2aab1b7b2b3b3ab1" language="English" custom="readingOrder {index:0;}">
                    <Coords points="1283,1048 1526,1048 1526,1102 1283,1102"/>
                    <TextEquiv>
                        <Unicode>plurimum</Unicode>
                    </TextEquiv>
                    <TextStyle fontFamily="Times New Roman" fontSize="10.0" italic="true"/>
                </Word>
                <Word id="w_w2aab1b7b2b3b3ac19" language="English" custom="readingOrder {index:1;}">
                    <Coords points="1558,1052 1770,1052 1770,1105 1558,1105"/>
                    <TextEquiv>
                        <Unicode>efficaces.</Unicode>
                    </TextEquiv>
                    <TextStyle fontFamily="Times New Roman" fontSize="10.0" italic="true"/>
                </Word>
                <Word id="w_w2aab1b7b2b3b3b1b3" language="English" custom="readingOrder {index:2;}">
                    <Coords points="1807,1053 1947,1053 1947,1096 1807,1096"/>
                    <TextEquiv>
                        <Unicode>Prima</Unicode>
                    </TextEquiv>
                    <TextStyle fontFamily="Times New Roman" fontSize="10.0"/>
                </Word>
                <Word id="w_w2aab1b7b2b3b3b1c15" language="English" custom="readingOrder {index:3;}">
                    <Coords points="1980,1054 2111,1054 2111,1104 1980,1104"/>
                    <TextEquiv>
                        <Unicode>enim,</Unicode>
                    </TextEquiv>
                    <TextStyle fontFamily="Times New Roman" fontSize="10.0"/>
                </Word>
                <Word id="w_w2aab1b7b2b3b3b1c27" language="English" custom="readingOrder {index:4;}">
                    <Coords points="2146,1056 2298,1056 2298,1100 2146,1100"/>
                    <TextEquiv>
                        <Unicode>videli¬</Unicode>
                    </TextEquiv>
                    <TextStyle fontFamily="Times New Roman" fontSize="10.0"/>
                </Word>
                <TextEquiv>
                    <Unicode>plurimum efficaces. Prima enim, videli¬</Unicode>
                </TextEquiv>
            </TextLine>
            <TextLine id="tl_57" primaryLanguage="English" custom="readingOrder {index:2;}">
                <Coords points="1287,1123 2294,1123 2294,1189 1287,1189"/>
                <Baseline points="1287,1165 1352,1164 1494,1168 1555,1168 1645,1169 1862,1180 2106,1174 2294,1185"/>
                <Word id="w_w2aab1b7b2b3b5ab1" language="English" custom="readingOrder {index:0;}">
                    <Coords points="1287,1130 1352,1130 1352,1165 1287,1165"/>
                    <TextEquiv>
                        <Unicode>cet</Unicode>
                    </TextEquiv>
                    <TextStyle fontFamily="Times New Roman" fontSize="10.0"/>
                </Word>
                <Word id="w_w2aab1b7b2b3b5ab9" language="English" custom="readingOrder {index:1;}">
                    <Coords points="1387,1123 1494,1123 1494,1168 1387,1168"/>
                    <TextEquiv>
                        <Unicode>facta</Unicode>
                    </TextEquiv>
                    <TextStyle fontFamily="Times New Roman" fontSize="10.0"/>
                </Word>
                <Word id="w_w2aab1b7b2b3b5ac21" language="English" custom="readingOrder {index:2;}">
                    <Coords points="1533,1139 1555,1139 1555,1168 1533,1168"/>
                    <TextEquiv>
                        <Unicode>a</Unicode>
                    </TextEquiv>
                    <TextStyle fontFamily="Times New Roman" fontSize="10.0"/>
                </Word>
                <Word id="w_w2aab1b7b2b3b5ac25" language="English" custom="readingOrder {index:3;}">
                    <Coords points="1599,1129 1645,1129 1645,1169 1599,1169"/>
                    <TextEquiv>
                        <Unicode>D.</Unicode>
                    </TextEquiv>
                    <TextStyle fontFamily="Times New Roman" fontSize="10.0"/>
                </Word>
                <Word id="w_w2aab1b7b2b3b5ac31" language="English" custom="readingOrder {index:4;}">
                    <Coords points="1682,1128 1862,1128 1862,1180 1682,1180"/>
                    <TextEquiv>
                        <Unicode>Thoma,</Unicode>
                    </TextEquiv>
                    <TextStyle fontFamily="Times New Roman" fontSize="10.0"/>
                </Word>
                <Word id="w_w2aab1b7b2b3b5ac45" language="English" custom="readingOrder {index:5;}">
                    <Coords points="1905,1133 2106,1133 2106,1187 1905,1187"/>
                    <TextEquiv>
                        <Unicode>supponit</Unicode>
                    </TextEquiv>
                    <TextStyle fontFamily="Times New Roman" fontSize="10.0"/>
                </Word>
                <Word id="w_w2aab1b7b2b3b5ac63" language="English" custom="readingOrder {index:6;}">
                    <Coords points="2145,1146 2294,1146 2294,1185 2145,1185"/>
                    <TextEquiv>
                        <Unicode>unum,</Unicode>
                    </TextEquiv>
                    <TextStyle fontFamily="Times New Roman" fontSize="10.0"/>
                </Word>
                <TextEquiv>
                    <Unicode>cet facta a D. Thoma, supponit unum,</Unicode>
                </TextEquiv>
                <TextStyle fontFamily="Times New Roman" fontSize="10.0"/>
            </TextLine>
            <TextLine id="tl_58" primaryLanguage="English" custom="readingOrder {index:3;}">
                <Coords points="1288,1199 2294,1199 2294,1263 1288,1263"/>
                <Baseline points="1288,1255 1399,1241 1560,1243 1663,1244 1748,1246 1992,1248 2294,1259"/>
                <Word id="w_w2aab1b7b2b3b7ab1" language="English" custom="readingOrder {index:0;}">
                    <Coords points="1288,1199 1399,1199 1399,1255 1288,1255"/>
                    <TextEquiv>
                        <Unicode>quod</Unicode>
                    </TextEquiv>
                    <TextStyle fontFamily="Times New Roman" fontSize="10.0"/>
                </Word>
                <Word id="w_w2aab1b7b2b3b7ac11" language="English" custom="readingOrder {index:1;}">
                    <Coords points="1421,1200 1560,1200 1560,1243 1421,1243"/>
                    <TextEquiv>
                        <Unicode>adhuc</Unicode>
                    </TextEquiv>
                    <TextStyle fontFamily="Times New Roman" fontSize="10.0"/>
                </Word>
                <Word id="w_w2aab1b7b2b3b7ac23" language="English" custom="readingOrder {index:2;}">
                    <Coords points="1580,1216 1663,1216 1663,1244 1580,1244"/>
                    <TextEquiv>
                        <Unicode>non</Unicode>
                    </TextEquiv>
                    <TextStyle fontFamily="Times New Roman" fontSize="10.0"/>
                </Word>
                <Word id="w_w2aab1b7b2b3b7ac31" language="English" custom="readingOrder {index:3;}">
                    <Coords points="1685,1211 1748,1211 1748,1246 1685,1246"/>
                    <TextEquiv>
                        <Unicode>est</Unicode>
                    </TextEquiv>
                    <TextStyle fontFamily="Times New Roman" fontSize="10.0"/>
                </Word>
                <Word id="w_w2aab1b7b2b3b7ac39" language="English" custom="readingOrder {index:4;}">
                    <Coords points="1769,1205 1992,1205 1992,1260 1769,1260"/>
                    <TextEquiv>
                        <Unicode>probatum</Unicode>
                    </TextEquiv>
                    <TextStyle fontFamily="Times New Roman" fontSize="10.0"/>
                </Word>
                <Word id="w_w2aab1b7b2b3b7ac57" language="English" custom="readingOrder {index:5;}">
                    <Coords points="2016,1207 2294,1207 2294,1259 2016,1259"/>
                    <TextEquiv>
                        <Unicode>sufficienter,</Unicode>
                    </TextEquiv>
                    <TextStyle fontFamily="Times New Roman" fontSize="10.0"/>
                </Word>
                <TextEquiv>
                    <Unicode>quod adhuc non est probatum sufficienter,</Unicode>
                </TextEquiv>
                <TextStyle fontFamily="Times New Roman" fontSize="10.0"/>
            </TextLine>
            <TextLine id="tl_59" primaryLanguage="English" custom="readingOrder {index:4;}">
                <Coords points="1288,1275 2299,1275 2299,1339 1288,1339"/>
                <Baseline points="1288,1316 1499,1327 1654,1321 1820,1323 2081,1325 2299,1326"/>
                <Word id="w_w2aab1b7b2b3b9ab1" language="English" custom="readingOrder {index:0;}">
                    <Coords points="1288,1275 1499,1275 1499,1327 1288,1327"/>
                    <TextEquiv>
                        <Unicode>videlicet,</Unicode>
                    </TextEquiv>
                    <TextStyle fontFamily="Times New Roman" fontSize="10.0"/>
                </Word>
                <Word id="w_w2aab1b7b2b3b9ac23" language="English" custom="readingOrder {index:1;}">
                    <Coords points="1543,1279 1654,1279 1654,1334 1543,1334"/>
                    <TextEquiv>
                        <Unicode>quod</Unicode>
                    </TextEquiv>
                    <TextStyle fontFamily="Times New Roman" fontSize="10.0"/>
                </Word>
                <Word id="w_w2aab1b7b2b3b9ac33" language="English" custom="readingOrder {index:2;}">
                    <Coords points="1694,1280 1820,1280 1820,1323 1694,1323"/>
                    <TextEquiv>
                        <Unicode>homo</Unicode>
                    </TextEquiv>
                    <TextStyle fontFamily="Times New Roman" fontSize="10.0"/>
                </Word>
                <Word id="w_w2aab1b7b2b3b9ac43" language="English" custom="readingOrder {index:3;}">
                    <Coords points="1860,1282 2081,1282 2081,1325 1860,1325"/>
                    <TextEquiv>
                        <Unicode>ordinatur</Unicode>
                    </TextEquiv>
                    <TextStyle fontFamily="Times New Roman" fontSize="10.0"/>
                </Word>
                <Word id="w_w2aab1b7b2b3b9ac63" language="English" custom="readingOrder {index:4;}">
                    <Coords points="2114,1284 2299,1284 2299,1328 2114,1328"/>
                    <TextEquiv>
                        <Unicode>finaliter</Unicode>
                    </TextEquiv>
                    <TextStyle fontFamily="Times New Roman" fontSize="10.0"/>
                </Word>
                <TextEquiv>
                    <Unicode>videlicet, quod homo ordinatur finaliter</Unicode>
                </TextEquiv>
                <TextStyle fontFamily="Times New Roman" fontSize="10.0"/>
            </TextLine>
            <TextLine id="tl_60" primaryLanguage="English" custom="readingOrder {index:5;}">
                <Coords points="1286,1349 2296,1349 2296,1415 1286,1415"/>
                <Baseline points="1286,1391 1337,1392 1652,1396 2058,1402 2136,1402 2296,1402"/>
                <Word id="w_w2aab1b7b2b3c11ab1" language="English" custom="readingOrder {index:0;}">
                    <Coords points="1286,1349 1337,1349 1337,1392 1286,1392"/>
                    <TextEquiv>
                        <Unicode>ad</Unicode>
                    </TextEquiv>
                    <TextStyle fontFamily="Times New Roman" fontSize="10.0"/>
                </Word>
                <Word id="w_w2aab1b7b2b3c11ab7" language="English" custom="readingOrder {index:1;}">
                    <Coords points="1364,1352 1652,1352 1652,1407 1364,1407"/>
                    <TextEquiv>
                        <Unicode>cognitionem</Unicode>
                    </TextEquiv>
                    <TextStyle fontFamily="Times New Roman" fontSize="10.0"/>
                </Word>
                <Word id="w_w2aab1b7b2b3c11ac31" language="English" custom="readingOrder {index:2;}">
                    <Coords points="1677,1359 2058,1359 2058,1412 1677,1412"/>
                    <TextEquiv>
                        <Unicode>supernaturalem.</Unicode>
                    </TextEquiv>
                    <TextStyle fontFamily="Times New Roman" fontSize="10.0"/>
                </Word>
                <Word id="w_w2aab1b7b2b3c11ac63" language="English" custom="readingOrder {index:3;}">
                    <Coords points="2085,1361 2136,1361 2136,1402 2085,1402"/>
                    <TextEquiv>
                        <Unicode>Et</Unicode>
                    </TextEquiv>
                    <TextStyle fontFamily="Times New Roman" fontSize="10.0"/>
                </Word>
                <Word id="w_w2aab1b7b2b3c11ac69" language="English" custom="readingOrder {index:4;}">
                    <Coords points="2168,1360 2296,1360 2296,1404 2168,1404"/>
                    <TextEquiv>
                        <Unicode>etiam</Unicode>
                    </TextEquiv>
                    <TextStyle fontFamily="Times New Roman" fontSize="10.0"/>
                </Word>
                <TextEquiv>
                    <Unicode>ad cognitionem supernaturalem. Et etiam</Unicode>
                </TextEquiv>
                <TextStyle fontFamily="Times New Roman" fontSize="10.0"/>
            </TextLine>
            <TextLine id="tl_61" primaryLanguage="English" custom="readingOrder {index:6;}">
                <Coords points="1286,1427 2297,1427 2297,1492 1286,1492"/>
                <Baseline points="1286,1480 1439,1478 1601,1471 1704,1472 2033,1486 2297,1478"/>
                <Word id="w_w2aab1b7b2b3c13ab1" language="English" custom="readingOrder {index:0;}">
                    <Coords points="1286,1427 1439,1427 1439,1480 1286,1480"/>
                    <TextEquiv>
                        <Unicode>posito,</Unicode>
                    </TextEquiv>
                    <TextStyle fontFamily="Times New Roman" fontSize="10.0"/>
                </Word>
                <Word id="w_w2aab1b7b2b3c13ac17" language="English" custom="readingOrder {index:1;}">
                    <Coords points="1491,1430 1601,1430 1601,1484 1491,1484"/>
                    <TextEquiv>
                        <Unicode>quod</Unicode>
                    </TextEquiv>
                    <TextStyle fontFamily="Times New Roman" fontSize="10.0"/>
                </Word>
                <Word id="w_w2aab1b7b2b3c13ac27" language="English" custom="readingOrder {index:2;}">
                    <Coords points="1643,1430 1704,1430 1704,1473 1643,1473"/>
                    <TextEquiv>
                        <Unicode>sic</Unicode>
                    </TextEquiv>
                    <TextStyle fontFamily="Times New Roman" fontSize="10.0"/>
                </Word>
                <Word id="w_w2aab1b7b2b3c13ac35" language="English" custom="readingOrder {index:3;}">
                    <Coords points="1751,1433 2033,1433 2033,1486 1751,1486"/>
                    <TextEquiv>
                        <Unicode>ordinaretur,</Unicode>
                    </TextEquiv>
                    <TextStyle fontFamily="Times New Roman" fontSize="10.0"/>
                </Word>
                <Word id="w_w2aab1b7b2b3c13ac61" language="English" custom="readingOrder {index:4;}">
                    <Coords points="2082,1442 2297,1442 2297,1491 2082,1491"/>
                    <TextEquiv>
                        <Unicode>oporteret</Unicode>
                    </TextEquiv>
                    <TextStyle fontFamily="Times New Roman" fontSize="10.0"/>
                </Word>
                <TextEquiv>
                    <Unicode>posito, quod sic ordinaretur, oporteret</Unicode>
                </TextEquiv>
                <TextStyle fontFamily="Times New Roman" fontSize="10.0"/>
            </TextLine>
            <TextLine id="tl_62" primaryLanguage="English" custom="readingOrder {index:7;}">
                <Coords points="1285,1502 2295,1502 2295,1568 1285,1568"/>
                <Baseline points="1285,1543 1508,1547 1640,1548 1860,1551 2086,1553 2200,1553 2295,1542"/>
                <Word id="w_w2aab1b7b2b3c15ab1" language="English" custom="readingOrder {index:0;}">
                    <Coords points="1285,1503 1508,1503 1508,1547 1285,1547"/>
                    <TextEquiv>
                        <Unicode>ostendere</Unicode>
                    </TextEquiv>
                    <TextStyle fontFamily="Times New Roman" fontSize="10.0"/>
                </Word>
                <Word id="w_w2aab1b7b2b3c15ac21" language="English" custom="readingOrder {index:1;}">
                    <Coords points="1529,1507 1640,1507 1640,1560 1529,1560"/>
                    <TextEquiv>
                        <Unicode>quod</Unicode>
                    </TextEquiv>
                    <TextStyle fontFamily="Times New Roman" fontSize="10.0"/>
                </Word>
                <Word id="w_w2aab1b7b2b3c15ac31" language="English" custom="readingOrder {index:2;}">
                    <Coords points="1672,1509 1860,1509 1860,1563 1672,1563"/>
                    <TextEquiv>
                        <Unicode>cognitio</Unicode>
                    </TextEquiv>
                    <TextStyle fontFamily="Times New Roman" fontSize="10.0"/>
                </Word>
                <Word id="w_w2aab1b7b2b3c15ac49" language="English" custom="readingOrder {index:3;}">
                    <Coords points="1883,1510 2086,1510 2086,1553 1883,1553"/>
                    <TextEquiv>
                        <Unicode>naturalis</Unicode>
                    </TextEquiv>
                    <TextStyle fontFamily="Times New Roman" fontSize="10.0"/>
                </Word>
                <Word id="w_w2aab1b7b2b3c15ac69" language="English" custom="readingOrder {index:4;}">
                    <Coords points="2118,1525 2200,1525 2200,1554 2118,1554"/>
                    <TextEquiv>
                        <Unicode>non</Unicode>
                    </TextEquiv>
                    <TextStyle fontFamily="Times New Roman" fontSize="10.0"/>
                </Word>
                <Word id="w_w2aab1b7b2b3c15ac77" language="English" custom="readingOrder {index:5;}">
                    <Coords points="2223,1526 2295,1526 2295,1568 2223,1568"/>
                    <TextEquiv>
                        <Unicode>po¬</Unicode>
                    </TextEquiv>
                    <TextStyle fontFamily="Times New Roman" fontSize="10.0"/>
                </Word>
                <TextEquiv>
                    <Unicode>ostendere quod cognitio naturalis non po¬</Unicode>
                </TextEquiv>
                <TextStyle fontFamily="Times New Roman" fontSize="10.0"/>
            </TextLine>
            <TextLine id="tl_63" primaryLanguage="English" custom="readingOrder {index:8;}">
                <Coords points="1284,1578 2288,1578 2288,1645 1284,1645"/>
                <Baseline points="1284,1618 1365,1620 1656,1623 1914,1628 2028,1628 2163,1631 2287,1640"/>
                <Word id="w_w2aab1b7b2b3c17ab1" language="English" custom="readingOrder {index:0;}">
                    <Coords points="1284,1583 1365,1583 1365,1620 1284,1620"/>
                    <TextEquiv>
                        <Unicode>test</Unicode>
                    </TextEquiv>
                    <TextStyle fontFamily="Times New Roman" fontSize="10.0"/>
                </Word>
                <Word id="w_w2aab1b7b2b3c17ac11" language="English" custom="readingOrder {index:1;}">
                    <Coords points="1392,1579 1656,1579 1656,1623 1392,1623"/>
                    <TextEquiv>
                        <Unicode>sufficienter</Unicode>
                    </TextEquiv>
                    <TextStyle fontFamily="Times New Roman" fontSize="10.0"/>
                </Word>
                <Word id="w_w2aab1b7b2b3c17ac37" language="English" custom="readingOrder {index:2;}">
                    <Coords points="1689,1582 1914,1582 1914,1640 1689,1640"/>
                    <TextEquiv>
                        <Unicode>disponere</Unicode>
                    </TextEquiv>
                    <TextStyle fontFamily="Times New Roman" fontSize="10.0"/>
                </Word>
                <Word id="w_w2aab1b7b2b3c17ac57" language="English" custom="readingOrder {index:3;}">
                    <Coords points="1953,1601 2028,1601 2028,1643 1953,1643"/>
                    <TextEquiv>
                        <Unicode>pro</Unicode>
                    </TextEquiv>
                    <TextStyle fontFamily="Times New Roman" fontSize="10.0"/>
                </Word>
                <Word id="w_w2aab1b7b2b3c17ac65" language="English" custom="readingOrder {index:4;}">
                    <Coords points="2055,1597 2163,1597 2163,1632 2055,1632"/>
                    <TextEquiv>
                        <Unicode>statu</Unicode>
                    </TextEquiv>
                    <TextStyle fontFamily="Times New Roman" fontSize="10.0"/>
                </Word>
                <Word id="w_w2aab1b7b2b3c17ac77" language="English" custom="readingOrder {index:5;}">
                    <Coords points="2193,1589 2287,1589 2287,1640 2193,1640"/>
                    <TextEquiv>
                        <Unicode>isto,</Unicode>
                    </TextEquiv>
                    <TextStyle fontFamily="Times New Roman" fontSize="10.0"/>
                </Word>
                <TextEquiv>
                    <Unicode>test sufficienter disponere pro statu isto,</Unicode>
                </TextEquiv>
                <TextStyle fontFamily="Times New Roman" fontSize="10.0"/>
            </TextLine>
            <TextLine id="tl_64" primaryLanguage="English" custom="readingOrder {index:9;}">
                <Coords points="1284,1652 2290,1652 2290,1719 1284,1719"/>
                <Baseline points="1284,1694 1334,1694 1672,1699 2091,1706 2290,1698"/>
                <Word id="w_w2aab1b7b2b3c19ab1" language="English" custom="readingOrder {index:0;}">
                    <Coords points="1284,1652 1334,1652 1334,1694 1284,1694"/>
                    <TextEquiv>
                        <Unicode>ad</Unicode>
                    </TextEquiv>
                    <TextStyle fontFamily="Times New Roman" fontSize="10.0"/>
                </Word>
                <Word id="w_w2aab1b7b2b3c19ab7" language="English" custom="readingOrder {index:1;}">
                    <Coords points="1385,1655 1672,1655 1672,1710 1385,1710"/>
                    <TextEquiv>
                        <Unicode>cognitionem</Unicode>
                    </TextEquiv>
                    <TextStyle fontFamily="Times New Roman" fontSize="10.0"/>
                </Word>
                <Word id="w_w2aab1b7b2b3c19ac31" language="English" custom="readingOrder {index:2;}">
                    <Coords points="1724,1663 2091,1663 2091,1716 1724,1716"/>
                    <TextEquiv>
                        <Unicode>supernaturalem</Unicode>
                    </TextEquiv>
                    <TextStyle fontFamily="Times New Roman" fontSize="10.0"/>
                </Word>
                <Word id="w_w2aab1b7b2b3c19ac61" language="English" custom="readingOrder {index:3;}">
                    <Coords points="2141,1679 2290,1679 2290,1708 2141,1708"/>
                    <TextEquiv>
                        <Unicode>conse¬</Unicode>
                    </TextEquiv>
                    <TextStyle fontFamily="Times New Roman" fontSize="10.0"/>
                </Word>
                <TextEquiv>
                    <Unicode>ad cognitionem supernaturalem conse¬</Unicode>
                </TextEquiv>
                <TextStyle fontFamily="Times New Roman" fontSize="10.0"/>
            </TextLine>
            <TextLine id="tl_65" primaryLanguage="English" custom="readingOrder {index:10;}">
                <Coords points="1283,1730 1512,1730 1512,1785 1283,1785"/>
                <Baseline points="1283,1784 1511,1774"/>
                <Word id="w_w2aab1b7b2b3c21ab1" language="English" custom="readingOrder {index:0;}">
                    <Coords points="1283,1730 1511,1730 1511,1784 1283,1784"/>
                    <TextEquiv>
                        <Unicode>quendam.</Unicode>
                    </TextEquiv>
                    <TextStyle fontFamily="Times New Roman" fontSize="10.0"/>
                </Word>
                <TextEquiv>
                    <Unicode>quendam.</Unicode>
                </TextEquiv>
                <TextStyle fontFamily="Times New Roman" fontSize="10.0"/>
            </TextLine>
            <TextEquiv>
                <Unicode>(u) Istce duce rectiones non videntur
plurimum efficaces. Prima enim, videli¬
cet facta a D. Thoma, supponit unum,
quod adhuc non est probatum sufficienter,
videlicet, quod homo ordinatur finaliter
ad cognitionem supernaturalem. Et etiam
posito, quod sic ordinaretur, oporteret
ostendere quod cognitio naturalis non po¬
test sufficienter disponere pro statu isto,
ad cognitionem supernaturalem conse¬
quendam.</Unicode>
            </TextEquiv>
        </TextRegion>
        <TextRegion type="paragraph" id="r_4_3" custom="readingOrder {index:8;}">
            <Coords points="1270,1805 2295,1805 2295,2457 1270,2457"/>
            <TextLine id="tl_66" primaryLanguage="English" custom="readingOrder {index:0;}">
                <Coords points="1338,1806 2294,1806 2294,1875 1338,1875"/>
                <Baseline points="1338,1846 1540,1850 1607,1851 1922,1856 2046,1857 2294,1861"/>
                <Word id="w_w2aab1b7b2b5b1ab1" language="English" custom="readingOrder {index:0;}">
                    <Coords points="1338,1806 1540,1806 1540,1850 1338,1850"/>
                    <TextEquiv>
                        <Unicode>Secunda</Unicode>
                    </TextEquiv>
                    <TextStyle fontFamily="Times New Roman" fontSize="10.0" italic="true"/>
                </Word>
                <Word id="w_w2aab1b7b2b5b1ac17" language="English" custom="readingOrder {index:1;}">
                    <Coords points="1584,1811 1713,1811 1713,1861 1584,1861"/>
                    <TextEquiv>
                        <Unicode>ratio,</Unicode>
                    </TextEquiv>
                    <TextStyle fontFamily="Times New Roman" fontSize="10.0" italic="true"/>
                </Word>
                <Word id="w_w2aab1b7b2b5b1b1b3" language="English" custom="readingOrder {index:2;}">
                    <Coords points="1762,1813 1922,1813 1922,1857 1762,1857"/>
                    <TextEquiv>
                        <Unicode>scilicet</Unicode>
                    </TextEquiv>
                    <TextStyle fontFamily="Times New Roman" fontSize="10.0"/>
                </Word>
                <Word id="w_w2aab1b7b2b5b1b1c21" language="English" custom="readingOrder {index:3;}">
                    <Coords points="1960,1816 2144,1816 2144,1874 1960,1874"/>
                    <TextEquiv>
                        <Unicode>Henrici,</Unicode>
                    </TextEquiv>
                    <TextStyle fontFamily="Times New Roman" fontSize="10.0"/>
                </Word>
                <Word id="w_w2aab1b7b2b5b1b2b1" language="English" custom="readingOrder {index:4;}">
                    <Coords points="2182,1821 2294,1821 2294,1874 2182,1874"/>
                    <TextEquiv>
                        <Unicode>petit</Unicode>
                    </TextEquiv>
                    <TextStyle fontFamily="Times New Roman" fontSize="10.0" italic="true"/>
                </Word>
                <TextEquiv>
                    <Unicode>Secunda ratio, scilicet Henrici, petit</Unicode>
                </TextEquiv>
            </TextLine>
            <TextLine id="tl_67" primaryLanguage="English" custom="readingOrder {index:1;}">
                <Coords points="1280,1879 2292,1879 2292,1948 1280,1948"/>
                <Baseline points="1280,1921 1310,1921 1527,1926 1766,1930 1887,1931 2292,1940"/>
                <Word id="w_w2aab1b7b2b5b3ab1" language="English" custom="readingOrder {index:0;}">
                    <Coords points="1280,1879 1381,1879 1381,1932 1280,1932"/>
                    <TextEquiv>
                        <Unicode>duo,</Unicode>
                    </TextEquiv>
                    <TextStyle fontFamily="Times New Roman" fontSize="10.0" italic="true"/>
                </Word>
                <Word id="w_w2aab1b7b2b5b3b1b3" language="English" custom="readingOrder {index:1;}">
                    <Coords points="1430,1897 1527,1897 1527,1939 1430,1939"/>
                    <TextEquiv>
                        <Unicode>quae</Unicode>
                    </TextEquiv>
                    <TextStyle fontFamily="Times New Roman" fontSize="10.0"/>
                </Word>
                <Word id="w_w2aab1b7b2b5b3b1c13" language="English" custom="readingOrder {index:2;}">
                    <Coords points="1572,1886 1766,1886 1766,1942 1572,1942"/>
                    <TextEquiv>
                        <Unicode>indigent</Unicode>
                    </TextEquiv>
                    <TextStyle fontFamily="Times New Roman" fontSize="10.0"/>
                </Word>
                <Word id="w_w2aab1b7b2b5b3b1c31" language="English" custom="readingOrder {index:3;}">
                    <Coords points="1811,1890 2074,1890 2074,1945 1811,1945"/>
                    <TextEquiv>
                        <Unicode>probatione,</Unicode>
                    </TextEquiv>
                    <TextStyle fontFamily="Times New Roman" fontSize="10.0"/>
                </Word>
                <Word id="w_w2aab1b7b2b5b3b2b1" language="English" custom="readingOrder {index:4;}">
                    <Coords points="2128,1896 2292,1896 2292,1940 2128,1940"/>
                    <TextEquiv>
                        <Unicode>scilicet</Unicode>
                    </TextEquiv>
                    <TextStyle fontFamily="Times New Roman" fontSize="10.0" italic="true"/>
                </Word>
                <TextEquiv>
                    <Unicode>duo, quae indigent probatione, scilicet</Unicode>
                </TextEquiv>
            </TextLine>
            <TextLine id="tl_68" primaryLanguage="English" custom="readingOrder {index:2;}">
                <Coords points="1280,1957 2288,1957 2288,2029 1280,2029"/>
                <Baseline points="1280,2011 1389,1999 1617,2004 1911,2020 2047,2010 2156,2013 2288,2006"/>
                <Word id="w_w2aab1b7b2b5b5ab1" language="English" custom="readingOrder {index:0;}">
                    <Coords points="1280,1957 1389,1957 1389,2011 1280,2011"/>
                    <TextEquiv>
                        <Unicode>quod</Unicode>
                    </TextEquiv>
                    <TextStyle fontFamily="Times New Roman" fontSize="10.0"/>
                </Word>
                <Word id="w_w2aab1b7b2b5b5ac11" language="English" custom="readingOrder {index:1;}">
                    <Coords points="1430,1961 1617,1961 1617,2016 1430,2016"/>
                    <TextEquiv>
                        <Unicode>cognitio</Unicode>
                    </TextEquiv>
                    <TextStyle fontFamily="Times New Roman" fontSize="10.0"/>
                </Word>
                <Word id="w_w2aab1b7b2b5b5ac29" language="English" custom="readingOrder {index:2;}">
                    <Coords points="1656,1964 1911,1964 1911,2022 1656,2022"/>
                    <TextEquiv>
                        <Unicode>aliquorum,</Unicode>
                    </TextEquiv>
                    <TextStyle fontFamily="Times New Roman" fontSize="10.0"/>
                </Word>
                <Word id="w_w2aab1b7b2b5b5ac51" language="English" custom="readingOrder {index:3;}">
                    <Coords points="1952,1982 2047,1982 2047,2025 1952,2025"/>
                    <TextEquiv>
                        <Unicode>quae</Unicode>
                    </TextEquiv>
                    <TextStyle fontFamily="Times New Roman" fontSize="10.0"/>
                </Word>
                <Word id="w_w2aab1b7b2b5b5ac61" language="English" custom="readingOrder {index:4;}">
                    <Coords points="2075,1984 2156,1984 2156,2013 2075,2013"/>
                    <TextEquiv>
                        <Unicode>non</Unicode>
                    </TextEquiv>
                    <TextStyle fontFamily="Times New Roman" fontSize="10.0"/>
                </Word>
                <Word id="w_w2aab1b7b2b5b5ac69" language="English" custom="readingOrder {index:5;}">
                    <Coords points="2192,1987 2288,1987 2288,2028 2192,2028"/>
                    <TextEquiv>
                        <Unicode>pos¬</Unicode>
                    </TextEquiv>
                    <TextStyle fontFamily="Times New Roman" fontSize="10.0"/>
                </Word>
                <TextEquiv>
                    <Unicode>quod cognitio aliquorum, quae non pos¬</Unicode>
                </TextEquiv>
                <TextStyle fontFamily="Times New Roman" fontSize="10.0"/>
            </TextLine>
            <TextLine id="tl_69" primaryLanguage="English" custom="readingOrder {index:3;}">
                <Coords points="1277,2036 2289,2036 2289,2099 1277,2099"/>
                <Baseline points="1277,2073 1377,2075 1601,2078 1705,2080 1849,2083 2100,2098 2194,2090 2288,2080"/>
                <Word id="w_w2aab1b7b2b5b7ab1" language="English" custom="readingOrder {index:0;}">
                    <Coords points="1277,2041 1377,2041 1377,2075 1277,2075"/>
                    <TextEquiv>
                        <Unicode>sunt</Unicode>
                    </TextEquiv>
                    <TextStyle fontFamily="Times New Roman" fontSize="10.0"/>
                </Word>
                <Word id="w_w2aab1b7b2b5b7ac11" language="English" custom="readingOrder {index:1;}">
                    <Coords points="1402,2038 1601,2038 1601,2091 1402,2091"/>
                    <TextEquiv>
                        <Unicode>cognosci</Unicode>
                    </TextEquiv>
                    <TextStyle fontFamily="Times New Roman" fontSize="10.0"/>
                </Word>
                <Word id="w_w2aab1b7b2b5b7ac29" language="English" custom="readingOrder {index:2;}">
                    <Coords points="1629,2053 1705,2053 1705,2094 1629,2094"/>
                    <TextEquiv>
                        <Unicode>per</Unicode>
                    </TextEquiv>
                    <TextStyle fontFamily="Times New Roman" fontSize="10.0"/>
                </Word>
                <Word id="w_w2aab1b7b2b5b7ac37" language="English" custom="readingOrder {index:3;}">
                    <Coords points="1738,2042 1849,2042 1849,2083 1738,2083"/>
                    <TextEquiv>
                        <Unicode>viam</Unicode>
                    </TextEquiv>
                    <TextStyle fontFamily="Times New Roman" fontSize="10.0"/>
                </Word>
                <Word id="w_w2aab1b7b2b5b7ac47" language="English" custom="readingOrder {index:4;}">
                    <Coords points="1879,2056 2100,2056 2100,2098 1879,2098"/>
                    <TextEquiv>
                        <Unicode>sensuum,</Unicode>
                    </TextEquiv>
                    <TextStyle fontFamily="Times New Roman" fontSize="10.0"/>
                </Word>
                <Word id="w_w2aab1b7b2b5b7ac65" language="English" custom="readingOrder {index:5;}">
                    <Coords points="2138,2048 2194,2048 2194,2090 2138,2090"/>
                    <TextEquiv>
                        <Unicode>sit</Unicode>
                    </TextEquiv>
                    <TextStyle fontFamily="Times New Roman" fontSize="10.0"/>
                </Word>
                <Word id="w_w2aab1b7b2b5b7ac73" language="English" custom="readingOrder {index:6;}">
                    <Coords points="2219,2063 2288,2063 2288,2091 2219,2091"/>
                    <TextEquiv>
                        <Unicode>ne¬</Unicode>
                    </TextEquiv>
                    <TextStyle fontFamily="Times New Roman" fontSize="10.0"/>
                </Word>
                <TextEquiv>
                    <Unicode>sunt cognosci per viam sensuum, sit ne¬</Unicode>
                </TextEquiv>
                <TextStyle fontFamily="Times New Roman" fontSize="10.0"/>
            </TextLine>
            <TextLine id="tl_70" primaryLanguage="English" custom="readingOrder {index:4;}">
                <Coords points="1276,2110 2286,2110 2286,2177 1276,2177"/>
                <Baseline points="1276,2149 1475,2153 1701,2157 1827,2160 1964,2162 2130,2164 2286,2159"/>
                <Word id="w_w2aab1b7b2b5b9ab1" language="English" custom="readingOrder {index:0;}">
                    <Coords points="1276,2111 1475,2111 1475,2154 1276,2154"/>
                    <TextEquiv>
                        <Unicode>cessaria.</Unicode>
                    </TextEquiv>
                    <TextStyle fontFamily="Times New Roman" fontSize="10.0"/>
                </Word>
                <Word id="w_w2aab1b7b2b5b9ac21" language="English" custom="readingOrder {index:1;}">
                    <Coords points="1508,2113 1701,2113 1701,2157 1508,2157"/>
                    <TextEquiv>
                        <Unicode>Secundo</Unicode>
                    </TextEquiv>
                    <TextStyle fontFamily="Times New Roman" fontSize="10.0"/>
                </Word>
                <Word id="w_w2aab1b7b2b5b9ac37" language="English" custom="readingOrder {index:2;}">
                    <Coords points="1722,2118 1827,2118 1827,2172 1722,2172"/>
                    <TextEquiv>
                        <Unicode>petit</Unicode>
                    </TextEquiv>
                    <TextStyle fontFamily="Times New Roman" fontSize="10.0"/>
                </Word>
                <Word id="w_w2aab1b7b2b5b9ac49" language="English" custom="readingOrder {index:3;}">
                    <Coords points="1854,2121 1964,2121 1964,2174 1854,2174"/>
                    <TextEquiv>
                        <Unicode>quod</Unicode>
                    </TextEquiv>
                    <TextStyle fontFamily="Times New Roman" fontSize="10.0"/>
                </Word>
                <Word id="w_w2aab1b7b2b5b9ac59" language="English" custom="readingOrder {index:4;}">
                    <Coords points="1987,2121 2130,2121 2130,2165 1987,2165"/>
                    <TextEquiv>
                        <Unicode>lumen</Unicode>
                    </TextEquiv>
                    <TextStyle fontFamily="Times New Roman" fontSize="10.0"/>
                </Word>
                <Word id="w_w2aab1b7b2b5b9ac71" language="English" custom="readingOrder {index:5;}">
                    <Coords points="2168,2123 2286,2123 2286,2168 2168,2168"/>
                    <TextEquiv>
                        <Unicode>intel¬</Unicode>
                    </TextEquiv>
                    <TextStyle fontFamily="Times New Roman" fontSize="10.0"/>
                </Word>
                <TextEquiv>
                    <Unicode>cessaria. Secundo petit quod lumen intel¬</Unicode>
                </TextEquiv>
                <TextStyle fontFamily="Times New Roman" fontSize="10.0"/>
            </TextLine>
            <TextLine id="tl_71" primaryLanguage="English" custom="readingOrder {index:5;}">
                <Coords points="1275,2184 2283,2184 2283,2256 1275,2256"/>
                <Baseline points="1276,2226 1408,2229 1615,2242 1714,2234 1801,2236 1946,2239 2283,2246"/>
                <Word id="w_w2aab1b7b2b5c11ab1" language="English" custom="readingOrder {index:0;}">
                    <Coords points="1276,2184 1408,2184 1408,2229 1276,2229"/>
                    <TextEquiv>
                        <Unicode>lectus</Unicode>
                    </TextEquiv>
                    <TextStyle fontFamily="Times New Roman" fontSize="10.0"/>
                </Word>
                <Word id="w_w2aab1b7b2b5c11ac15" language="English" custom="readingOrder {index:1;}">
                    <Coords points="1435,2190 1615,2190 1615,2243 1435,2243"/>
                    <TextEquiv>
                        <Unicode>agentis,</Unicode>
                    </TextEquiv>
                    <TextStyle fontFamily="Times New Roman" fontSize="10.0"/>
                </Word>
                <Word id="w_w2aab1b7b2b5c11ac33" language="English" custom="readingOrder {index:2;}">
                    <Coords points="1657,2192 1714,2192 1714,2234 1657,2234"/>
                    <TextEquiv>
                        <Unicode>sit</Unicode>
                    </TextEquiv>
                    <TextStyle fontFamily="Times New Roman" fontSize="10.0"/>
                </Word>
                <Word id="w_w2aab1b7b2b5c11ac41" language="English" custom="readingOrder {index:3;}">
                    <Coords points="1749,2194 1801,2194 1801,2236 1749,2236"/>
                    <TextEquiv>
                        <Unicode>ad</Unicode>
                    </TextEquiv>
                    <TextStyle fontFamily="Times New Roman" fontSize="10.0"/>
                </Word>
                <Word id="w_w2aab1b7b2b5c11ac47" language="English" custom="readingOrder {index:4;}">
                    <Coords points="1847,2196 1946,2196 1946,2239 1847,2239"/>
                    <TextEquiv>
                        <Unicode>talia</Unicode>
                    </TextEquiv>
                    <TextStyle fontFamily="Times New Roman" fontSize="10.0"/>
                </Word>
                <Word id="w_w2aab1b7b2b5c11ac59" language="English" custom="readingOrder {index:5;}">
                    <Coords points="1977,2201 2283,2201 2283,2255 1977,2255"/>
                    <TextEquiv>
                        <Unicode>cognoscibilia</Unicode>
                    </TextEquiv>
                    <TextStyle fontFamily="Times New Roman" fontSize="10.0"/>
                </Word>
                <TextEquiv>
                    <Unicode>lectus agentis, sit ad talia cognoscibilia</Unicode>
                </TextEquiv>
                <TextStyle fontFamily="Times New Roman" fontSize="10.0"/>
            </TextLine>
            <TextLine id="tl_72" primaryLanguage="English" custom="readingOrder {index:6;}">
                <Coords points="1273,2261 2283,2261 2283,2331 1273,2331"/>
                <Baseline points="1273,2301 1491,2306 1761,2320 1854,2312 1996,2314 2108,2316 2283,2318"/>
                <Word id="w_w2aab1b7b2b5c13ab1" language="English" custom="readingOrder {index:0;}">
                    <Coords points="1273,2261 1491,2261 1491,2306 1273,2306"/>
                    <TextEquiv>
                        <Unicode>sensibilia</Unicode>
                    </TextEquiv>
                    <TextStyle fontFamily="Times New Roman" fontSize="10.0"/>
                </Word>
                <Word id="w_w2aab1b7b2b5c13ac23" language="English" custom="readingOrder {index:1;}">
                    <Coords points="1518,2263 1761,2263 1761,2320 1518,2320"/>
                    <TextEquiv>
                        <Unicode>limitatum,</Unicode>
                    </TextEquiv>
                    <TextStyle fontFamily="Times New Roman" fontSize="10.0"/>
                </Word>
                <Word id="w_w2aab1b7b2b5c13ac45" language="English" custom="readingOrder {index:2;}">
                    <Coords points="1792,2269 1854,2269 1854,2312 1792,2312"/>
                    <TextEquiv>
                        <Unicode>sic</Unicode>
                    </TextEquiv>
                    <TextStyle fontFamily="Times New Roman" fontSize="10.0"/>
                </Word>
                <Word id="w_w2aab1b7b2b5c13ac53" language="English" custom="readingOrder {index:3;}">
                    <Coords points="1885,2272 1996,2272 1996,2328 1885,2328"/>
                    <TextEquiv>
                        <Unicode>quod</Unicode>
                    </TextEquiv>
                    <TextStyle fontFamily="Times New Roman" fontSize="10.0"/>
                </Word>
                <Word id="w_w2aab1b7b2b5c13ac63" language="English" custom="readingOrder {index:4;}">
                    <Coords points="2024,2287 2108,2287 2108,2316 2024,2316"/>
                    <TextEquiv>
                        <Unicode>non</Unicode>
                    </TextEquiv>
                    <TextStyle fontFamily="Times New Roman" fontSize="10.0"/>
                </Word>
                <Word id="w_w2aab1b7b2b5c13ac71" language="English" custom="readingOrder {index:5;}">
                    <Coords points="2148,2277 2283,2277 2283,2330 2148,2330"/>
                    <TextEquiv>
                        <Unicode>possit</Unicode>
                    </TextEquiv>
                    <TextStyle fontFamily="Times New Roman" fontSize="10.0"/>
                </Word>
                <TextEquiv>
                    <Unicode>sensibilia limitatum, sic quod non possit</Unicode>
                </TextEquiv>
                <TextStyle fontFamily="Times New Roman" fontSize="10.0"/>
            </TextLine>
            <TextLine id="tl_73" primaryLanguage="English" custom="readingOrder {index:7;}">
                <Coords points="1271,2335 2280,2335 2280,2403 1271,2403"/>
                <Baseline points="1272,2376 1429,2380 1670,2384 1882,2388 2027,2390 2280,2383"/>
                <Word id="w_w2aab1b7b2b5c15ab1" language="English" custom="readingOrder {index:0;}">
                    <Coords points="1272,2335 1429,2335 1429,2380 1272,2380"/>
                    <TextEquiv>
                        <Unicode>habere</Unicode>
                    </TextEquiv>
                    <TextStyle fontFamily="Times New Roman" fontSize="10.0"/>
                </Word>
                <Word id="w_w2aab1b7b2b5c15ac15" language="English" custom="readingOrder {index:1;}">
                    <Coords points="1461,2340 1670,2340 1670,2384 1461,2384"/>
                    <TextEquiv>
                        <Unicode>actionem</Unicode>
                    </TextEquiv>
                    <TextStyle fontFamily="Times New Roman" fontSize="10.0"/>
                </Word>
                <Word id="w_w2aab1b7b2b5c15ac33" language="English" custom="readingOrder {index:2;}">
                    <Coords points="1698,2343 1882,2343 1882,2400 1698,2400"/>
                    <TextEquiv>
                        <Unicode>aliquam</Unicode>
                    </TextEquiv>
                    <TextStyle fontFamily="Times New Roman" fontSize="10.0"/>
                </Word>
                <Word id="w_w2aab1b7b2b5c15ac49" language="English" custom="readingOrder {index:3;}">
                    <Coords points="1916,2348 2027,2348 2027,2391 1916,2391"/>
                    <TextEquiv>
                        <Unicode>circa</Unicode>
                    </TextEquiv>
                    <TextStyle fontFamily="Times New Roman" fontSize="10.0"/>
                </Word>
                <Word id="w_w2aab1b7b2b5c15ac61" language="English" custom="readingOrder {index:4;}">
                    <Coords points="2056,2350 2280,2350 2280,2394 2056,2394"/>
                    <TextEquiv>
                        <Unicode>insensibi¬</Unicode>
                    </TextEquiv>
                    <TextStyle fontFamily="Times New Roman" fontSize="10.0"/>
                </Word>
                <TextEquiv>
                    <Unicode>habere actionem aliquam circa insensibi¬</Unicode>
                </TextEquiv>
                <TextStyle fontFamily="Times New Roman" fontSize="10.0"/>
            </TextLine>
            <TextLine id="tl_74" primaryLanguage="English" custom="readingOrder {index:8;}">
                <Coords points="1271,2412 1338,2412 1338,2456 1271,2456"/>
                <Baseline points="1271,2454 1338,2455"/>
                <Word id="w_w2aab1b7b2b5c17ab1" language="English" custom="readingOrder {index:0;}">
                    <Coords points="1271,2412 1338,2412 1338,2456 1271,2456"/>
                    <TextEquiv>
                        <Unicode>lia.</Unicode>
                    </TextEquiv>
                    <TextStyle fontFamily="Times New Roman" fontSize="10.0"/>
                </Word>
                <TextEquiv>
                    <Unicode>lia.</Unicode>
                </TextEquiv>
                <TextStyle fontFamily="Times New Roman" fontSize="10.0"/>
            </TextLine>
            <TextEquiv>
                <Unicode>Secunda ratio, scilicet Henrici, petit
duo, quae indigent probatione, scilicet
quod cognitio aliquorum, quae non pos¬
sunt cognosci per viam sensuum, sit ne¬
cessaria. Secundo petit quod lumen intel¬
lectus agentis, sit ad talia cognoscibilia
sensibilia limitatum, sic quod non possit
habere actionem aliquam circa insensibi¬
lia.</Unicode>
            </TextEquiv>
        </TextRegion>
        <TextRegion type="paragraph" id="r_4_4" custom="readingOrder {index:9;}">
            <Coords points="1638,2565 1903,2565 1903,2608 1638,2608"/>
            <TextLine id="tl_75" primaryLanguage="English" custom="readingOrder {index:0;}">
                <Coords points="1639,2566 1902,2566 1902,2607 1639,2607"/>
                <Baseline points="1639,2601 1902,2607"/>
                <Word id="w_w2aab1b7b2b7b1ab1" language="English" custom="readingOrder {index:0;}">
                    <Coords points="1639,2566 1902,2566 1902,2607 1639,2607"/>
                    <TextEquiv>
                        <Unicode>SGHOLIUM.</Unicode>
                    </TextEquiv>
                    <TextStyle fontFamily="Times New Roman" fontSize="9.0" bold="true"/>
                </Word>
                <TextEquiv>
                    <Unicode>SGHOLIUM.</Unicode>
                </TextEquiv>
                <TextStyle fontFamily="Times New Roman" fontSize="9.0" bold="true"/>
            </TextLine>
            <TextEquiv>
                <Unicode>SGHOLIUM.</Unicode>
            </TextEquiv>
        </TextRegion>
        <TextRegion type="paragraph" id="r_4_5" custom="readingOrder {index:10;}">
            <Coords points="1253,2681 2279,2681 2279,3646 1253,3646"/>
            <TextLine id="tl_76" primaryLanguage="English" custom="readingOrder {index:0;}">
                <Coords points="1312,2682 2278,2682 2278,2735 1312,2735"/>
                <Baseline points="1313,2716 1499,2718 1735,2724 1950,2726 2025,2728 2196,2732 2278,2733"/>
                <Word id="w_w2aab1b7b2b9b1ab1" language="English" custom="readingOrder {index:0;}">
                    <Coords points="1313,2682 1499,2682 1499,2726 1313,2726"/>
                    <TextEquiv>
                        <Unicode>Explicat</Unicode>
                    </TextEquiv>
                    <TextStyle fontFamily="Times New Roman" fontSize="9.0" bold="true"/>
                </Word>
                <Word id="w_w2aab1b7b2b9b1ac19" language="English" custom="readingOrder {index:1;}">
                    <Coords points="1536,2687 1735,2687 1735,2730 1536,2730"/>
                    <TextEquiv>
                        <Unicode>quomodo</Unicode>
                    </TextEquiv>
                    <TextStyle fontFamily="Times New Roman" fontSize="9.0" bold="true"/>
                </Word>
                <Word id="w_w2aab1b7b2b9b1ac35" language="English" custom="readingOrder {index:2;}">
                    <Coords points="1772,2690 1950,2690 1950,2731 1772,2731"/>
                    <TextEquiv>
                        <Unicode>potentia</Unicode>
                    </TextEquiv>
                    <TextStyle fontFamily="Times New Roman" fontSize="9.0" bold="true"/>
                </Word>
                <Word id="w_w2aab1b7b2b9b1ac53" language="English" custom="readingOrder {index:3;}">
                    <Coords points="1982,2693 2025,2693 2025,2728 1982,2728"/>
                    <TextEquiv>
                        <Unicode>in</Unicode>
                    </TextEquiv>
                    <TextStyle fontFamily="Times New Roman" fontSize="9.0" bold="true"/>
                </Word>
                <Word id="w_w2aab1b7b2b9b1ac59" language="English" custom="readingOrder {index:4;}">
                    <Coords points="2052,2693 2196,2693 2196,2732 2052,2732"/>
                    <TextEquiv>
                        <Unicode>ordine</Unicode>
                    </TextEquiv>
                    <TextStyle fontFamily="Times New Roman" fontSize="9.0" bold="true"/>
                </Word>
                <Word id="w_w2aab1b7b2b9b1ac73" language="English" custom="readingOrder {index:5;}">
                    <Coords points="2228,2698 2278,2698 2278,2733 2228,2733"/>
                    <TextEquiv>
                        <Unicode>ad</Unicode>
                    </TextEquiv>
                    <TextStyle fontFamily="Times New Roman" fontSize="9.0" bold="true"/>
                </Word>
                <TextEquiv>
                    <Unicode>Explicat quomodo potentia in ordine ad</Unicode>
                </TextEquiv>
                <TextStyle fontFamily="Times New Roman" fontSize="9.0" bold="true"/>
            </TextLine>
            <TextLine id="tl_77" primaryLanguage="English" custom="readingOrder {index:1;}">
                <Coords points="1267,2745 2276,2745 2276,2803 1267,2803"/>
                <Baseline points="1267,2779 1437,2782 1764,2788 1845,2789 2079,2802 2276,2799"/>
                <Word id="w_w2aab1b7b2b9b3ab1" language="English" custom="readingOrder {index:0;}">
                    <Coords points="1267,2745 1437,2745 1437,2782 1267,2782"/>
                    <TextEquiv>
                        <Unicode>formam</Unicode>
                    </TextEquiv>
                    <TextStyle fontFamily="Times New Roman" fontSize="9.0" bold="true"/>
                </Word>
                <Word id="w_w2aab1b7b2b9b3ac15" language="English" custom="readingOrder {index:1;}">
                    <Coords points="1465,2757 1764,2757 1764,2796 1465,2796"/>
                    <TextEquiv>
                        <Unicode>quamcumque</Unicode>
                    </TextEquiv>
                    <TextStyle fontFamily="Times New Roman" fontSize="9.0" bold="true"/>
                </Word>
                <Word id="w_w2aab1b7b2b9b3ac37" language="English" custom="readingOrder {index:2;}">
                    <Coords points="1786,2756 1845,2756 1845,2789 1786,2789"/>
                    <TextEquiv>
                        <Unicode>est</Unicode>
                    </TextEquiv>
                    <TextStyle fontFamily="Times New Roman" fontSize="9.0" bold="true"/>
                </Word>
                <Word id="w_w2aab1b7b2b9b3ac45" language="English" custom="readingOrder {index:3;}">
                    <Coords points="1865,2757 2079,2757 2079,2802 1865,2802"/>
                    <TextEquiv>
                        <Unicode>naturalis,</Unicode>
                    </TextEquiv>
                    <TextStyle fontFamily="Times New Roman" fontSize="9.0" bold="true"/>
                </Word>
                <Word id="w_w2aab1b7b2b9b3ac67" language="English" custom="readingOrder {index:4;}">
                    <Coords points="2102,2761 2276,2761 2276,2799 2102,2799"/>
                    <TextEquiv>
                        <Unicode>violenta</Unicode>
                    </TextEquiv>
                    <TextStyle fontFamily="Times New Roman" fontSize="9.0" bold="true"/>
                </Word>
                <TextEquiv>
                    <Unicode>formam quamcumque est naturalis, violenta</Unicode>
                </TextEquiv>
                <TextStyle fontFamily="Times New Roman" fontSize="9.0" bold="true"/>
            </TextLine>
            <TextLine id="tl_78" primaryLanguage="English" custom="readingOrder {index:2;}">
                <Coords points="1264,2810 2274,2810 2274,2869 1264,2869"/>
                <Baseline points="1264,2844 1331,2845 1512,2855 1578,2849 1741,2851 1812,2852 1970,2856 2206,2868 2274,2862"/>
                <Word id="w_w2aab1b7b2b9b5ab1" language="English" custom="readingOrder {index:0;}">
                    <Coords points="1264,2810 1331,2810 1331,2845 1264,2845"/>
                    <TextEquiv>
                        <Unicode>vel</Unicode>
                    </TextEquiv>
                    <TextStyle fontFamily="Times New Roman" fontSize="9.0" bold="true"/>
                </Word>
                <Word id="w_w2aab1b7b2b9b5ab9" language="English" custom="readingOrder {index:1;}">
                    <Coords points="1352,2813 1512,2813 1512,2855 1352,2855"/>
                    <TextEquiv>
                        <Unicode>neutra,</Unicode>
                    </TextEquiv>
                    <TextStyle fontFamily="Times New Roman" fontSize="9.0" bold="true"/>
                </Word>
                <Word id="w_w2aab1b7b2b9b5ac25" language="English" custom="readingOrder {index:2;}">
                    <Coords points="1536,2813 1578,2813 1578,2849 1536,2849"/>
                    <TextEquiv>
                        <Unicode>in</Unicode>
                    </TextEquiv>
                    <TextStyle fontFamily="Times New Roman" fontSize="9.0" bold="true"/>
                </Word>
                <Word id="w_w2aab1b7b2b9b5ac31" language="English" custom="readingOrder {index:3;}">
                    <Coords points="1598,2814 1741,2814 1741,2851 1598,2851"/>
                    <TextEquiv>
                        <Unicode>ordine</Unicode>
                    </TextEquiv>
                    <TextStyle fontFamily="Times New Roman" fontSize="9.0" bold="true"/>
                </Word>
                <Word id="w_w2aab1b7b2b9b5ac45" language="English" custom="readingOrder {index:4;}">
                    <Coords points="1762,2817 1812,2817 1812,2852 1762,2852"/>
                    <TextEquiv>
                        <Unicode>ad</Unicode>
                    </TextEquiv>
                    <TextStyle fontFamily="Times New Roman" fontSize="9.0" bold="true"/>
                </Word>
                <Word id="w_w2aab1b7b2b9b5ac51" language="English" custom="readingOrder {index:5;}">
                    <Coords points="1844,2828 1970,2828 1970,2864 1844,2864"/>
                    <TextEquiv>
                        <Unicode>agens</Unicode>
                    </TextEquiv>
                    <TextStyle fontFamily="Times New Roman" fontSize="9.0" bold="true"/>
                </Word>
                <Word id="w_w2aab1b7b2b9b5ac63" language="English" custom="readingOrder {index:6;}">
                    <Coords points="1992,2825 2206,2825 2206,2868 1992,2868"/>
                    <TextEquiv>
                        <Unicode>naturalis,</Unicode>
                    </TextEquiv>
                    <TextStyle fontFamily="Times New Roman" fontSize="9.0" bold="true"/>
                </Word>
                <Word id="w_w2aab1b7b2b9b5ac85" language="English" custom="readingOrder {index:7;}">
                    <Coords points="2225,2826 2274,2826 2274,2862 2225,2862"/>
                    <TextEquiv>
                        <Unicode>de</Unicode>
                    </TextEquiv>
                    <TextStyle fontFamily="Times New Roman" fontSize="9.0" bold="true"/>
                </Word>
                <TextEquiv>
                    <Unicode>vel neutra, in ordine ad agens naturalis, de</Unicode>
                </TextEquiv>
                <TextStyle fontFamily="Times New Roman" fontSize="9.0" bold="true"/>
            </TextLine>
            <TextLine id="tl_79" primaryLanguage="English" custom="readingOrder {index:3;}">
                <Coords points="1263,2874 2274,2874 2274,2931 1263,2931"/>
                <Baseline points="1263,2917 1342,2908 1407,2909 1479,2910 1571,2914 1634,2914 1686,2913 1761,2916 1847,2917 1924,2919 1993,2921 2143,2924 2253,2926 2273,2923"/>
                <Word id="w_w2aab1b7b2b9b7ab1" language="English" custom="readingOrder {index:0;}">
                    <Coords points="1263,2882 1342,2882 1342,2917 1263,2917"/>
                    <TextEquiv>
                        <Unicode>quo</Unicode>
                    </TextEquiv>
                    <TextStyle fontFamily="Times New Roman" fontSize="9.0" bold="true"/>
                </Word>
                <Word id="w_w2aab1b7b2b9b7ab9" language="English" custom="readingOrder {index:1;}">
                    <Coords points="1372,2875 1407,2875 1407,2909 1372,2909"/>
                    <TextEquiv>
                        <Unicode>2.</Unicode>
                    </TextEquiv>
                    <TextStyle fontFamily="Times New Roman" fontSize="9.0" bold="true"/>
                </Word>
                <Word id="w_w2aab1b7b2b9b7ac15" language="English" custom="readingOrder {index:2;}">
                    <Coords points="1442,2875 1479,2875 1479,2911 1442,2911"/>
                    <TextEquiv>
                        <Unicode>d.</Unicode>
                    </TextEquiv>
                    <TextStyle fontFamily="Times New Roman" fontSize="9.0" bold="true"/>
                </Word>
                <Word id="w_w2aab1b7b2b9b7ac21" language="English" custom="readingOrder {index:3;}">
                    <Coords points="1517,2878 1571,2878 1571,2914 1517,2914"/>
                    <TextEquiv>
                        <Unicode>18.</Unicode>
                    </TextEquiv>
                    <TextStyle fontFamily="Times New Roman" fontSize="9.0" bold="true"/>
                </Word>
                <Word id="w_w2aab1b7b2b9b7ac29" language="English" custom="readingOrder {index:4;}">
                    <Coords points="1594,2881 1634,2881 1634,2914 1594,2914"/>
                    <TextEquiv>
                        <Unicode>et</Unicode>
                    </TextEquiv>
                    <TextStyle fontFamily="Times New Roman" fontSize="9.0" bold="true"/>
                </Word>
                <Word id="w_w2aab1b7b2b9b7ac35" language="English" custom="readingOrder {index:5;}">
                    <Coords points="1651,2880 1686,2880 1686,2914 1651,2914"/>
                    <TextEquiv>
                        <Unicode>4.</Unicode>
                    </TextEquiv>
                    <TextStyle fontFamily="Times New Roman" fontSize="9.0" bold="true"/>
                </Word>
                <Word id="w_w2aab1b7b2b9b7ac41" language="English" custom="readingOrder {index:6;}">
                    <Coords points="1724,2879 1761,2879 1761,2916 1724,2916"/>
                    <TextEquiv>
                        <Unicode>d.</Unicode>
                    </TextEquiv>
                    <TextStyle fontFamily="Times New Roman" fontSize="9.0" bold="true"/>
                </Word>
                <Word id="w_w2aab1b7b2b9b7ac47" language="English" custom="readingOrder {index:7;}">
                    <Coords points="1795,2883 1847,2883 1847,2917 1795,2917"/>
                    <TextEquiv>
                        <Unicode>43.</Unicode>
                    </TextEquiv>
                    <TextStyle fontFamily="Times New Roman" fontSize="9.0" bold="true"/>
                </Word>
                <Word id="w_w2aab1b7b2b9b7ac55" language="English" custom="readingOrder {index:8;}">
                    <Coords points="1886,2893 1924,2893 1924,2929 1886,2929"/>
                    <TextEquiv>
                        <Unicode>q.</Unicode>
                    </TextEquiv>
                    <TextStyle fontFamily="Times New Roman" fontSize="9.0" bold="true"/>
                </Word>
                <Word id="w_w2aab1b7b2b9b7ac61" language="English" custom="readingOrder {index:9;}">
                    <Coords points="1957,2885 1993,2885 1993,2921 1957,2921"/>
                    <TextEquiv>
                        <Unicode>4.</Unicode>
                    </TextEquiv>
                    <TextStyle fontFamily="Times New Roman" fontSize="9.0" bold="true"/>
                </Word>
                <Word id="w_w2aab1b7b2b9b7ac67" language="English" custom="readingOrder {index:10;}">
                    <Coords points="2030,2887 2143,2887 2143,2924 2030,2924"/>
                    <TextEquiv>
                        <Unicode>Ponit</Unicode>
                    </TextEquiv>
                    <TextStyle fontFamily="Times New Roman" fontSize="9.0" bold="true"/>
                </Word>
                <Word id="w_w2aab1b7b2b9b7ac79" language="English" custom="readingOrder {index:11;}">
                    <Coords points="2175,2889 2253,2889 2253,2926 2175,2926"/>
                    <TextEquiv>
                        <Unicode>duo</Unicode>
                    </TextEquiv>
                    <TextStyle fontFamily="Times New Roman" fontSize="9.0" bold="true"/>
                </Word>
                <Word id="w_w2aab1b7b2b9b7ac87" language="English" custom="readingOrder {index:12;}">
                    <Coords points="2268,2904 2273,2904 2273,2923 2268,2923"/>
                    <TextEquiv>
                        <Unicode>;</Unicode>
                    </TextEquiv>
                    <TextStyle fontFamily="Times New Roman" fontSize="9.0" bold="true"/>
                </Word>
                <TextEquiv>
                    <Unicode>quo 2. d. 18. et 4. d. 43. q. 4. Ponit duo ;</Unicode>
                </TextEquiv>
                <TextStyle fontFamily="Times New Roman" fontSize="9.0" bold="true"/>
            </TextLine>
            <TextLine id="tl_80" primaryLanguage="English" custom="readingOrder {index:4;}">
                <Coords points="1263,2937 2273,2937 2273,2997 1263,2997"/>
                <Baseline points="1263,2972 1399,2974 1835,2983 1972,2986 2067,2996 2273,2991"/>
                <Word id="w_w2aab1b7b2b9b9ab1" language="English" custom="readingOrder {index:0;}">
                    <Coords points="1263,2937 1399,2937 1399,2974 1263,2974"/>
                    <TextEquiv>
                        <Unicode>modos</Unicode>
                    </TextEquiv>
                    <TextStyle fontFamily="Times New Roman" fontSize="9.0" bold="true"/>
                </Word>
                <Word id="w_w2aab1b7b2b9b9ac13" language="English" custom="readingOrder {index:1;}">
                    <Coords points="1420,2945 1835,2945 1835,2986 1420,2986"/>
                    <TextEquiv>
                        <Unicode>supernaturalitatis.</Unicode>
                    </TextEquiv>
                    <TextStyle fontFamily="Times New Roman" fontSize="9.0" bold="true"/>
                </Word>
                <Word id="w_w2aab1b7b2b9b9ac53" language="English" custom="readingOrder {index:2;}">
                    <Coords points="1861,2949 1972,2949 1972,2986 1861,2986"/>
                    <TextEquiv>
                        <Unicode>Unus</Unicode>
                    </TextEquiv>
                    <TextStyle fontFamily="Times New Roman" fontSize="9.0" bold="true"/>
                </Word>
                <Word id="w_w2aab1b7b2b9b9ac63" language="English" custom="readingOrder {index:3;}">
                    <Coords points="1992,2954 2067,2954 2067,2996 1992,2996"/>
                    <TextEquiv>
                        <Unicode>est,</Unicode>
                    </TextEquiv>
                    <TextStyle fontFamily="Times New Roman" fontSize="9.0" bold="true"/>
                </Word>
                <Word id="w_w2aab1b7b2b9b9ac73" language="English" custom="readingOrder {index:4;}">
                    <Coords points="2101,2954 2273,2954 2273,2991 2101,2991"/>
                    <TextEquiv>
                        <Unicode>formam</Unicode>
                    </TextEquiv>
                    <TextStyle fontFamily="Times New Roman" fontSize="9.0" bold="true"/>
                </Word>
                <TextEquiv>
                    <Unicode>modos supernaturalitatis. Unus est, formam</Unicode>
                </TextEquiv>
                <TextStyle fontFamily="Times New Roman" fontSize="9.0" bold="true"/>
            </TextLine>
            <TextLine id="tl_81" primaryLanguage="English" custom="readingOrder {index:5;}">
                <Coords points="1261,2998 2272,2998 2272,3058 1261,3058"/>
                <Baseline points="1262,3033 1353,3034 1435,3037 1620,3040 1971,3056 2056,3051 2128,3052 2272,3054"/>
                <Word id="w_w2aab1b7b2b9c11ab1" language="English" custom="readingOrder {index:0;}">
                    <Coords points="1262,2998 1353,2998 1353,3034 1262,3034"/>
                    <TextEquiv>
                        <Unicode>fieri</Unicode>
                    </TextEquiv>
                    <TextStyle fontFamily="Times New Roman" fontSize="9.0" bold="true"/>
                </Word>
                <Word id="w_w2aab1b7b2b9c11ac13" language="English" custom="readingOrder {index:1;}">
                    <Coords points="1387,3001 1435,3001 1435,3037 1387,3037"/>
                    <TextEquiv>
                        <Unicode>ab</Unicode>
                    </TextEquiv>
                    <TextStyle fontFamily="Times New Roman" fontSize="9.0" bold="true"/>
                </Word>
                <Word id="w_w2aab1b7b2b9c11ac19" language="English" custom="readingOrder {index:2;}">
                    <Coords points="1475,3008 1620,3008 1620,3048 1475,3048"/>
                    <TextEquiv>
                        <Unicode>agente</Unicode>
                    </TextEquiv>
                    <TextStyle fontFamily="Times New Roman" fontSize="9.0" bold="true"/>
                </Word>
                <Word id="w_w2aab1b7b2b9c11ac33" language="English" custom="readingOrder {index:3;}">
                    <Coords points="1652,3012 1971,3012 1971,3056 1652,3056"/>
                    <TextEquiv>
                        <Unicode>supernaturali,</Unicode>
                    </TextEquiv>
                    <TextStyle fontFamily="Times New Roman" fontSize="9.0" bold="true"/>
                </Word>
                <Word id="w_w2aab1b7b2b9c11ac63" language="English" custom="readingOrder {index:4;}">
                    <Coords points="2014,3017 2056,3017 2056,3051 2014,3051"/>
                    <TextEquiv>
                        <Unicode>ut</Unicode>
                    </TextEquiv>
                    <TextStyle fontFamily="Times New Roman" fontSize="9.0" bold="true"/>
                </Word>
                <Word id="w_w2aab1b7b2b9c11ac69" language="English" custom="readingOrder {index:5;}">
                    <Coords points="2093,3017 2128,3017 2128,3052 2093,3052"/>
                    <TextEquiv>
                        <Unicode>si</Unicode>
                    </TextEquiv>
                    <TextStyle fontFamily="Times New Roman" fontSize="9.0" bold="true"/>
                </Word>
                <Word id="w_w2aab1b7b2b9c11ac75" language="English" custom="readingOrder {index:6;}">
                    <Coords points="2167,3018 2272,3018 2272,3054 2167,3054"/>
                    <TextEquiv>
                        <Unicode>Deus</Unicode>
                    </TextEquiv>
                    <TextStyle fontFamily="Times New Roman" fontSize="9.0" bold="true"/>
                </Word>
                <TextEquiv>
                    <Unicode>fieri ab agente supernaturali, ut si Deus</Unicode>
                </TextEquiv>
                <TextStyle fontFamily="Times New Roman" fontSize="9.0" bold="true"/>
            </TextLine>
            <TextLine id="tl_82" primaryLanguage="English" custom="readingOrder {index:6;}">
                <Coords points="1262,3065 2272,3065 2272,3124 1262,3124"/>
                <Baseline points="1262,3098 1495,3104 1814,3110 1982,3122 2156,3119 2272,3120"/>
                <Word id="w_w2aab1b7b2b9c13ab1" language="English" custom="readingOrder {index:0;}">
                    <Coords points="1262,3065 1495,3065 1495,3104 1262,3104"/>
                    <TextEquiv>
                        <Unicode>infunderet</Unicode>
                    </TextEquiv>
                    <TextStyle fontFamily="Times New Roman" fontSize="9.0" bold="true"/>
                </Word>
                <Word id="w_w2aab1b7b2b9c13ac23" language="English" custom="readingOrder {index:1;}">
                    <Coords points="1531,3070 1814,3070 1814,3111 1531,3111"/>
                    <TextEquiv>
                        <Unicode>Geometriam.</Unicode>
                    </TextEquiv>
                    <TextStyle fontFamily="Times New Roman" fontSize="9.0" bold="true"/>
                </Word>
                <Word id="w_w2aab1b7b2b9c13ac47" language="English" custom="readingOrder {index:2;}">
                    <Coords points="1856,3078 1982,3078 1982,3122 1856,3122"/>
                    <TextEquiv>
                        <Unicode>Alter,</Unicode>
                    </TextEquiv>
                    <TextStyle fontFamily="Times New Roman" fontSize="9.0" bold="true"/>
                </Word>
                <Word id="w_w2aab1b7b2b9c13ac61" language="English" custom="readingOrder {index:3;}">
                    <Coords points="2023,3086 2156,3086 2156,3119 2023,3119"/>
                    <TextEquiv>
                        <Unicode>actum</Unicode>
                    </TextEquiv>
                    <TextStyle fontFamily="Times New Roman" fontSize="9.0" bold="true"/>
                </Word>
                <Word id="w_w2aab1b7b2b9c13ac73" language="English" custom="readingOrder {index:4;}">
                    <Coords points="2185,3094 2272,3094 2272,3120 2185,3120"/>
                    <TextEquiv>
                        <Unicode>esse</Unicode>
                    </TextEquiv>
                    <TextStyle fontFamily="Times New Roman" fontSize="9.0" bold="true"/>
                </Word>
                <TextEquiv>
                    <Unicode>infunderet Geometriam. Alter, actum esse</Unicode>
                </TextEquiv>
                <TextStyle fontFamily="Times New Roman" fontSize="9.0" bold="true"/>
            </TextLine>
            <TextLine id="tl_83" primaryLanguage="English" custom="readingOrder {index:7;}">
                <Coords points="1259,3128 2271,3128 2271,3190 1259,3190"/>
                <Baseline points="1259,3164 1393,3173 1460,3168 1610,3171 1680,3172 1853,3176 2180,3183 2271,3185"/>
                <Word id="w_w2aab1b7b2b9c15ab1" language="English" custom="readingOrder {index:0;}">
                    <Coords points="1259,3128 1393,3128 1393,3173 1259,3173"/>
                    <TextEquiv>
                        <Unicode>talem,</Unicode>
                    </TextEquiv>
                    <TextStyle fontFamily="Times New Roman" fontSize="9.0" bold="true"/>
                </Word>
                <Word id="w_w2aab1b7b2b9c15ac15" language="English" custom="readingOrder {index:1;}">
                    <Coords points="1417,3135 1460,3135 1460,3168 1417,3168"/>
                    <TextEquiv>
                        <Unicode>ut</Unicode>
                    </TextEquiv>
                    <TextStyle fontFamily="Times New Roman" fontSize="9.0" bold="true"/>
                </Word>
                <Word id="w_w2aab1b7b2b9c15ac21" language="English" custom="readingOrder {index:2;}">
                    <Coords points="1480,3134 1610,3134 1610,3171 1480,3171"/>
                    <TextEquiv>
                        <Unicode>solum</Unicode>
                    </TextEquiv>
                    <TextStyle fontFamily="Times New Roman" fontSize="9.0" bold="true"/>
                </Word>
                <Word id="w_w2aab1b7b2b9c15ac33" language="English" custom="readingOrder {index:3;}">
                    <Coords points="1632,3137 1680,3137 1680,3172 1632,3172"/>
                    <TextEquiv>
                        <Unicode>ab</Unicode>
                    </TextEquiv>
                    <TextStyle fontFamily="Times New Roman" fontSize="9.0" bold="true"/>
                </Word>
                <Word id="w_w2aab1b7b2b9c15ac39" language="English" custom="readingOrder {index:4;}">
                    <Coords points="1700,3138 1853,3138 1853,3184 1700,3184"/>
                    <TextEquiv>
                        <Unicode>objecto</Unicode>
                    </TextEquiv>
                    <TextStyle fontFamily="Times New Roman" fontSize="9.0" bold="true"/>
                </Word>
                <Word id="w_w2aab1b7b2b9c15ac55" language="English" custom="readingOrder {index:5;}">
                    <Coords points="1874,3148 2180,3148 2180,3188 1874,3188"/>
                    <TextEquiv>
                        <Unicode>supernaturali</Unicode>
                    </TextEquiv>
                    <TextStyle fontFamily="Times New Roman" fontSize="9.0" bold="true"/>
                </Word>
                <Word id="w_w2aab1b7b2b9c15ac83" language="English" custom="readingOrder {index:6;}">
                    <Coords points="2205,3150 2271,3150 2271,3185 2205,3185"/>
                    <TextEquiv>
                        <Unicode>vel</Unicode>
                    </TextEquiv>
                    <TextStyle fontFamily="Times New Roman" fontSize="9.0" bold="true"/>
                </Word>
                <TextEquiv>
                    <Unicode>talem, ut solum ab objecto supernaturali vel</Unicode>
                </TextEquiv>
                <TextStyle fontFamily="Times New Roman" fontSize="9.0" bold="true"/>
            </TextLine>
            <TextLine id="tl_84" primaryLanguage="English" custom="readingOrder {index:8;}">
                <Coords points="1259,3195 2271,3195 2271,3257 1259,3257"/>
                <Baseline points="1259,3227 1282,3227 1517,3232 1625,3235 1777,3239 1964,3244 2125,3247 2270,3249"/>
                <Word id="w_w2aab1b7b2b9c17ab1" language="English" custom="readingOrder {index:0;}">
                    <Coords points="1259,3201 1282,3201 1282,3227 1259,3227"/>
                    <TextEquiv>
                        <Unicode>a</Unicode>
                    </TextEquiv>
                    <TextStyle fontFamily="Times New Roman" fontSize="9.0" bold="true"/>
                </Word>
                <Word id="w_w2aab1b7b2b9c17ab5" language="English" custom="readingOrder {index:1;}">
                    <Coords points="1303,3196 1517,3196 1517,3241 1303,3241"/>
                    <TextEquiv>
                        <Unicode>supplente</Unicode>
                    </TextEquiv>
                    <TextStyle fontFamily="Times New Roman" fontSize="9.0" bold="true"/>
                </Word>
                <Word id="w_w2aab1b7b2b9c17ac25" language="English" custom="readingOrder {index:2;}">
                    <Coords points="1537,3199 1625,3199 1625,3243 1537,3243"/>
                    <TextEquiv>
                        <Unicode>ejus</Unicode>
                    </TextEquiv>
                    <TextStyle fontFamily="Times New Roman" fontSize="9.0" bold="true"/>
                </Word>
                <Word id="w_w2aab1b7b2b9c17ac35" language="English" custom="readingOrder {index:3;}">
                    <Coords points="1645,3202 1777,3202 1777,3239 1645,3239"/>
                    <TextEquiv>
                        <Unicode>vicem</Unicode>
                    </TextEquiv>
                    <TextStyle fontFamily="Times New Roman" fontSize="9.0" bold="true"/>
                </Word>
                <Word id="w_w2aab1b7b2b9c17ac47" language="English" custom="readingOrder {index:4;}">
                    <Coords points="1805,3209 1964,3209 1964,3244 1805,3244"/>
                    <TextEquiv>
                        <Unicode>causari</Unicode>
                    </TextEquiv>
                    <TextStyle fontFamily="Times New Roman" fontSize="9.0" bold="true"/>
                </Word>
                <Word id="w_w2aab1b7b2b9c17ac63" language="English" custom="readingOrder {index:5;}">
                    <Coords points="1987,3213 2125,3213 2125,3255 1987,3255"/>
                    <TextEquiv>
                        <Unicode>possit.</Unicode>
                    </TextEquiv>
                    <TextStyle fontFamily="Times New Roman" fontSize="9.0" bold="true"/>
                </Word>
                <Word id="w_w2aab1b7b2b9c17ac79" language="English" custom="readingOrder {index:6;}">
                    <Coords points="2161,3214 2270,3214 2270,3256 2161,3256"/>
                    <TextEquiv>
                        <Unicode>Quod</Unicode>
                    </TextEquiv>
                    <TextStyle fontFamily="Times New Roman" fontSize="9.0" bold="true"/>
                </Word>
                <TextEquiv>
                    <Unicode>a supplente ejus vicem causari possit. Quod</Unicode>
                </TextEquiv>
                <TextStyle fontFamily="Times New Roman" fontSize="9.0" bold="true"/>
            </TextLine>
            <TextLine id="tl_85" primaryLanguage="English" custom="readingOrder {index:9;}">
                <Coords points="1259,3260 2267,3260 2267,3321 1259,3321"/>
                <Baseline points="1259,3292 1318,3292 1653,3301 1808,3305 1957,3317 2125,3312 2267,3304"/>
                <Word id="w_w2aab1b7b2b9c19ab1" language="English" custom="readingOrder {index:0;}">
                    <Coords points="1259,3260 1318,3260 1318,3292 1259,3292"/>
                    <TextEquiv>
                        <Unicode>est</Unicode>
                    </TextEquiv>
                    <TextStyle fontFamily="Times New Roman" fontSize="9.0" bold="true"/>
                </Word>
                <Word id="w_w2aab1b7b2b9c19ab9" language="English" custom="readingOrder {index:1;}">
                    <Coords points="1338,3264 1653,3264 1653,3305 1338,3305"/>
                    <TextEquiv>
                        <Unicode>supernaturale</Unicode>
                    </TextEquiv>
                    <TextStyle fontFamily="Times New Roman" fontSize="9.0" bold="true"/>
                </Word>
                <Word id="w_w2aab1b7b2b9c19ac37" language="English" custom="readingOrder {index:2;}">
                    <Coords points="1673,3267 1808,3267 1808,3311 1673,3311"/>
                    <TextEquiv>
                        <Unicode>primo</Unicode>
                    </TextEquiv>
                    <TextStyle fontFamily="Times New Roman" fontSize="9.0" bold="true"/>
                </Word>
                <Word id="w_w2aab1b7b2b9c19ac49" language="English" custom="readingOrder {index:3;}">
                    <Coords points="1828,3271 1957,3271 1957,3317 1828,3317"/>
                    <TextEquiv>
                        <Unicode>modo,</Unicode>
                    </TextEquiv>
                    <TextStyle fontFamily="Times New Roman" fontSize="9.0" bold="true"/>
                </Word>
                <Word id="w_w2aab1b7b2b9c19ac61" language="English" custom="readingOrder {index:4;}">
                    <Coords points="1994,3278 2125,3278 2125,3319 1994,3319"/>
                    <TextEquiv>
                        <Unicode>potest</Unicode>
                    </TextEquiv>
                    <TextStyle fontFamily="Times New Roman" fontSize="9.0" bold="true"/>
                </Word>
                <Word id="w_w2aab1b7b2b9c19ac75" language="English" custom="readingOrder {index:5;}">
                    <Coords points="2148,3281 2267,3281 2267,3313 2148,3313"/>
                    <TextEquiv>
                        <Unicode>natu¬</Unicode>
                    </TextEquiv>
                    <TextStyle fontFamily="Times New Roman" fontSize="9.0" bold="true"/>
                </Word>
                <TextEquiv>
                    <Unicode>est supernaturale primo modo, potest natu¬</Unicode>
                </TextEquiv>
                <TextStyle fontFamily="Times New Roman" fontSize="9.0" bold="true"/>
            </TextLine>
            <TextLine id="tl_86" primaryLanguage="English" custom="readingOrder {index:10;}">
                <Coords points="1257,3322 2267,3322 2267,3384 1257,3384"/>
                <Baseline points="1258,3356 1404,3359 1598,3376 1672,3366 1746,3368 1964,3380 2104,3376 2197,3378 2267,3380"/>
                <Word id="w_w2aab1b7b2b9c21ab1" language="English" custom="readingOrder {index:0;}">
                    <Coords points="1258,3322 1404,3322 1404,3359 1258,3359"/>
                    <TextEquiv>
                        <Unicode>raliter</Unicode>
                    </TextEquiv>
                    <TextStyle fontFamily="Times New Roman" fontSize="9.0" bold="true"/>
                </Word>
                <Word id="w_w2aab1b7b2b9c21ac17" language="English" custom="readingOrder {index:1;}">
                    <Coords points="1443,3326 1598,3326 1598,3376 1443,3376"/>
                    <TextEquiv>
                        <Unicode>haberi,</Unicode>
                    </TextEquiv>
                    <TextStyle fontFamily="Times New Roman" fontSize="9.0" bold="true"/>
                </Word>
                <Word id="w_w2aab1b7b2b9c21ac33" language="English" custom="readingOrder {index:2;}">
                    <Coords points="1628,3332 1672,3332 1672,3366 1628,3366"/>
                    <TextEquiv>
                        <Unicode>ut</Unicode>
                    </TextEquiv>
                    <TextStyle fontFamily="Times New Roman" fontSize="9.0" bold="true"/>
                </Word>
                <Word id="w_w2aab1b7b2b9c21ac39" language="English" custom="readingOrder {index:3;}">
                    <Coords points="1703,3331 1746,3331 1746,3368 1703,3368"/>
                    <TextEquiv>
                        <Unicode>in</Unicode>
                    </TextEquiv>
                    <TextStyle fontFamily="Times New Roman" fontSize="9.0" bold="true"/>
                </Word>
                <Word id="w_w2aab1b7b2b9c21ac45" language="English" custom="readingOrder {index:4;}">
                    <Coords points="1768,3337 1964,3337 1964,3382 1768,3382"/>
                    <TextEquiv>
                        <Unicode>exemplo,</Unicode>
                    </TextEquiv>
                    <TextStyle fontFamily="Times New Roman" fontSize="9.0" bold="true"/>
                </Word>
                <Word id="w_w2aab1b7b2b9c21ac63" language="English" custom="readingOrder {index:5;}">
                    <Coords points="1986,3347 2104,3347 2104,3376 1986,3376"/>
                    <TextEquiv>
                        <Unicode>secus</Unicode>
                    </TextEquiv>
                    <TextStyle fontFamily="Times New Roman" fontSize="9.0" bold="true"/>
                </Word>
                <Word id="w_w2aab1b7b2b9c21ac75" language="English" custom="readingOrder {index:6;}">
                    <Coords points="2136,3345 2197,3345 2197,3378 2136,3378"/>
                    <TextEquiv>
                        <Unicode>est</Unicode>
                    </TextEquiv>
                    <TextStyle fontFamily="Times New Roman" fontSize="9.0" bold="true"/>
                </Word>
                <Word id="w_w2aab1b7b2b9c21ac83" language="English" custom="readingOrder {index:7;}">
                    <Coords points="2215,3343 2267,3343 2267,3380 2215,3380"/>
                    <TextEquiv>
                        <Unicode>de</Unicode>
                    </TextEquiv>
                    <TextStyle fontFamily="Times New Roman" fontSize="9.0" bold="true"/>
                </Word>
                <TextEquiv>
                    <Unicode>raliter haberi, ut in exemplo, secus est de</Unicode>
                </TextEquiv>
                <TextStyle fontFamily="Times New Roman" fontSize="9.0" bold="true"/>
            </TextLine>
            <TextLine id="tl_87" primaryLanguage="English" custom="readingOrder {index:11;}">
                <Coords points="1256,3392 2268,3392 2268,3450 1256,3450"/>
                <Baseline points="1256,3420 1561,3427 1753,3434 1896,3436 1986,3437 2113,3441 2268,3444"/>
                <Word id="w_w2aab1b7b2b9c23ab1" language="English" custom="readingOrder {index:0;}">
                    <Coords points="1256,3393 1561,3393 1561,3432 1256,3432"/>
                    <TextEquiv>
                        <Unicode>supernaturali</Unicode>
                    </TextEquiv>
                    <TextStyle fontFamily="Times New Roman" fontSize="9.0" bold="true"/>
                </Word>
                <Word id="w_w2aab1b7b2b9c23ac29" language="English" custom="readingOrder {index:1;}">
                    <Coords points="1576,3396 1753,3396 1753,3434 1576,3434"/>
                    <TextEquiv>
                        <Unicode>secundo</Unicode>
                    </TextEquiv>
                    <TextStyle fontFamily="Times New Roman" fontSize="9.0" bold="true"/>
                </Word>
                <Word id="w_w2aab1b7b2b9c23ac45" language="English" custom="readingOrder {index:2;}">
                    <Coords points="1768,3399 1896,3399 1896,3436 1768,3436"/>
                    <TextEquiv>
                        <Unicode>modo.</Unicode>
                    </TextEquiv>
                    <TextStyle fontFamily="Times New Roman" fontSize="9.0" bold="true"/>
                </Word>
                <Word id="w_w2aab1b7b2b9c23ac57" language="English" custom="readingOrder {index:3;}">
                    <Coords points="1916,3402 1986,3402 1986,3437 1916,3437"/>
                    <TextEquiv>
                        <Unicode>Hic</Unicode>
                    </TextEquiv>
                    <TextStyle fontFamily="Times New Roman" fontSize="9.0" bold="true"/>
                </Word>
                <Word id="w_w2aab1b7b2b9c23ac65" language="English" custom="readingOrder {index:4;}">
                    <Coords points="2000,3406 2113,3406 2113,3448 2000,3448"/>
                    <TextEquiv>
                        <Unicode>ponit</Unicode>
                    </TextEquiv>
                    <TextStyle fontFamily="Times New Roman" fontSize="9.0" bold="true"/>
                </Word>
                <Word id="w_w2aab1b7b2b9c23ac77" language="English" custom="readingOrder {index:5;}">
                    <Coords points="2126,3407 2268,3407 2268,3444 2126,3444"/>
                    <TextEquiv>
                        <Unicode>Doctor</Unicode>
                    </TextEquiv>
                    <TextStyle fontFamily="Times New Roman" fontSize="9.0" bold="true"/>
                </Word>
                <TextEquiv>
                    <Unicode>supernaturali secundo modo. Hic ponit Doctor</Unicode>
                </TextEquiv>
                <TextStyle fontFamily="Times New Roman" fontSize="9.0" bold="true"/>
            </TextLine>
            <TextLine id="tl_88" primaryLanguage="English" custom="readingOrder {index:12;}">
                <Coords points="1256,3449 2265,3449 2265,3517 1256,3517"/>
                <Baseline points="1256,3484 1426,3489 1682,3495 1741,3498 1914,3501 2098,3506 2265,3498"/>
                <Word id="w_w2aab1b7b2b9c25ab1" language="English" custom="readingOrder {index:0;}">
                    <Coords points="1256,3449 1426,3449 1426,3489 1256,3489"/>
                    <TextEquiv>
                        <Unicode>formam</Unicode>
                    </TextEquiv>
                    <TextStyle fontFamily="Times New Roman" fontSize="9.0" bold="true"/>
                </Word>
                <Word id="w_w2aab1b7b2b9c25ac15" language="English" custom="readingOrder {index:1;}">
                    <Coords points="1460,3456 1682,3456 1682,3495 1460,3495"/>
                    <TextEquiv>
                        <Unicode>intrinsece</Unicode>
                    </TextEquiv>
                    <TextStyle fontFamily="Times New Roman" fontSize="9.0" bold="true"/>
                </Word>
                <Word id="w_w2aab1b7b2b9c25ac37" language="English" custom="readingOrder {index:2;}">
                    <Coords points="1703,3465 1741,3465 1741,3498 1703,3498"/>
                    <TextEquiv>
                        <Unicode>et</Unicode>
                    </TextEquiv>
                    <TextStyle fontFamily="Times New Roman" fontSize="9.0" bold="true"/>
                </Word>
                <Word id="w_w2aab1b7b2b9c25ac43" language="English" custom="readingOrder {index:3;}">
                    <Coords points="1771,3468 1914,3468 1914,3509 1771,3509"/>
                    <TextEquiv>
                        <Unicode>suapte</Unicode>
                    </TextEquiv>
                    <TextStyle fontFamily="Times New Roman" fontSize="9.0" bold="true"/>
                </Word>
                <Word id="w_w2aab1b7b2b9c25ac57" language="English" custom="readingOrder {index:4;}">
                    <Coords points="1947,3472 2098,3472 2098,3506 1947,3506"/>
                    <TextEquiv>
                        <Unicode>natura</Unicode>
                    </TextEquiv>
                    <TextStyle fontFamily="Times New Roman" fontSize="9.0" bold="true"/>
                </Word>
                <Word id="w_w2aab1b7b2b9c25ac71" language="English" custom="readingOrder {index:5;}">
                    <Coords points="2119,3479 2265,3479 2265,3516 2119,3516"/>
                    <TextEquiv>
                        <Unicode>super¬</Unicode>
                    </TextEquiv>
                    <TextStyle fontFamily="Times New Roman" fontSize="9.0" bold="true"/>
                </Word>
                <TextEquiv>
                    <Unicode>formam intrinsece et suapte natura super¬</Unicode>
                </TextEquiv>
                <TextStyle fontFamily="Times New Roman" fontSize="9.0" bold="true"/>
            </TextLine>
            <TextLine id="tl_89" primaryLanguage="English" custom="readingOrder {index:13;}">
                <Coords points="1254,3519 2264,3519 2264,3581 1254,3581"/>
                <Baseline points="1254,3549 1501,3563 1564,3557 1662,3559 1839,3564 1943,3567 2191,3573 2263,3573"/>
                <Word id="w_w2aab1b7b2b9c27ab1" language="English" custom="readingOrder {index:0;}">
                    <Coords points="1254,3519 1501,3519 1501,3563 1254,3563"/>
                    <TextEquiv>
                        <Unicode>naturalem,</Unicode>
                    </TextEquiv>
                    <TextStyle fontFamily="Times New Roman" fontSize="9.0" bold="true"/>
                </Word>
                <Word id="w_w2aab1b7b2b9c27ac23" language="English" custom="readingOrder {index:1;}">
                    <Coords points="1524,3525 1564,3525 1564,3557 1524,3557"/>
                    <TextEquiv>
                        <Unicode>et</Unicode>
                    </TextEquiv>
                    <TextStyle fontFamily="Times New Roman" fontSize="9.0" bold="true"/>
                </Word>
                <Word id="w_w2aab1b7b2b9c27ac29" language="English" custom="readingOrder {index:2;}">
                    <Coords points="1584,3534 1662,3534 1662,3560 1584,3560"/>
                    <TextEquiv>
                        <Unicode>non</Unicode>
                    </TextEquiv>
                    <TextStyle fontFamily="Times New Roman" fontSize="9.0" bold="true"/>
                </Word>
                <Word id="w_w2aab1b7b2b9c27ac37" language="English" custom="readingOrder {index:3;}">
                    <Coords points="1684,3529 1839,3529 1839,3564 1684,3564"/>
                    <TextEquiv>
                        <Unicode>tantum</Unicode>
                    </TextEquiv>
                    <TextStyle fontFamily="Times New Roman" fontSize="9.0" bold="true"/>
                </Word>
                <Word id="w_w2aab1b7b2b9c27ac51" language="English" custom="readingOrder {index:4;}">
                    <Coords points="1865,3540 1943,3540 1943,3575 1865,3575"/>
                    <TextEquiv>
                        <Unicode>per</Unicode>
                    </TextEquiv>
                    <TextStyle fontFamily="Times New Roman" fontSize="9.0" bold="true"/>
                </Word>
                <Word id="w_w2aab1b7b2b9c27ac59" language="English" custom="readingOrder {index:5;}">
                    <Coords points="1963,3539 2191,3539 2191,3580 1963,3580"/>
                    <TextEquiv>
                        <Unicode>respectum</Unicode>
                    </TextEquiv>
                    <TextStyle fontFamily="Times New Roman" fontSize="9.0" bold="true"/>
                </Word>
                <Word id="w_w2aab1b7b2b9c27ac79" language="English" custom="readingOrder {index:6;}">
                    <Coords points="2213,3538 2263,3538 2263,3574 2213,3574"/>
                    <TextEquiv>
                        <Unicode>ad</Unicode>
                    </TextEquiv>
                    <TextStyle fontFamily="Times New Roman" fontSize="9.0" bold="true"/>
                </Word>
                <TextEquiv>
                    <Unicode>naturalem, et non tantum per respectum ad</Unicode>
                </TextEquiv>
                <TextStyle fontFamily="Times New Roman" fontSize="9.0" bold="true"/>
            </TextLine>
            <TextLine id="tl_90" primaryLanguage="English" custom="readingOrder {index:14;}">
                <Coords points="1258,3586 2258,3586 2258,3645 1258,3645"/>
                <Baseline points="1258,3615 1383,3618 1415,3630 1469,3621 1630,3624 1789,3629 1855,3628 1914,3631 1970,3632 2036,3633 2094,3635 2162,3638 2258,3641"/>
                <Word id="w_w2aab1b7b2b9c29ab1" language="English" custom="readingOrder {index:0;}">
                    <Coords points="1258,3589 1383,3589 1383,3626 1258,3626"/>
                    <TextEquiv>
                        <Unicode>agens</Unicode>
                    </TextEquiv>
                    <TextStyle fontFamily="Times New Roman" fontSize="9.0" bold="true"/>
                </Word>
                <Word id="w_w2aab1b7b2b9c29ac13" language="English" custom="readingOrder {index:1;}">
                    <Coords points="1408,3595 1415,3595 1415,3630 1408,3630"/>
                    <TextEquiv>
                        <Unicode>;</Unicode>
                    </TextEquiv>
                    <TextStyle fontFamily="Times New Roman" fontSize="9.0" bold="true"/>
                </Word>
                <Word id="w_w2aab1b7b2b9c29ac17" language="English" custom="readingOrder {index:2;}">
                    <Coords points="1435,3588 1469,3588 1469,3621 1435,3621"/>
                    <TextEquiv>
                        <Unicode>et</Unicode>
                    </TextEquiv>
                    <TextStyle fontFamily="Times New Roman" fontSize="9.0" bold="true"/>
                </Word>
                <Word id="w_w2aab1b7b2b9c29ac23" language="English" custom="readingOrder {index:3;}">
                    <Coords points="1494,3587 1630,3587 1630,3639 1494,3639"/>
                    <TextEquiv>
                        <Unicode>simjle</Unicode>
                    </TextEquiv>
                    <TextStyle fontFamily="Times New Roman" fontSize="9.0" bold="true"/>
                </Word>
                <Word id="w_w2aab1b7b2b9c29ac37" language="English" custom="readingOrder {index:4;}">
                    <Coords points="1670,3590 1789,3590 1789,3629 1670,3629"/>
                    <TextEquiv>
                        <Unicode>habet</Unicode>
                    </TextEquiv>
                    <TextStyle fontFamily="Times New Roman" fontSize="9.0" bold="true"/>
                </Word>
                <Word id="w_w2aab1b7b2b9c29ac49" language="English" custom="readingOrder {index:5;}">
                    <Coords points="1821,3595 1855,3595 1855,3628 1821,3628"/>
                    <TextEquiv>
                        <Unicode>2.</Unicode>
                    </TextEquiv>
                    <TextStyle fontFamily="Times New Roman" fontSize="9.0" bold="true"/>
                </Word>
                <Word id="w_w2aab1b7b2b9c29ac55" language="English" custom="readingOrder {index:6;}">
                    <Coords points="1879,3594 1914,3594 1914,3631 1879,3631"/>
                    <TextEquiv>
                        <Unicode>d.</Unicode>
                    </TextEquiv>
                    <TextStyle fontFamily="Times New Roman" fontSize="9.0" bold="true"/>
                </Word>
                <Word id="w_w2aab1b7b2b9c29ac61" language="English" custom="readingOrder {index:7;}">
                    <Coords points="1935,3596 1970,3596 1970,3632 1935,3632"/>
                    <TextEquiv>
                        <Unicode>3.</Unicode>
                    </TextEquiv>
                    <TextStyle fontFamily="Times New Roman" fontSize="9.0" bold="true"/>
                </Word>
                <Word id="w_w2aab1b7b2b9c29ac67" language="English" custom="readingOrder {index:8;}">
                    <Coords points="1992,3607 2036,3607 2036,3643 1992,3643"/>
                    <TextEquiv>
                        <Unicode>,q.</Unicode>
                    </TextEquiv>
                    <TextStyle fontFamily="Times New Roman" fontSize="9.0" bold="true"/>
                </Word>
                <Word id="w_w2aab1b7b2b9c29ac75" language="English" custom="readingOrder {index:9;}">
                    <Coords points="2059,3599 2094,3599 2094,3635 2059,3635"/>
                    <TextEquiv>
                        <Unicode>9.</Unicode>
                    </TextEquiv>
                    <TextStyle fontFamily="Times New Roman" fontSize="9.0" bold="true"/>
                </Word>
                <Word id="w_w2aab1b7b2b9c29ac81" language="English" custom="readingOrder {index:10;}">
                    <Coords points="2122,3610 2162,3610 2162,3638 2122,3638"/>
                    <TextEquiv>
                        <Unicode>n.</Unicode>
                    </TextEquiv>
                    <TextStyle fontFamily="Times New Roman" fontSize="9.0" bold="true"/>
                </Word>
                <Word id="w_w2aab1b7b2b9c29ac87" language="English" custom="readingOrder {index:11;}">
                    <Coords points="2204,3604 2258,3604 2258,3641 2204,3641"/>
                    <TextEquiv>
                        <Unicode>16.</Unicode>
                    </TextEquiv>
                    <TextStyle fontFamily="Times New Roman" fontSize="9.0" bold="true"/>
                </Word>
                <TextEquiv>
                    <Unicode>agens ; et simjle habet 2. d. 3. ,q. 9. n. 16.</Unicode>
                </TextEquiv>
                <TextStyle fontFamily="Times New Roman" fontSize="9.0" bold="true"/>
            </TextLine>
            <TextEquiv>
                <Unicode>Explicat quomodo potentia in ordine ad
formam quamcumque est naturalis, violenta
vel neutra, in ordine ad agens naturalis, de
quo 2. d. 18. et 4. d. 43. q. 4. Ponit duo ;
modos supernaturalitatis. Unus est, formam
fieri ab agente supernaturali, ut si Deus
infunderet Geometriam. Alter, actum esse
talem, ut solum ab objecto supernaturali vel
a supplente ejus vicem causari possit. Quod
est supernaturale primo modo, potest natu¬
raliter haberi, ut in exemplo, secus est de
supernaturali secundo modo. Hic ponit Doctor
formam intrinsece et suapte natura super¬
naturalem, et non tantum per respectum ad
agens ; et simjle habet 2. d. 3. ,q. 9. n. 16.</Unicode>
            </TextEquiv>
        </TextRegion>
    </Page>
</PcGts>
