2711 3950
276 344 390 390 prior
417 343 582 394 origine
612 344 702 394 ipsa
735 356 896 396 genera
906 346 1017 385 Bone
1054 358 1075 386 a
1083 348 1205 391 oliva,
1239 352 1281 387 et

273 420 334 457 sic
378 421 653 458 constitutum
707 422 990 462 essentialiter
1039 426 1118 461 erit
1164 424 1280 472 prius

273 491 437 543 origine
489 496 760 534 constitutivo
810 498 1115 544 essentialiter,
1164 498 1280 547 quod

273 577 358 607 non
379 572 444 607 est
464 569 746 621 intelligibile.

323 649 580 698 Respondeo
624 654 777 701 primo,
813 653 928 703 quod
968 653 1139 704 quando
1181 653 1279 692 dicit

271 725 387 774 quod
434 725 735 774 produclivum
780 729 822 767 in
871 729 1023 768 divinis
1065 733 1128 768 est
1163 730 1278 779 prius

268 804 419 840 natura
441 801 740 852 productione,
780 807 823 843 et
853 806 913 844 sic
941 816 993 844 ex
1020 809 1276 856 argumento

266 875 378 916 facto
403 876 525 916 Pater
547 878 625 916 erit
647 881 760 928 prius
782 880 946 931 origine
977 881 1275 930 productione.

265 951 382 994 Dico,
405 952 523 1002 quod
544 956 689 1003 potest
717 957 874 1003 exponi
908 954 961 993 de
995 955 1276 1005 productione

262 1029 445 1075 passiva,
480 1031 522 1066 et
550 1028 611 1067 sic
643 1029 759 1068 nulla
795 1033 858 1068 est
895 1028 1133 1076 difficultas,
1177 1032 1276 1080 quia

262 1102 390 1141 etiam
422 1102 549 1142 Pater
588 1106 842 1154 inquantum
874 1105 1013 1153 Pater,
1045 1107 1088 1145 in
1125 1104 1275 1144 divinis

264 1182 329 1217 est
362 1179 477 1228 prior
508 1180 674 1230 origine
709 1180 824 1227 Filio,
863 1184 906 1220 et
942 1180 1134 1222 similiter
1153 1182 1275 1220 Paler

262 1257 516 1305 inquantum
562 1265 779 1306 generans
837 1261 900 1296 est
946 1258 1063 1306 prius
1108 1259 1272 1308 origine

261 1332 421 1382 genito,
442 1334 489 1369 ut
509 1335 653 1380 potest
676 1331 831 1371 deduci
859 1344 912 1371 ex
933 1332 1055 1372 dictis
1078 1334 1272 1373 Docloris

261 1407 304 1444 in
345 1407 380 1445 1.
419 1408 506 1445 dist.
550 1407 612 1446 26.
641 1411 676 1446 et
713 1408 778 1447 28.
821 1411 857 1446 et
895 1409 937 1446 in
978 1407 1098 1453 Quol.
1157 1419 1194 1457 q.
1230 1408 1270 1447 4.

263 1481 461 1522 Secundo
486 1481 594 1528 dico,
619 1483 736 1533 quod
756 1483 870 1522 bene
893 1485 1147 1534 principium
1177 1495 1272 1534 pro¬

264 1557 483 1597 duclivum
521 1562 586 1597 est
625 1560 742 1608 prius
781 1560 946 1610 origine
985 1560 1270 1609 productione

261 1636 413 1682 activa,
442 1646 526 1685 qua
559 1636 830 1674 constituitur
858 1637 979 1676 Pater
1003 1636 1046 1675 in
1076 1648 1159 1676 esse
1180 1649 1275 1687 per¬

258 1712 408 1752 sonali.
441 1712 489 1750 Et
511 1723 608 1751 cum
630 1713 785 1752 dicitur
807 1713 923 1764 quod
946 1714 1072 1753 Pater
1091 1718 1274 1765 generat

260 1787 408 1827 Filium
441 1790 488 1826 ut
521 1787 686 1826 habens
721 1788 802 1827 tale
831 1788 1090 1839 principium
1109 1789 1276 1839 produ¬

262 1865 434 1911 ctivum,
491 1864 701 1912 concedo,
760 1864 839 1904 sed
894 1868 1047 1914 postea
1093 1871 1276 1917 negatur

262 1938 378 1990 quod
408 1940 529 1979 Paler
559 1940 612 1979 sit
646 1942 761 1990 prior
793 1941 958 1991 origine
990 1942 1274 1991 productione

264 2018 413 2056 activa.

314 2092 355 2130 Si
386 2090 566 2140 dicatur,
600 2092 823 2143 generatio
860 2091 996 2131 activa
1029 2093 1274 2134 necessario

261 2167 561 2217 praesupponit
592 2168 848 2217 principium
882 2167 1200 2216 productivum,
1237 2174 1278 2208 et

265 2243 536 2294 suppositum
582 2241 829 2293 producens
883 2243 1125 2282 secundum
1172 2243 1277 2283 illud

266 2317 537 2369 principium.

322 2395 439 2442 Dico,
477 2393 594 2444 quod
621 2394 735 2433 bene
766 2393 989 2444 generatio
1019 2396 1154 2434 activa
1175 2405 1276 2443 prae¬

264 2470 467 2520 supponit
487 2470 742 2520 principium
762 2468 1077 2520 productivum,
1112 2471 1276 2509 scilicet

258 2546 512 2585 memoriam
532 2544 779 2593 fecundam,
803 2557 890 2585 non
912 2549 1055 2585 tamen
1082 2556 1274 2596 praesup¬

260 2623 378 2670 ponit
398 2622 669 2672 suppositum
692 2621 952 2672 producens,
981 2625 1025 2660 et
1050 2622 1132 2660 hoc
1154 2625 1274 2671 palet

257 2708 281 2736 a
303 2698 427 2736 Scolo
450 2698 653 2747 expresse
705 2698 747 2736 in
767 2697 881 2745 quol.
905 2708 943 2746 q.
973 2697 1012 2736 4.
1034 2697 1080 2736 in
1104 2707 1272 2746 respon¬

254 2772 367 2812 sione
399 2775 456 2812 ad
476 2774 663 2822 primum
707 2775 1020 2821 argumentum,
1059 2772 1133 2810 ubi
1172 2771 1272 2812 dicit

261 2849 378 2899 quod
417 2851 527 2888 actio
567 2849 810 2888 necessario
862 2847 1151 2897 praesupponit
1187 2859 1272 2886 esse

257 2922 522 2972 simpliciter,
544 2933 632 2961 non
654 2925 798 2961 autem
820 2934 902 2962 esse
929 2922 1270 2960 incommunica¬

254 3000 353 3043 bile,
378 3000 594 3050 praecipue
621 2998 794 3048 quando
815 2998 1088 3047 suppositum
1107 2996 1266 3035 incom¬

253 3074 508 3113 municabile
557 3073 831 3113 constituitur
867 3075 911 3112 in
952 3073 1024 3112 tali
1063 3084 1147 3112 esse
1192 3083 1271 3123 per

254 3147 505 3198 hujusmodi
521 3149 750 3187 actionem.
783 3148 849 3186 Sic
879 3149 944 3185 est
972 3147 1014 3185 in
1047 3147 1267 3196 proposito

257 3223 311 3262 de
332 3224 618 3272 generatione
639 3223 682 3262 in
710 3222 874 3269 divinis,
899 3222 998 3272 quia
1018 3222 1111 3271 ipsa
1136 3231 1269 3272 gene¬

254 3301 361 3339 ratio
397 3309 499 3339 vere
547 3299 838 3348 praesupponit
884 3309 967 3337 esse
1004 3298 1267 3348 simpliciter,

255 3375 417 3416 scilicet
458 3377 713 3414 memoriam
760 3373 1009 3418 fecundam,
1058 3375 1136 3413 sed
1182 3385 1270 3413 non

256 3458 554 3509 praesupponit
582 3457 855 3506 suppositum
884 3456 1269 3496 incommunicabi¬

254 3541 312 3587 le,
336 3542 434 3590 quia
456 3550 532 3590 per
552 3540 662 3578 illam
684 3540 1012 3590 generationem
1048 3539 1130 3577 tale
1165 3548 1271 3586 sup¬

257 3624 447 3672 positum
478 3621 748 3661 constituitur
765 3621 811 3661 in
830 3631 926 3660 esse.

1406 349 1491 389 Sed
1532 353 1680 392 conlra
1715 353 1796 393 hoc
1834 367 1843 394 :
1878 354 2054 395 Videtur
2092 356 2204 396 enim
2243 356 2358 407 quod

1355 425 1511 465 Doctor
1529 428 1606 468 sibi
1630 431 1888 470 contradicat
1919 434 1961 471 in
1993 432 2088 478 hoc,
2117 433 2234 482 quod
2260 434 2360 474 dicit

1355 502 1470 551 quod
1515 510 1738 556 generatio
1777 510 1910 548 activa
1948 520 2035 548 non
2074 510 2360 560 praesupponit

1353 585 1618 632 suppositum
1640 595 1871 634 generans,
1900 586 1998 635 quia
2018 587 2060 624 in
2080 588 2157 625 isto
2183 589 2215 626 1.
2246 589 2287 626 d.
2316 588 2354 626 7.

1354 656 1453 697 dicit
1502 669 1706 708 expresse
1759 662 1875 710 quod
1923 661 2208 712 gerundivum
2256 672 2358 700 con¬

1351 736 1558 773 structum
1598 745 1695 774 cum
1732 739 1936 784 potentia,
1987 740 2104 776 notat
2140 741 2277 776 actum
2317 742 2361 777 ut

1354 809 1652 860 egredienlem
1698 812 1750 851 ab
1799 813 1954 852 eodem
2001 814 2246 862 supposito,
2295 814 2360 852 cui

1353 886 1597 925 attribuitur
1657 889 1872 936 potentia,
1928 888 2016 928 haec
2077 892 2178 928 sunt
2232 889 2362 928 verba

1351 958 1542 999 formalia
1592 962 1798 1001 Ductoris.
1847 962 1951 1001 Cum
1999 974 2102 1014 ergo
2152 964 2359 1003 memoria

1350 1032 1536 1073 fecunda
1557 1037 1609 1074 sit
1631 1038 1817 1084 potentia
1853 1037 2094 1087 generandi
2124 1038 2203 1087 ipsi
2234 1038 2357 1084 Patri,

1348 1114 1395 1148 ut
1416 1115 1532 1160 patet
1553 1123 1575 1150 a
1597 1113 1780 1152 Doctore
1800 1113 1842 1151 in
1873 1113 2065 1161 pluribus
2096 1113 2220 1161 locis;
2256 1123 2360 1163 ergo

1347 1197 1560 1237 generare
1583 1192 1648 1228 est
1668 1193 1788 1229 actus
1815 1189 2046 1242 egrediens
2079 1201 2101 1229 a
2135 1192 2356 1240 supposito

1347 1264 1535 1303 habente
1559 1265 1684 1303 talem
1708 1266 1939 1315 potentiam
1966 1265 2219 1316 generandi,
2257 1276 2355 1315 ergo

1348 1342 1638 1390 praesupponit
1677 1341 1971 1390 suppositum;
2024 1347 2066 1380 et
2110 1341 2207 1380 ideo
2257 1341 2356 1380 dicit

1349 1415 1465 1466 quod
1496 1418 1697 1456 memoria
1730 1416 1917 1457 fecunda
1950 1427 2037 1456 non
2070 1421 2135 1456 est
2158 1420 2357 1468 'potentia

1347 1491 1586 1541 generandi
1613 1492 1727 1536 Filio,
1762 1493 1860 1542 quia
1895 1497 1995 1532 tunc
2029 1496 2148 1532 actus
2177 1503 2356 1544 genera¬

1348 1568 1471 1606 tionis
1519 1568 1666 1607 activae
1711 1569 2026 1619 intelligeretur
2070 1579 2093 1608 a
2131 1569 2355 1618 supposito

1348 1642 1433 1681 Filii
1455 1642 1618 1694 egredi.

1398 1719 1674 1768 Respondeo,
1699 1719 1816 1770 quod
1844 1721 1999 1760 Doctor
2028 1721 2070 1759 in
2101 1720 2256 1760 eadem
2291 1719 2356 1758 di¬

1348 1796 1575 1835 stinctione
1608 1798 1648 1835 in
1680 1797 1962 1846 responsione
1996 1797 2049 1836 ad
2080 1798 2261 1847 primum
2295 1807 2357 1834 ar¬

1348 1878 1603 1923 gumentum
1639 1872 1801 1912 facium
1834 1879 1980 1913 contra
2014 1875 2189 1924 primam
2225 1873 2359 1922 opini¬

1349 1960 1491 1995 onem,
1517 1949 1618 1989 dicit
1639 1949 1755 2000 quod
1775 1951 1999 2000 generatio
2022 1952 2157 1990 activa
2180 1948 2352 1999 quando

1348 2026 1523 2075 respicit
1569 2027 1823 2076 principium
1862 2026 2160 2076 productivum
2198 2037 2276 2076 per
2313 2036 2360 2064 se

1352 2103 1556 2150 existens,
1604 2107 1748 2153 potest
1794 2104 2042 2144 immediate
2095 2104 2189 2143 elici
2229 2115 2253 2142 a
2292 2103 2361 2143 tali

1351 2179 1574 2229 principio,
1598 2178 1839 2230 cujusmodi
1859 2182 1925 2219 est
1947 2182 2076 2226 Deus,
2107 2182 2150 2218 et
2180 2188 2361 2219 concor¬

1352 2255 1423 2294 dat
1444 2267 1541 2296 cum
1561 2257 1643 2296 hoc
1664 2255 1781 2307 quod
1803 2256 1901 2296 dicit
1920 2259 1965 2296 in
1981 2257 2100 2302 Quol.
2123 2258 2195 2296 ubi
2211 2267 2356 2305 supra.

1348 2332 1436 2370 Nec
1456 2332 1546 2371 vult
1565 2333 1721 2370 Doctor
1740 2333 1781 2370 in
1801 2331 1880 2370 illa
1899 2333 1992 2371 dist.
2015 2333 2052 2380 7.
2070 2333 2208 2380 primi
2211 2362 2220 2377 ,
2243 2330 2360 2381 quod

1348 2410 1571 2459 generatio
1594 2410 1896 2457 praesupponat
1915 2408 2186 2456 suppositum
2218 2417 2354 2457 gene¬

1347 2493 1460 2528 rans,
1485 2493 1578 2521 cum
1600 2482 1642 2520 in
1665 2481 1821 2521 eadem
1842 2481 2075 2532 quaestione
2097 2483 2355 2521 contrarium

1347 2559 1473 2599 dicat.
1496 2561 1598 2600 Dico
1621 2570 1741 2609 ergo,
1766 2559 1881 2608 quod
1903 2563 2043 2598 actum
2063 2557 2354 2609 generationis

1347 2635 1497 2686 egredi
1526 2646 1550 2674 a
1579 2635 1815 2684 supposito,
1853 2638 1998 2684 potest
2037 2634 2262 2684 dupliciter
2289 2635 2352 2673 in-

1346 2712 1492 2762 telligi.
1517 2712 1653 2750 Primo
1675 2711 1820 2758 modo,
1846 2710 1963 2762 quod
1985 2722 2085 2750 vere
2115 2711 2168 2749 sit
2198 2720 2220 2748 a
2255 2721 2352 2760 sup¬

1343 2786 1498 2835 posito.
1542 2786 1632 2825 Alio
1682 2785 1825 2832 modo,
1877 2785 1994 2835 quod
2042 2785 2295 2835 egrediatur
2334 2796 2357 2824 a

1345 2862 1551 2911 principio
1573 2860 1829 2912 productivo
1862 2867 1908 2901 ut
1940 2864 2038 2900 actu
2069 2861 2280 2900 exislenle
2312 2861 2355 2900 in

1343 2938 1584 2987 supposito.
1618 2937 1756 2976 Primo
1793 2936 1923 2976 modo
1958 2948 2043 2976 non
2078 2935 2299 2987 egreditur
2330 2947 2354 2975 a

1343 3014 1480 3061 Patre,
1511 3013 1589 3052 sed
1615 3015 1730 3053 bene
1751 3013 1942 3053 secundo
1966 3013 2113 3060 modo,
2138 3014 2236 3063 quia
2266 3023 2354 3051 me¬

1344 3090 1477 3128 moria
1502 3088 1688 3129 fecunda
1722 3101 1745 3128 a
1779 3101 1863 3140 qua
1893 3088 2141 3128 immediate
2173 3091 2353 3139 pullulat

1343 3165 1567 3215 generatio
1589 3166 1724 3204 activa
1747 3165 2010 3203 constituens
2030 3163 2195 3202 Patrem
2214 3166 2257 3204 in
2273 3176 2356 3203 esse

1343 3238 1574 3287 personali,
1592 3239 1728 3289 primo
1749 3240 1860 3277 inest
1879 3238 2003 3283 Patri,
2028 3242 2069 3277 et
2089 3249 2166 3288 per
2186 3238 2356 3277 Patrem

1341 3314 1455 3353 inest
1475 3314 1587 3354 Filio.

1399 3391 1484 3430 Sed
1506 3393 1539 3430 si
1561 3395 1792 3440 quaeratur,
1819 3392 1853 3429 si
1879 3402 1902 3429 a
1931 3393 2135 3430 memoria
2166 3389 2354 3430 fecunda

1344 3466 1591 3506 immediate
1615 3468 1793 3515 pullulat
1812 3468 2035 3517 generatio
2057 3470 2192 3507 activa
2209 3482 2217 3516 ;
2250 3479 2352 3520 ergo

1344 3544 1388 3581 in
1419 3542 1575 3581 eodem
1594 3543 1768 3582 instanti
1791 3547 1870 3581 erit
1899 3544 2038 3591 Filius,
2071 3550 2111 3582 et
2142 3556 2220 3593 per
2249 3555 2354 3584 con¬

1345 3630 1536 3670 sequens
1566 3620 1689 3659 Paler
1718 3623 1765 3659 ut
1794 3620 1908 3669 prior
1941 3621 2105 3671 origine
2135 3630 2222 3660 non
2250 3631 2349 3670 pro-
