2653 3950
239 299 638 359 generabilium,
691 302 741 346 et
783 300 827 346 si
866 300 963 346 hoc
992 300 1241 352 intendat,

235 375 504 423 conclusio
529 376 642 435 ejus
663 378 743 423 est
771 375 906 422 falsa
931 377 981 421 et
1005 375 1240 422 rationes

234 464 338 496 non
359 451 690 498 concludunt.

289 529 432 580 Quod
461 527 731 574 conclusio
768 540 862 573 sua
901 526 969 574 sit
991 526 1142 578 falsa,
1173 527 1237 585 (b)

226 605 370 663 patet
404 617 499 663 per
536 603 890 662 Augustinum
916 604 958 648 3.
988 604 1040 646 de
1077 605 1220 647 Trinit
1222 633 1237 640 -

225 695 260 724 c.
285 681 327 725 4.
362 680 413 726 et
437 679 576 726 ratio
606 678 887 738 Augustini
920 678 1108 725 ibidem
1136 680 1232 730 est,

229 755 349 814 quia
405 756 716 814 generatum
774 768 867 814 per
928 752 1236 814 putrefacti¬

227 845 380 877 onem
402 833 664 891 propagat
687 830 791 876 alia
825 830 1018 878 iterum
1046 843 1234 889 propa¬

229 906 436 965 gantia;
484 906 839 965 propagantia
884 909 1061 952 autem
1112 907 1234 953 sunt

229 982 454 1029 univoca
477 981 745 1040 generatis
773 995 803 1027 a
841 995 912 1034 se,
958 993 1087 1040 ergo
1115 995 1232 1041 pro¬

229 1060 423 1119 pagata
449 1059 499 1104 et
527 1059 782 1117 generata
810 1071 904 1117 per
927 1057 1234 1117 putrefacti¬

229 1147 396 1186 onem,
423 1136 543 1180 sunt
568 1133 811 1180 univoca.
841 1133 984 1186 Quod
1012 1133 1056 1180 si
1074 1136 1232 1192 negat

225 1212 489 1257 Averroes
521 1213 855 1269 assumptum
876 1209 934 1256 de
968 1209 1151 1268 apibus
1179 1211 1230 1255 et

218 1287 277 1333 de
318 1286 632 1332 animalibus
689 1284 1072 1336 consimilibus,
1125 1298 1231 1331 non

222 1365 396 1423 potest
435 1375 632 1421 negare
659 1362 718 1409 de
758 1361 971 1421 plantis,
1009 1361 1130 1420 quia
1167 1374 1228 1407 ae-

223 1438 443 1498 quivoce
501 1438 706 1497 genitae,
761 1438 858 1484 hoc
903 1440 983 1484 est
1022 1451 1128 1483 non
1165 1450 1230 1482 ex

221 1515 435 1572 semine,
463 1518 646 1576 postea
684 1516 980 1575 producunt
1008 1515 1230 1561 univoce

221 1607 399 1640 semen
443 1607 507 1640 ex
554 1606 654 1652 quo
683 1595 1009 1652 generantur
1035 1591 1229 1651 plantae

220 1671 339 1717 aliae
368 1670 600 1730 ejusdem
626 1669 836 1729 speciei.

276 1748 340 1805 (c)
362 1746 692 1795 Contradicit
737 1746 899 1793 etiam
951 1746 998 1792 ei
1056 1746 1227 1804 Augu¬

220 1823 389 1870 stinus
425 1823 477 1869 in
499 1822 741 1882 Epistola
769 1822 830 1868 ad
859 1823 965 1868 Deo
1001 1821 1224 1880 gratias,

212 1900 298 1947 ubi
330 1899 472 1947 dicit:
497 1901 632 1944 Multa
659 1914 819 1957 genera
843 1900 1104 1942 animalium
1134 1901 1229 1943 sine

208 1980 464 2036 'parentibus
520 1993 574 2021 ex
612 1986 730 2021 terra
769 1984 1076 2033 procreantur,
1136 1992 1229 2034 epice

217 2064 361 2099 tamen
407 2057 592 2113 pariunt
635 2055 824 2097 coeundo
863 2055 959 2110 ipsa
998 2056 1131 2097 etiam
1160 2062 1230 2103 sui

208 2134 395 2184 similia,
442 2146 494 2174 ne
526 2138 706 2187 propter
743 2131 1040 2173 diversitatem
1065 2133 1229 2175 nativi•

214 2209 315 2251 tatis
360 2209 534 2251 intersit
571 2206 696 2249 aliud
730 2206 788 2248 ad
830 2213 1036 2250 naturam
1061 2221 1226 2261 eorum,

218 2298 311 2341 quce
347 2290 579 2339 procreata
610 2288 710 2324 sunt
742 2296 794 2324 ex
839 2289 971 2332 terra,
1007 2289 1047 2325 et
1082 2297 1228 2326 eorum

221 2374 314 2416 quce
334 2373 387 2401 ex
426 2359 518 2402 illis
555 2357 801 2400 coeuntibus
837 2364 934 2400 orta
965 2365 1079 2409 sunt,
1109 2360 1231 2400 simi¬

218 2437 318 2479 liter
357 2435 474 2478 enim
504 2434 656 2476 vivunt
699 2440 738 2474 et
774 2435 1040 2486 moriuntur,
1084 2449 1229 2491 quam¬

217 2513 283 2554 vis
309 2510 587 2553 dissimiliter
625 2516 731 2551 nata
761 2516 876 2552 sunt.

278 2589 343 2633 Et
387 2584 700 2632 Ambrosius
751 2584 809 2630 de
852 2586 1228 2633 Incarnatione

215 2662 377 2709 Verbi
424 2661 476 2707 in
505 2661 622 2707 fine.
659 2661 753 2708 Sed
776 2662 832 2713 et,
854 2660 1078 2720 ipsemet
1110 2676 1228 2709 con¬

212 2736 428 2785 tradicit
470 2735 568 2782 sibi
607 2735 710 2794 ipsi
754 2735 808 2780 in
854 2734 974 2781 aliis
1016 2737 1146 2783 locis
1168 2738 1227 2784 de

217 2814 314 2860 hac
360 2811 720 2864 conclusione,
768 2824 890 2857 nam
917 2812 976 2858 de
1009 2825 1228 2871 genera¬

212 2891 358 2938 tione
398 2887 748 2935 accidentium
785 2888 1056 2947 aequivoca
1083 2892 1226 2948 patet

216 2979 309 3026 per
349 2965 522 3024 ipsum
566 2965 753 3008 secundo
773 2965 825 3007 de
853 2966 967 3008 Coelo
1006 2973 1045 3008 et
1065 2966 1226 3009 Mundo

216 3057 321 3085 com.
362 3042 433 3087 42.
459 3039 544 3085 ubi
590 3039 844 3092 concedit,
881 3040 1015 3098 quod
1043 3040 1094 3086 in
1145 3055 1226 3088 ac¬

219 3114 507 3161 cidentibus
555 3126 659 3159 non
705 3127 915 3173 semper
947 3117 1027 3161 est
1076 3128 1224 3174 gene¬

218 3189 360 3236 ratio
389 3190 453 3236 ab
486 3189 730 3242 univoco,
761 3192 812 3236 et
857 3190 1004 3249 ponit
1055 3204 1224 3237 exem¬

217 3267 359 3325 plum
400 3266 459 3312 de
505 3266 711 3317 calore;
739 3267 884 3324 patet
921 3266 1061 3312 enim
1092 3267 1222 3326 quod

215 3341 364 3388 calor
392 3343 681 3400 generatur
714 3342 982 3401 aequivoce
1021 3355 1085 3388 ex
1120 3356 1226 3389 mo¬

213 3421 269 3464 tu
297 3419 349 3464 et
376 3430 636 3463 concursu
666 3417 953 3471 radiorum,
984 3419 1034 3464 et
1063 3418 1224 3466 etiam

214 3507 243 3539 a
266 3493 446 3543 calore
479 3493 715 3540 univoce.

273 3571 332 3621 In
373 3570 683 3620 substantiis
711 3570 874 3619 etiam
909 3573 1071 3631 patet,
1104 3571 1226 3632 quia

1317 299 1454 358 ignis
1500 301 1791 358 generatur
1828 299 2094 358 aequivoce
2133 301 2185 347 et
2217 300 2328 346 uni¬

2351 384 2353 388 '
1315 388 1460 428 voce,
1505 376 1639 434 quod
1685 376 1969 435 aequivoce,
2019 377 2162 436 patet
2202 379 2327 420 tertio

1312 451 1365 492 de
1428 453 1542 494 Ccelo
1617 460 1658 496 el
1719 454 1901 496 Mundo.
1954 454 2018 498 Et
2061 452 2327 498 Averroes

1310 539 1444 571 com.
1485 528 1557 574 56.
1608 530 1765 571 Exitus
1817 531 1935 586 ignis
1975 545 2001 572 a
2053 529 2202 585 lapide
2240 543 2329 572 non

1309 610 1369 645 est
1423 604 1475 646 de
1519 606 1712 660 capitulo
1778 606 2099 656 translationis,
2146 605 2222 648 sed
2277 605 2330 648 de

1308 680 1499 733 capitulo
1523 679 1818 732 alterationis,
1852 682 1931 722 hoc
1975 687 2049 732 est,
2080 695 2170 723 non
2195 695 2329 737 gene¬

1305 761 1433 796 ratur
1458 769 1537 810 per
1565 755 1784 806 lationem,
1813 756 1888 798 sed
1903 770 1983 811 per
2007 757 2324 807 alterationem;

1308 831 1597 887 generatur
1647 829 1808 876 etiam
1863 843 1957 889 per
2005 833 2210 877 motum
2256 830 2327 876 lo¬

1307 905 1491 958 calem,
1526 921 1581 948 ex
1607 907 1677 951 12.
1708 908 1901 962 Metaph.
1932 921 2040 950 com.
2067 908 2135 952 18.
2163 914 2201 950 et
2223 909 2326 963 pri¬

1308 995 1373 1023 mo
1414 982 1699 1024 Meteororum
1744 981 1804 1027 de
1839 981 2185 1039 generatione
2231 980 2326 1026 im¬

1307 1054 1643 1114 pressionum
1674 1055 1985 1115 ignitarum.

1367 1132 1500 1177 Item
1528 1133 1672 1191 patet
1713 1131 1771 1178 de
1812 1131 2150 1184 animalibus,
2193 1132 2327 1191 quod

1307 1210 1475 1255 multa
1539 1210 1869 1266 generantur
1928 1221 2210 1267 aequivoce.
2254 1210 2308 1254 12

1303 1285 1490 1340 Metaph.
1521 1299 1628 1327 com.
1670 1285 1741 1329 18.
1773 1285 1961 1344 Vespae
2001 1283 2246 1331 videntur
2272 1283 2326 1329 fi-

1305 1359 1384 1404 eri
1417 1358 1475 1404 de
1521 1359 1840 1418 corporibus
1883 1373 2140 1419 equorum
2186 1373 2324 1405 mor-

1303 1437 1537 1487 tuorum,
1589 1437 1642 1481 et
1699 1447 1824 1494 apes
1882 1436 1941 1481 de
2003 1435 2319 1494 corporibus

1302 1523 1606 1556 vaccarum.

1361 1587 1506 1639 Quod
1563 1588 1741 1634 autem
1818 1586 1995 1633 omnia
2072 1587 2325 1646 praedicta

1303 1664 1559 1721 generata
1605 1663 1873 1722 aequivoce
1923 1662 2028 1710 sint
2089 1663 2321 1722 ejusdem

1304 1739 1498 1798 speciei
1563 1753 1682 1785 cum
1750 1738 2020 1799 generatis
2078 1739 2317 1793 univoce,

1302 1815 1578 1874 probatur,
1618 1816 1738 1875 quia
1759 1815 1952 1864 habent
1981 1816 2319 1876 operationes

1302 1892 1511 1938 easdem
1550 1894 1600 1938 et
1637 1892 1780 1939 circa
1813 1893 1992 1939 eadem
2017 1893 2238 1950 objecta,
2269 1896 2320 1940 et

1302 1967 1366 2013 ab
1403 1968 1598 2014 eisdem
1638 1970 2025 2015 conservantur
2081 1971 2133 2016 et
2174 1969 2236 2014 ab
2269 1982 2319 2014 e-

1304 2044 2156 2104 isdemcorrumpuntur.Eosdem
2179 2044 2319 2090 enim

1301 2118 1495 2166 habent
1554 2122 1731 2166 motus
1785 2121 1894 2166 sive
1942 2123 2197 2179 quantum
2259 2120 2321 2166 ad

1304 2209 1535 2248 sursum,
1558 2196 1668 2242 sive
1691 2198 1946 2256 quantum
1969 2197 2030 2242 ad
2051 2196 2316 2248 deorsum,

1305 2273 1414 2320 sive
1455 2275 1709 2332 quantum
1747 2273 1808 2319 ad
1837 2276 2040 2320 motum
2073 2285 2320 2332 progres¬

1305 2350 1494 2403 sivum,
1542 2352 1592 2394 et
1645 2349 1824 2395 eadem
1887 2362 2090 2408 organa
2142 2351 2318 2396 motus

1306 2425 1653 2485 progressivi.
1684 2427 1762 2471 Ex
1789 2426 1995 2472 unitate
2016 2427 2194 2471 autem
2218 2438 2319 2471 mo¬

1305 2506 1390 2550 tus
1459 2502 1726 2549 concludit
1792 2502 2110 2549 Aristoteles
2161 2503 2183 2547 1
2194 2503 2203 2546 .
2267 2503 2319 2545 de

1307 2580 1420 2622 Coelo
1476 2587 1514 2621 et
1568 2579 1729 2622 Mundo
1780 2577 2037 2624 unitatem
2091 2579 2314 2630 naturae,

1302 2656 1352 2700 et
1393 2656 1797 2701 Commentator
1858 2653 2047 2700 ibidem
2121 2669 2226 2699 com.
2273 2656 2315 2700 8.

1303 2727 1478 2771 motus
1546 2737 1680 2770 unus
1753 2737 1858 2769 non
1915 2723 2162 2782 provenit
2213 2725 2317 2772 nisi

1302 2808 1363 2840 ex
1415 2794 1618 2841 unitate
1658 2796 1880 2847 naturae,
1934 2793 2127 2840 habent
2156 2794 2316 2841 etiam

1300 2863 1411 2910 haec
1489 2866 1540 2911 et
1606 2863 1697 2910 illa
1768 2863 2004 2910 membra
2083 2863 2316 2923 ejusdem

1302 2933 1511 2992 speciei,
1564 2936 1616 2980 et
1664 2936 1854 2977 membra
1899 2935 2034 2977 leonis
2094 2949 2182 2977 non
2221 2936 2315 2989 dif¬

1300 3006 1451 3059 ferunt
1505 3019 1532 3046 a
1589 3005 1791 3047 membris
1863 3006 1982 3046 cervi
2053 3005 2143 3046 nisi
2213 3007 2316 3061 quia

1299 3076 1450 3117 anima
1494 3075 1545 3116 ab
1585 3077 1757 3126 anima,
1800 3073 1975 3133 primo
2020 3074 2078 3120 de
2105 3074 2311 3120 Anima.

1299 3144 1364 3188 Et
1411 3143 1738 3201 generaliter
1784 3156 2123 3202 quaecumque
2147 3144 2314 3190 media

1302 3217 1523 3273 possunt
1552 3214 1866 3260 concludere
1912 3212 2171 3260 unitatem
2201 3202 2314 3272 spe-

1301 3281 1523 3334 cificam,
1556 3283 1666 3329 sive
1713 3286 1926 3342 sumpta
1969 3296 2034 3329 ex
2083 3282 2313 3328 acciden¬

1299 3352 1440 3398 tibus
1488 3351 1597 3398 sive
1651 3354 1863 3412 sumpta
1925 3366 1988 3398 ex
2048 3353 2309 3412 operibus,

1300 3421 1618 3470 concludunt
1656 3423 1990 3483 propositum
2035 3423 2093 3469 de
2134 3423 2312 3470 univo-

1300 3497 1508 3544 catione
1567 3502 1948 3557 generatorum
1994 3499 2086 3552 sic,
2133 3502 2186 3547 et
2237 3499 2312 3548 sic

1305 3578 1356 3623 in
1403 3573 1606 3624 unitate
1641 3575 1900 3636 specifica.
