2711 3950
436 297 763 345 Contradicit
807 298 966 346 etiam
1021 300 1117 346 sibi
1164 301 1226 357 (d)
1279 302 1384 346 Ma-

377 372 546 429 gister
613 376 737 420 suus
798 374 840 420 7.
883 374 1069 434 Metaph.
1129 375 1215 421 ubi
1269 376 1384 424 vult

377 448 509 506 quod
554 448 689 496 sicut
735 449 910 509 aliqua
944 452 1121 497 eadem
1149 452 1279 500 fiunt
1320 452 1383 498 ab

373 525 490 570 arte
529 526 581 572 et
643 536 672 570 a
729 538 870 578 casu,
932 528 1134 587 quando
1192 527 1383 588 princi¬

374 598 518 657 pium
551 601 630 646 est
685 600 858 647 simile
893 601 943 648 in
987 603 1230 659 materia,
1285 604 1378 658 illi,

372 673 505 732 quod
544 675 683 721 esset
722 676 1042 736 principium
1095 681 1271 726 motus
1309 680 1382 726 fa¬

371 748 565 795 ctionis
595 749 637 795 si
674 750 805 797 idem
836 751 984 799 fieret
1021 753 1083 799 ab
1124 755 1256 807 arte,
1306 754 1381 801 ita

370 825 483 872 vult
529 826 662 885 quod
697 829 929 887 qusedam
959 830 1227 877 naturalia
1247 830 1380 878 fiunt

372 913 402 947 a
441 904 636 949 natura
676 907 728 952 et
779 918 805 950 a
865 919 1008 960 casu,
1049 909 1101 954 et
1147 909 1379 967 quaedam

372 990 500 1029 non;
553 981 605 1025 et
643 978 829 1026 ibidem
860 982 1141 1036 Averroes,
1171 985 1222 1031 et
1256 984 1378 1032 inci¬

375 1054 451 1113 pit
473 1056 652 1102 textus
676 1058 685 1100 :
712 1058 829 1114 Ergo
848 1060 959 1102 sicut
997 1060 1157 1102 dictum
1184 1062 1377 1114 6§r,vult

373 1130 505 1189 quod
563 1129 654 1176 illa
702 1135 923 1191 possunt
974 1135 1221 1193 generari
1268 1138 1380 1185 sine

370 1205 568 1251 semine
611 1207 894 1266 ssquivoce,
926 1208 977 1255 in
1017 1224 1241 1270 quorum
1276 1226 1382 1260 ma¬

367 1280 507 1328 teria.
546 1283 722 1341 potest
767 1283 938 1331 induci
983 1286 1185 1335 virtute
1235 1291 1379 1337 coele¬

371 1358 439 1405 sti
494 1358 671 1419 aliqua
720 1360 894 1409 virtus
947 1363 1137 1412 similis
1186 1368 1379 1418 virtuti

373 1433 589 1480 seminis
625 1434 675 1480 in
706 1440 1036 1496 propagatis.
1090 1442 1243 1490 Patet
1288 1444 1380 1504 igi¬

370 1511 460 1555 tur
506 1510 878 1571 multipliciter
916 1516 1218 1575 oppositum
1261 1534 1380 1567 con¬

368 1584 622 1631 clusionis
663 1588 934 1641 Averrois,
973 1591 1016 1636 si
1056 1594 1380 1650 generaliter

372 1663 423 1707 et
478 1660 790 1710 virtualiter
842 1663 1193 1727 intelligatur,
1249 1671 1379 1719 rati¬

369 1749 494 1783 ones
531 1737 692 1786 etiam
735 1754 841 1787 suae
890 1755 995 1789 non
1044 1745 1376 1795 concludunt.

425 1814 499 1861 Ad
525 1815 755 1874 primam
789 1821 1079 1877 respondeo
1125 1822 1204 1878 (e),
1243 1826 1379 1883 quod

367 1889 595 1936 materia
340 1901 345 1936 82.
650 1893 930 1940 secundum
995 1895 1376 1958 Philosophum

361 1968 506 2022 primo
562 1969 659 2024 Phy
661 1971 738 2013 sic.
786 1978 826 2013 et
860 1973 907 2017 5.
962 1974 1148 2030 Metaph.
1185 1977 1282 2029 est,
1323 1993 1378 2021 ex

364 2055 389 2098 <l
392 2058 448 2085 ua
478 2048 500 2098 f
496 2050 531 2086 lt
553 2058 622 2087 res
647 2060 742 2088 cum
762 2055 868 2090 insit
873 2083 881 2099 ,
907 2050 1115 2095 additur
1136 2066 1230 2095 cum
1253 2062 1356 2096 insit
1362 2089 1371 2105 ,

361 2117 423 2163 ad
337 2118 343 2140 a
479 2117 831 2167 differentiam
874 2125 1121 2183 oppositi,
1169 2140 1232 2172 ex
1274 2142 1373 2187 quo

359 2193 725 2243 transmutato
776 2199 826 2243 et
866 2204 1123 2260 corrupto
1163 2201 1220 2249 fit
1268 2217 1370 2258 res,

359 2280 465 2314 non
528 2272 706 2318 autem
769 2273 905 2321 inest
969 2277 1046 2322 rei
1099 2277 1268 2326 factae.
1319 2280 1373 2328 Si

359 2356 488 2403 ergo
523 2346 717 2407 accipit
751 2350 885 2408 quod
924 2350 1100 2399 forma
1138 2354 1372 2414 ejusdem

358 2421 587 2468 rationis
627 2426 708 2471 est
744 2426 971 2473 materia
1010 2429 1242 2490 ejusdem
1291 2447 1372 2479 ra¬

355 2497 536 2554 tionis,
586 2501 803 2560 proprie
853 2502 1108 2564 loquendo
1155 2507 1214 2554 de
1266 2523 1370 2556 ma¬

356 2573 492 2620 teria
522 2588 635 2633 quae
662 2580 744 2624 est
783 2591 909 2637 pars
942 2581 1018 2627 rei
1059 2581 1366 2640 inexistens,

352 2651 606 2704 concedo;
650 2653 737 2699 sed
782 2653 827 2700 si
872 2656 1102 2716 accipiat
1138 2663 1369 2704 materiam

355 2738 452 2785 pro
512 2729 775 2787 opposito,
829 2744 893 2777 ex
953 2746 1053 2792 quo
1106 2739 1365 2796 corrupto

352 2807 648 2862 generatur
677 2808 996 2867 oppositum,
1033 2823 1184 2870 nego.
1221 2814 1366 2873 Ignis

352 2879 492 2926 enim
536 2881 772 2941 ejusdem
825 2886 1019 2944 speciei
1057 2892 1362 2946 generatur,

353 2955 462 3001 sive
489 2970 552 3002 ex
576 2959 727 3005 terra
754 2964 1013 3022 corrupta
1041 2963 1153 3009 sive
1179 2977 1242 3010 ex
1285 2978 1365 3011 ae¬

352 3045 408 3078 re
430 3035 715 3093 corrupto;
750 3036 801 3081 in
830 3039 1145 3098 propagatis
1186 3044 1363 3089 autem

351 3110 403 3155 et
446 3110 761 3168 putrefactis
812 3115 892 3159 est
940 3116 1167 3163 materia
1225 3118 1365 3177 ejus¬

347 3183 463 3230 dem
492 3184 719 3233 rationis
752 3188 926 3247 primo
955 3191 1123 3244 modo,
1149 3192 1234 3238 sed
1260 3206 1365 3238 non

353 3262 576 3308 secundo
601 3264 768 3310 modo.

407 3337 482 3383 Ad
527 3339 806 3386 secundam
828 3340 959 3394 dico,
1005 3340 1060 3401 (f)
1099 3343 1232 3402 quod
1259 3357 1363 3389 non

348 3411 545 3459 dicitur
572 3413 768 3471 aliquid
795 3416 911 3462 fieri
953 3430 1079 3463 raro
1107 3418 1190 3464 vel
1220 3423 1276 3467 ut
1310 3419 1362 3464 in

346 3492 603 3545 pluribus,
658 3504 780 3549 quia
827 3506 1001 3552 ipsum
1046 3507 1099 3540 in
1146 3508 1199 3540 86
1244 3509 1360 3542 con-

338 3562 511 3626 tingat
564 3565 872 3626 frequenter
928 3569 1009 3616 vel
1069 3582 1195 3616 raro
1221 3588 1230 3625 ;
1257 3571 1358 3618 fre¬

1460 301 1702 360 quentius
1748 302 1886 348 enim
1925 300 2061 360 lapis
2100 301 2287 348 cadens
2333 298 2468 346 fran¬

1459 378 1534 437 git
1583 380 1741 439 caput
1787 391 1943 438 quam
1982 379 2125 424 Luna
2150 377 2463 436 eclipsetur.

1459 455 1552 502 Sed
1587 455 1689 502 ista
1727 454 2025 502 differentia
2067 454 2214 501 debet
2241 452 2467 510 intelligi

1457 544 1551 590 per
1601 532 2056 591 comparationem
2090 529 2314 589 alicujus
2353 529 2469 576 effe¬

1456 609 1573 654 ctus
1613 608 1674 653 ad
1721 621 1869 653 suam
1921 619 2154 660 causam,
2192 610 2243 654 et
2276 605 2469 654 dicitur

1456 683 1545 730 ille
1600 683 1818 731 effectus
1873 683 2117 730 eveniens
2171 684 2222 730 in
2273 683 2468 744 majori

1456 762 1624 819 parte,
1658 758 1742 820 qui
1788 759 1944 806 habet
1978 771 2191 805 causam
2225 758 2466 805 determi¬

1454 833 1635 878 natam
1681 830 1742 876 ad
1798 843 1948 877 suum
2016 830 2276 881 eventum,
2351 841 2464 888 quse

1454 908 1512 954 ut
1540 907 1591 952 in
1621 905 1859 965 pluribus
1916 905 2159 965 producit
2199 903 2459 952 effectum.

1453 983 1599 1029 Raro
1633 981 1828 1029 dicitur
1859 982 2085 1033 evenire,
2113 980 2316 1040 quando
2354 992 2458 1024 non

1451 1058 1607 1106 habet
1656 1072 1872 1105 causam
1922 1069 2072 1104 suam
2144 1056 2457 1103 determina¬

1451 1136 1563 1182 tam
1608 1135 1668 1181 ad
1715 1149 1867 1181 suum
1910 1135 2172 1186 eventum,
2221 1132 2307 1179 sed
2346 1135 2453 1181 tan¬

1452 1214 1565 1258 tum
1628 1212 1873 1271 provenit
1934 1224 1998 1257 ex
2055 1210 2232 1268 aliqua
2300 1223 2461 1256 causa

1456 1289 1698 1335 ordinata
1743 1288 1802 1334 ad
1864 1287 2026 1334 alium
2068 1289 2328 1341 effectum,
2376 1288 2466 1336 im¬

1454 1365 1628 1424 pedita
1673 1366 1851 1411 tamen
1900 1365 1962 1411 ab
2008 1364 2098 1411 illo
2156 1362 2346 1412 effectu
2405 1366 2465 1412 ad

1455 1455 1608 1500 quem
1667 1441 1959 1493 ordinatur,
2013 1443 2190 1488 tamen
2259 1455 2322 1487 ex
2369 1442 2466 1490 tali

1455 1517 1796 1577 impeditione
1843 1517 2088 1577 provenit
2133 1517 2272 1565 istud
2316 1530 2461 1564 raro.

1454 1593 1731 1654 Accipitur
1763 1594 1923 1640 etiam
1956 1609 2061 1637 raro
2086 1592 2169 1640 vel
2190 1595 2247 1641 ut
2276 1593 2327 1639 in
2355 1594 2465 1654 plu¬

1454 1669 1616 1723 ribus,
1672 1672 1832 1730 prout
1879 1669 2135 1730 disjungit
2187 1670 2327 1717 inter
2377 1684 2461 1730 op¬

1454 1748 1630 1806 posita
1673 1746 2109 1800 contradictoria,
2150 1760 2254 1793 non
2304 1750 2463 1807 prout

1452 1823 1594 1870 inter
1619 1823 1892 1883 disparata
1918 1822 2189 1883 disjungit.

1510 1902 1638 1947 Cum
1680 1899 1846 1958 igitur
1885 1899 2150 1958 arguitur,
2201 1901 2268 1959 (g)
2313 1912 2460 1960 gene¬

1452 1973 1616 2020 rabile
1643 1973 1742 2020 hoc
1781 1974 1824 2021 si
1864 1977 2153 2033 generatur
2191 1974 2461 2033 ssquivoce

1448 2048 1531 2094 vel
1565 2061 1669 2094 non
1703 2062 1766 2093 ex
1812 2049 2028 2101 semine,
2067 2051 2155 2096 aut
2196 2048 2364 2107 igitur
2397 2064 2461 2096 ex

1448 2125 1781 2178 necessitate,
1809 2127 1901 2173 aut
1936 2126 1992 2172 ut
2034 2125 2086 2171 in
2108 2125 2347 2184 pluribus
2377 2127 2460 2172 vel

1449 2213 1576 2247 raro
1604 2215 1667 2247 ex
1694 2201 2026 2253 necessitate,
2057 2201 2299 2254 concedo,
2327 2203 2461 2261 quod

1447 2290 1567 2330 non,
1610 2279 1701 2324 aut
1728 2276 1781 2323 in
1804 2277 1998 2337 majori
2026 2280 2179 2337 parte
2205 2277 2287 2323 vel
2329 2291 2454 2324 raro

1442 2353 1692 2406 ■concedo,
1745 2354 1879 2413 quod
1947 2354 2000 2398 in
2058 2354 2252 2413 majori
2305 2357 2456 2412 parte

1446 2429 1802 2490 comparando
1849 2431 1911 2476 ad
1945 2442 2160 2477 causam
2211 2431 2456 2478 determi¬

1445 2507 1644 2555 natam,
1700 2506 1752 2551 et
1804 2504 1965 2551 etiam
2024 2507 2081 2552 ut
2137 2507 2218 2551 est
2259 2505 2455 2566 disjun¬

1444 2581 1550 2627 ctio
1590 2579 1731 2625 inter
1764 2579 2201 2633 contradictoria,
2248 2594 2455 2641 compa¬

1444 2659 1608 2704 rando
1655 2655 1858 2704 scilicet
1915 2656 2165 2705 effectum
2226 2658 2455 2716 sequivo-

1442 2747 1561 2780 cum
1613 2733 1674 2779 ad
1725 2745 1942 2779 causam
1986 2733 2313 2793 sequivocam
2361 2733 2454 2779 sub

1441 2807 1792 2869 disjunctione
1826 2808 1887 2854 ad
1923 2808 2358 2862 contradictoria,
2395 2809 2452 2855 li¬

1442 2888 1524 2932 cet
1569 2883 1748 2930 rarius
1777 2884 1987 2932 eveniat
2025 2884 2140 2937 hoc,
2184 2885 2318 2943 quod
2370 2897 2451 2943 ge¬

1438 2964 1659 3008 neretur
1680 2973 1782 3006 non
1810 2974 1874 3006 ex
1902 2961 2100 3008 semine
2123 2975 2280 3021 quam
2316 2961 2448 3022 quod

1440 3040 1727 3097 generetur
1764 3051 1828 3084 ex
1868 3051 1978 3083 sem
1987 3037 1994 3064 :
2004 3051 2081 3090 ne,
2118 3041 2176 3085 ut
2209 3037 2449 3088 videlicet

1440 3116 1825 3174 comparantur
1876 3114 1938 3160 ad
1977 3113 2201 3161 invicem
2241 3116 2339 3162 duo
2380 3117 2449 3164 di¬

1439 3194 1676 3251 sparata.

1497 3267 1640 3319 Quod
1667 3268 1843 3313 autem
1871 3266 2045 3325 primo
2069 3268 2219 3314 modo
2242 3269 2449 3316 eveniat

1437 3347 1493 3393 ut
1532 3345 1584 3391 in
1621 3343 1858 3405 pluribus
1886 3343 2161 3403 probatur,
2192 3345 2266 3392 ita
2305 3347 2444 3393 enim

1435 3434 1530 3480 per
1566 3435 1620 3468 se
1659 3423 1739 3467 est
1785 3420 1874 3468 Sol
1909 3432 2070 3466 causa
2113 3420 2357 3469 ordinata
2385 3422 2446 3468 ad

1435 3497 1788 3555 generandum
1822 3509 1927 3541 non
1957 3509 2020 3542 ex
2050 3496 2263 3548 semine,
2307 3497 2445 3545 sicut

1432 3584 1736 3634 propagans
1770 3573 1848 3618 est
1889 3584 2049 3619 causa
2096 3573 2338 3621 ordinata
2377 3574 2440 3621 ad
