2711 3950
382 291 558 349 aliquo
602 288 650 334 in
689 287 867 334 eadem
908 288 1130 336 natura;
1160 295 1289 341 ergo
1319 279 1392 327 vi¬

379 368 532 413 detur
571 364 703 423 quod
726 366 919 410 natura
950 362 1039 407 illa
1066 374 1168 407 non
1202 360 1389 405 habeat

381 439 922 488 communicationem
964 437 1066 484 nisi
1111 437 1265 482 unius
1313 447 1390 482 ra¬

382 510 563 558 tionis.

442 585 767 645 Respondeo,
792 584 843 642 (1)
864 586 1059 630 natura
1086 585 1268 630 creata
1289 595 1394 629 non

384 665 560 723 potest
584 662 970 710 communicari
1010 662 1112 709 nisi
1157 674 1395 708 commu-

384 737 651 786 ^^oatione
692 737 846 783 unius
884 736 1108 783 rationis
1148 749 1177 782 a
1207 749 1393 796 suppo-

386 815 490 862 sito
538 814 681 860 illius
738 816 960 865 naturae,
1011 815 1062 860 et
1110 813 1248 860 ratio
1293 814 1389 863 est,

386 891 509 950 quia
543 889 764 936 effectus
785 902 889 935 non
911 888 1112 934 excedit
1145 901 1391 939 causam;

387 965 609 1014 effectus
367 983 369 1006 mo-
630 968 807 1014 autem
846 964 1270 1012 communicatus
1301 963 1394 1012 tali

367 1055 375 1089 communicat
393 1043 667 1103 supposito
707 1046 786 1090 est
813 1044 1021 1093 natura,
1075 1054 1202 1100 ergo
1244 1053 1396 1101 opor-

393 1122 468 1167 tet
508 1120 638 1179 quod
668 1129 986 1177 principium
1009 1129 1396 1163 communican-

367 1195 438 1242 'di
458 1196 528 1242 sit
556 1197 764 1241 natura,
797 1193 918 1252 quia
944 1192 1073 1239 nihil
1111 1193 1394 1252 perfectius

385 1273 501 1333 ipsa
539 1273 733 1318 natura
763 1273 842 1318 est
884 1272 934 1317 in
980 1270 1075 1317 tali
1117 1270 1393 1330 supposito

383 1346 826 1398 communicante,
875 1360 968 1392 nec
1002 1345 1198 1405 aliquid
1248 1359 1393 1406 seque

382 1422 676 1485 perfectum
714 1427 949 1476 naturse;
976 1425 1168 1469 natura
1215 1425 1392 1469 autem

378 1506 458 1550 est
515 1499 837 1562 principium
885 1498 1391 1547 communicativum

380 1578 537 1624 unius
622 1576 865 1630 rationis,
924 1587 1053 1633 ergo
1115 1575 1391 1634 supposito

379 1650 556 1712 agenti
609 1651 810 1698 virtute
866 1652 1073 1697 naturse
1135 1649 1391 1709 competit

378 1728 792 1776 communicatio
833 1729 1041 1775 tantum
1104 1726 1259 1773 unius
1311 1739 1390 1773 ra¬

377 1804 560 1853 tionis.

440 1885 754 1946 Oppositum
817 1887 918 1931 est.
960 1883 1012 1928 in
1094 1884 1388 1943 proposito,

378 1963 500 2022 quia
590 1961 925 2022 suppositum
1011 1960 1167 2008 istius
1238 1964 1391 2008 natu¬

377 2053 449 2086 rse
518 2041 694 2099 potest
758 2037 951 2084 habere
1014 2037 1276 2097 principia
1319 2037 1389 2083 al¬

372 2115 543 2162 terius
618 2113 843 2160 rationis
918 2114 970 2160 in
1038 2113 1385 2173 producendo,

378 2204 605 2250 quorum
654 2193 938 2249 utrumque
979 2189 1046 2235 sit
1092 2203 1239 2248 seque
1278 2203 1392 2249 per¬

377 2267 580 2315 fectum
634 2280 751 2313 cum
801 2269 1012 2319 natura,
1061 2268 1113 2313 et
1171 2265 1283 2312 ideo
1343 2279 1393 2311 u-

376 2347 622 2401 trumque
679 2342 854 2402 potest
911 2355 1026 2388 esse
1072 2341 1392 2401 principium

377 2418 801 2468 communicandi
834 2421 1101 2470 naturam,
1139 2419 1188 2464 et
1212 2417 1285 2465 ita
1308 2417 1392 2464 hic

381 2497 554 2555 potest
597 2507 713 2540 esse
750 2493 939 2553 duplex
981 2492 1392 2540 communicatio

379 2571 444 2616 ab
489 2570 595 2617 illis
625 2569 1058 2629 suppositis,quse
1085 2571 1206 2616 sunt
1233 2569 1393 2630 hujus

380 2651 603 2695 naturse.

442 2723 494 2772 Si
540 2723 770 2770 instetur
796 2723 898 2776 hic,
932 2722 1065 2782 quod
1103 2723 1292 2783 duplex
1313 2723 1392 2769 est

384 2799 703 2860 principium
745 2798 991 2859 operandi
1028 2798 1081 2843 in
1108 2799 1274 2852 nobis,
1300 2799 1394 2847 sci¬

385 2877 509 2924 licet
544 2875 844 2923 intellectus
872 2877 923 2922 et
950 2875 1214 2929 voluntas,
1247 2889 1393 2934 seque

386 2953 678 3013 perfectum
702 2952 802 3011 ipsi
831 2954 1054 3003 naturse,
1087 2951 1209 3011 quia
1259 2952 1393 2998 idem

386 3028 574 3075 formse
621 3027 904 3074 secundum
974 3039 1134 3072 unam
1198 3027 1396 3087 opinio¬

384 3118 505 3150 nem
533 3104 591 3150 de
633 3103 884 3164 potentiis
926 3103 1132 3150 animse.

442 3175 768 3234 Respondeo,
823 3173 1053 3221 ulterior
1109 3175 1196 3232 (m)
1254 3173 1394 3220 ratio

385 3251 517 3312 ejus,
555 3251 688 3311 quod
733 3249 1051 3310 supponitur
1094 3249 1180 3297 hic
1219 3250 1278 3296 de
1311 3251 1393 3296 du¬

384 3327 509 3388 plici
550 3325 812 3387 principio
847 3326 1270 3373 communicandi
1304 3339 1384 3372 na¬

382 3407 563 3452 turam
615 3403 669 3449 in
728 3402 936 3455 divinis,
976 3415 1082 3448 non
1126 3405 1304 3449 autem
1343 3402 1395 3448 in

383 3477 664 3531 creaturis,
724 3481 775 3526 et
832 3479 1007 3538 potest
1074 3490 1190 3523 esse
1234 3477 1392 3524 talis:

384 3556 527 3604 Licet
571 3555 621 3601 in
667 3555 817 3603 nobis
865 3556 934 3604 sit
972 3554 1160 3614 duplex
1203 3554 1394 3615 princi¬

1470 280 1612 339 pium
1689 277 2039 339 operativum,
2113 276 2360 322 voluntas
2422 276 2474 322 et

1469 354 1785 406 intellectus,
1827 356 1878 400 et
1917 352 2069 398 ambo
2101 352 2206 398 sint
2241 351 2475 410 perfecta

1465 433 1517 478 et
1565 431 1769 491 possint
1815 429 2008 475 habere
2054 427 2319 488 perfectas
2363 440 2477 486 ope¬

1467 506 1703 554 rationes
1751 505 1848 552 sibi
1895 505 2198 563 adsequatas
2248 502 2300 548 in
2352 502 2478 549 rati¬

1470 595 1565 628 one
1589 580 1935 642 operationis,
1953 593 2057 626 non
2084 582 2261 626 tamen
2289 577 2478 625 habent

1470 659 1806 718 operationes
1829 657 2129 716 adsequatas
2153 655 2251 701 sibi
2290 655 2476 707 inesse,

1467 733 1564 782 hoc
1631 740 1738 791 est,
1804 737 1929 784 licet
1998 748 2092 795 per
2151 734 2476 781 intellectum

1467 815 1710 859 nostrum
1757 824 2038 873 possumus
2087 809 2280 857 habere
2330 809 2477 858 intel¬

1468 888 1748 935 lectionem
1818 887 1893 934 ita
1956 886 2269 946 perfectam,
2339 885 2473 933 sicut

1469 964 1648 1025 aliqua
1676 967 1848 1025 potest
1881 966 2086 1010 naturse
2114 964 2311 1011 nostrse
2339 977 2476 1009 com¬

1470 1044 1665 1100 petere,
1700 1053 1804 1087 non
1835 1043 2012 1087 tamen
2053 1038 2341 1087 intellectio
2371 1038 2476 1084 ista

1469 1118 1573 1165 erit
1597 1118 1887 1177 perfectum
1910 1129 2001 1163 ens
2030 1119 2086 1164 ut
2113 1118 2324 1170 natura,
2355 1115 2476 1174 quia

1469 1193 1758 1241 intellectio
1827 1193 2100 1251 adaequata
2166 1190 2474 1243 intellectui,

1469 1273 1526 1318 ut
1561 1271 1809 1330 potentiae
1832 1269 1912 1315 vel
1944 1268 2147 1329 objecto
2185 1267 2234 1313 in
2273 1266 2479 1314 ratione

1470 1347 1813 1408 operationis,
1839 1361 1944 1394 non
1989 1350 2069 1394 est
2110 1345 2381 1404 adaequata
2407 1348 2479 1394 in¬

1467 1423 1705 1472 tellectui
1740 1423 1823 1469 vel
1860 1423 2065 1480 objecto
2112 1423 2163 1468 in
2210 1436 2340 1470 esse.
2397 1426 2478 1470 In¬

1467 1500 1710 1548 tellectus
1779 1498 1945 1558 igitur
2005 1500 2056 1545 et
2123 1499 2370 1546 voluntas
2425 1501 2476 1547 in

1467 1578 1731 1628 creatura,
1775 1573 1876 1622 etsi
1916 1574 2022 1621 sint
2062 1574 2322 1634 principia
2356 1589 2475 1634 pro¬

1466 1650 1680 1698 ducendi
1712 1649 2050 1710 operationes
2078 1650 2379 1708 adsequatas
2409 1652 2473 1698 si¬

1464 1727 1515 1774 bi
1572 1726 1624 1772 in
1686 1726 1895 1774 ratione
1952 1725 2306 1782 operationis,
2369 1740 2474 1774 ncn

1469 1806 1644 1852 tamen
1674 1803 1726 1849 in
1753 1815 1883 1854 esse,
1933 1804 1984 1848 et
2018 1815 2112 1861 per
2150 1816 2474 1862 consequens

1468 1880 1632 1926 multo
1688 1877 1859 1936 magis
1919 1889 2012 1924 nec
2065 1877 2286 1924 realiter
2348 1879 2477 1927 adse¬

1468 1958 1656 2014 quatas
1704 1956 1928 2006 naturse,
1977 1954 2125 2014 cujus
2168 1957 2289 2002 sunt
2329 1954 2479 2002 intel¬

1465 2032 1635 2079 lectus
1673 2032 1723 2078 et
1750 2031 2017 2078 voluntas.
2051 2032 2131 2078 Ita
2174 2033 2349 2091 potest
2398 2045 2477 2078 ar¬

1468 2107 1556 2166 gui
1612 2108 1671 2154 de
1723 2107 2135 2167 quibuscumque
2198 2107 2475 2168 principiis

1468 2183 1792 2243 productivis
1837 2182 1888 2227 in
1940 2182 2222 2235 creaturis,
2249 2196 2475 2241 quorum

1466 2258 1736 2306 distinctio
1765 2259 1871 2304 stat
1907 2257 1959 2303 in
1989 2258 2168 2304 eodem
2197 2259 2472 2317 supposito

1467 2333 1694 2395 alieujus
1721 2335 1944 2380 naturse.
1983 2335 2039 2379 In
2079 2333 2268 2380 divinis
2295 2337 2473 2382 autem

1468 2410 1589 2470 quia
1628 2409 1948 2470 principium
1996 2410 2328 2469 operativum
2370 2425 2475 2458 non

1467 2488 1676 2534 tantum
1703 2487 1947 2545 sequatur
1966 2488 2172 2532 naturse
2195 2485 2247 2531 in
2270 2487 2477 2533 ratione

1468 2562 1719 2623 principii
1766 2561 2044 2622 operativi,
2086 2564 2172 2609 sed
2222 2562 2385 2610 etiam
2425 2563 2477 2610 in

1469 2640 1703 2694 essendo,
1742 2639 1982 2698 operatio
2030 2639 2191 2685 etiam
2236 2642 2479 2698 sequatur

1470 2716 1732 2777 principio
1792 2715 2086 2776 operativo,
2151 2717 2202 2763 et
2265 2715 2364 2762 hoc
2426 2716 2479 2762 in

1469 2794 1706 2846 essendo,
1742 2793 1792 2839 et
1816 2805 1910 2852 per
1943 2805 2266 2849 consequens
2309 2805 2478 2850 sequa¬

1469 2874 1558 2919 tur
1603 2873 1825 2918 naturse.
1864 2868 2126 2917 Similiter
2163 2880 2309 2926 ergo,
2355 2868 2477 2926 quia

1471 2945 1791 3008 principium
1828 2944 2198 3004 productivum
2232 2945 2476 3002 sequatur

1469 3026 1677 3071 naturse
1704 3023 1756 3068 in
1793 3022 2026 3073 essendo,
2062 3024 2113 3067 et
2141 3020 2254 3066 ideo
2283 3033 2378 3079 per
2404 3019 2475 3080 ip¬

1471 3114 1586 3146 sum
1603 3101 1778 3159 potest
1806 3095 2191 3145 communicari
2213 3096 2473 3143 terminus

1469 3176 1712 3223 formalis
1761 3174 2124 3236 productionis
2170 3173 2472 3232 adsequatus

1471 3252 1568 3299 sibi
1593 3256 1644 3300 et
1670 3255 1878 3300 naturse
1908 3250 1960 3296 in
1991 3250 2226 3296 essendo.

1756 3371 2170 3413 COMMENTARIUS.

1521 3484 1576 3537 (a)
1596 3485 1658 3524 Ad
1686 3485 1870 3534 primum
1902 3485 2197 3532 argumentum
2224 3479 2476 3530 principale.

1468 3562 1708 3612 Antequam
1739 3561 1896 3599 Doctor
1915 3559 2053 3599 solvat
2074 3559 2326 3611 argumenta
2347 3558 2474 3597 Aver-
