2653 3950
283 330 394 386 ignis
429 338 663 386 generatur
692 346 744 376 ex
782 347 880 376 aere
915 338 1131 385 corrupto,
1163 339 1204 375 et
1231 337 1286 374 si¬

283 414 442 453 militer
471 425 523 454 ex
556 419 665 454 terra
701 417 914 464 corrupta,
947 418 1028 454 etc.

337 491 382 528 In
418 492 496 530 ista
536 491 675 531 littera
712 491 897 530 occurrit
924 500 1009 529 una
1038 500 1169 539 parva
1208 488 1287 529 dif-

282 563 378 604 ficui
387 568 462 604 tas.
511 565 688 606 Videtur
718 565 831 605 enim
872 565 950 605 sibi
988 566 1146 604 Doctor
1183 575 1289 604 con-

283 639 508 690 tradicere,
551 641 648 691 quia
680 641 723 681 in
750 641 788 680 2.
816 641 911 680 disl.
950 641 1009 681 14.
1051 640 1140 680 vult
1169 639 1288 691 quod

283 724 433 754 omnes
478 715 669 754 materiae
708 716 792 755 sint
847 715 1045 766 ejusdem
1095 714 1283 761 rationis,

279 787 496 840 loquendo
537 790 591 830 de
637 790 824 830 materiis
872 800 968 840 quae
1016 790 1162 829 insunt
1207 791 1282 828 rei.

278 864 384 903 Nam
429 864 530 905 dicit
578 866 636 906 ibi
688 871 833 906 contra
882 875 1155 906 communem
1192 866 1286 915 opi¬

277 939 449 979 nionem
493 941 609 992 quod
645 943 681 982 si
716 942 758 982 in
801 942 910 981 coelo
945 945 1059 981 esset
1089 943 1283 988 materia,

278 1019 393 1054 esset
435 1016 681 1067 simpliciter
726 1017 924 1069 ejusdem
966 1017 1143 1056 rationis
1188 1026 1281 1056 cum

276 1093 456 1132 materia
506 1093 688 1133 istorum
744 1092 995 1134 inferiorum
1018 1107 1027 1142 ;
1086 1092 1120 1132 si
1177 1103 1280 1143 ergo

274 1177 425 1206 omnes
476 1169 661 1209 materiae
708 1173 808 1209 sunt
859 1169 1059 1220 ejusdem
1096 1169 1283 1217 rationis,

275 1253 379 1294 ergo
427 1245 469 1283 et
507 1244 654 1285 formae
679 1249 863 1296 receptae
891 1256 969 1297 per
1000 1245 1159 1285 dictum
1195 1246 1281 1284 Do-

279 1309 417 1348 ctoris.

328 1385 563 1435 kesponsio
254 1384 257 1427 dicto-
595 1388 660 1425 est
691 1384 841 1435 facilis,
879 1388 977 1436 quia
1007 1386 1065 1427 ibi
1094 1386 1282 1437 loquitur

276 1458 331 1499 de
386 1463 562 1502 materia
618 1463 754 1513 prima
807 1462 1026 1502 denudata
1070 1462 1122 1502 ab
1165 1461 1282 1501 omni

274 1533 422 1585 forma,
462 1541 505 1578 et
535 1542 595 1579 sic
623 1544 723 1579 sunt
760 1539 955 1590 ejusdem
983 1540 1178 1587 rationis;
1211 1538 1281 1577 hic

270 1623 369 1653 vero
416 1613 606 1665 loquitur
643 1615 696 1655 de
735 1616 914 1655 materia
950 1615 1141 1655 secunda
1179 1624 1277 1665 quae

267 1690 331 1726 est
350 1686 394 1726 in
413 1688 559 1729 ultima
596 1690 874 1740 dispositione
898 1690 952 1730 ad
983 1689 1279 1739 recipiendam

264 1761 447 1802 formam
488 1764 749 1816 specificam,
790 1767 898 1806 sicut
937 1766 1114 1806 dicimus
1163 1764 1280 1816 quod

262 1842 443 1880 materia
464 1844 682 1894 receptiva
715 1843 866 1882 animae
905 1842 1176 1882 intellectivae
1213 1842 1279 1880 est

265 1926 420 1968 corpus
449 1921 702 1970 organicum
731 1920 984 1966 humanum,
1022 1921 1064 1957 et
1097 1917 1278 1957 materia

258 1995 477 2044 receptiva
515 1994 662 2035 formae
709 1995 816 2035 asini
860 1995 938 2035 erit
990 1995 1072 2034 tale
1120 2004 1274 2043 corpus

263 2072 537 2120 organicum;
582 2074 622 2110 et
671 2071 770 2122 quia
807 2070 1053 2121 hujusmodi
1089 2067 1275 2108 materiae

260 2150 363 2185 sunt
415 2147 591 2187 alterius
653 2147 853 2194 rationis,
908 2147 1105 2197 sequitur
1157 2144 1276 2196 quod

263 2218 402 2261 forma
448 2222 631 2262 hominis
669 2225 707 2262 et
747 2221 885 2262 forma
931 2222 1038 2262 asini
1075 2225 1176 2261 sunt
1217 2221 1274 2259 al¬

265 2298 396 2336 terius
437 2298 636 2344 rationis;
691 2301 734 2337 et
771 2298 870 2348 quia
914 2298 1056 2337 omnia
1095 2308 1274 2348 corpora

261 2371 449 2412 humana
482 2377 583 2412 sunt
621 2373 821 2424 ejusdem
857 2374 1047 2420 rationis,
1080 2380 1276 2424 sequitur

264 2449 380 2499 quod
430 2460 582 2489 omnes
643 2449 794 2488 animae
842 2450 1119 2489 intellectivae
1174 2453 1274 2489 sunt

261 2523 452 2574 ejusdem
492 2526 681 2564 rationis.
712 2525 797 2564 Sed
834 2528 932 2563 tunc
971 2529 1121 2574 postea
1160 2527 1275 2564 esset

258 2600 337 2639 alia
384 2598 624 2649 difficultas,
664 2601 917 2640 sustinendo
958 2602 1074 2651 quod
1115 2603 1271 2640 coelum

256 2675 313 2715 sit
346 2678 581 2716 animatum
633 2677 774 2716 anima
820 2677 1094 2724 intellectiva,
1144 2678 1269 2728 cujus

253 2753 497 2802 oppositum
544 2762 630 2791 non
675 2753 828 2802 probat
863 2754 1032 2800 Doctor,
1069 2753 1153 2792 imo
1194 2753 1270 2793 du¬

258 2827 431 2867 bitative
462 2827 517 2867 de
548 2828 628 2867 hoc
657 2829 859 2878 loquitur,
908 2834 953 2867 ut
988 2829 1105 2877 patet
1139 2830 1184 2868 in
1222 2830 1263 2868 2.

256 2902 347 2942 dist.
376 2902 437 2951 14.
474 2907 615 2952 quaest.
649 2902 683 2941 1.
715 2904 755 2942 Si
787 2904 866 2941 ista
900 2906 965 2942 est
1000 2913 1115 2950 vera,
1150 2902 1268 2953 quod

258 2979 447 3019 materiae
507 2978 681 3017 alterius
734 2979 906 3018 rationis
962 2982 1128 3018 tantum
1185 2981 1271 3019 sint

259 3057 486 3107 receptivae
546 3056 776 3095 formarum
832 3055 1006 3095 alterius
1074 3055 1264 3103 rationis,

259 3141 356 3171 cum
389 3144 542 3183 corpus
576 3133 750 3171 coeleste
774 3134 815 3170 et
845 3141 1000 3181 corpus
1032 3131 1269 3170 humanum

254 3207 339 3247 sint
369 3209 543 3248 alterius
570 3208 760 3255 rationis,
792 3212 837 3246 ut
863 3211 1007 3256 patet;
1043 3219 1146 3260 ergo
1178 3207 1268 3247 ani¬

254 3295 322 3324 ma
342 3285 600 3325 intellectiva
630 3283 866 3325 informans
898 3295 1052 3334 corpus
1088 3287 1266 3325 coeleste

257 3365 299 3400 et
344 3363 484 3401 anima
536 3360 771 3402 informans
828 3371 984 3411 corpus
1029 3362 1262 3402 humanum

250 3441 377 3478 erunt
405 3439 578 3478 alterius
611 3438 802 3485 rationis,
835 3437 914 3477 sed
945 3438 998 3477 de
1031 3438 1112 3479 hoc
1142 3441 1262 3488 alias,

257 3516 356 3567 quia
393 3526 480 3555 non
518 3518 584 3556 est
610 3517 832 3565 praesentis
861 3516 1182 3565 speculationis.

281 3580 375 3632 'His
405 3592 630 3633 declaratis
660 3596 845 3643 negatur
878 3591 958 3632 ista
991 3595 1227 3644 propositio
1251 3628 1260 3635 .

1362 337 1550 376 Materiae
1583 339 1767 387 ejusdem
1799 341 1977 380 rationis
2010 343 2101 380 sunt
2130 342 2291 380 tantum
2321 341 2372 380 ab

1365 416 1510 460 agente
1567 415 1757 463 ejusdem
1805 417 1997 464 rationis,
2057 417 2157 467 quia
2216 426 2373 466 corpus

1362 488 1488 527 unius
1508 489 1641 529 muris
1660 493 1805 541 potest
1833 503 1930 532 esse
1968 492 2021 532 ab
2051 495 2211 543 agente
2243 491 2373 542 aequi-

1361 572 1468 601 voco
1506 573 1586 612 per
1621 564 1994 615 putrefactionem,
2034 570 2076 606 et
2120 576 2273 617 corpus
2312 566 2372 605 al¬

1363 638 1494 676 terius
1530 639 1660 678 muris
1689 646 1831 690 potest
1861 653 1956 682 esse
1995 644 2046 683 ab
2087 646 2246 693 agente
2275 642 2373 682 uni¬

1360 722 1466 752 voco
1487 724 1569 763 per
1597 718 1970 768 propagationem,
2001 720 2044 758 et
2072 718 2133 757 sic
2160 729 2239 769 per
2257 718 2374 758 illam

1358 789 1698 837 propositionem
1726 794 1942 840 Averrois,
1976 793 2153 840 scilicet,
2189 793 2373 833 materiae

1360 864 1535 903 alterius
1567 866 1739 906 rationis
1771 872 1872 908 sunt
1919 869 1971 908 ab
1999 870 2227 921 agentibus
2269 869 2372 910 alte¬

1357 940 1443 979 rius
1473 942 1673 992 rationis;
1726 954 1829 996 ergo
1872 948 1914 984 et
1944 947 2137 986 materiae
2171 945 2369 998 ejusdem

1356 1016 1533 1056 rationis
1578 1023 1677 1059 sunt
1715 1021 1766 1060 ab
1798 1022 2031 1072 agentibus
2068 1021 2262 1073 ejusdem
2302 1033 2372 1061 ra¬

1359 1093 1499 1140 tionis,
1529 1104 1615 1134 non
1637 1098 1836 1147 sequitur
1862 1101 1909 1136 ut
1948 1101 2066 1150 patet
2104 1109 2182 1148 per
2220 1109 2372 1138 exem¬

1356 1168 1475 1219 plum
1497 1168 1551 1209 de
1571 1182 1710 1211 mure.

1408 1242 1456 1296 (f)
1486 1245 1734 1286 Secundum
1756 1252 2059 1300 argumentum
2081 1250 2276 1291 Averrois
2306 1253 2372 1290 est

1354 1320 1412 1360 ibi
1444 1325 1456 1362 :
1492 1325 1685 1364 Secundo
1716 1327 1917 1376 arguitur
1945 1337 2000 1366 ex
2034 1329 2222 1377 opposito
2266 1328 2370 1377 infe¬

1354 1399 1483 1437 rendo
1523 1401 1634 1449 quod
1681 1402 1828 1441 eadem
1872 1404 2030 1452 species
2075 1407 2171 1444 tunc
2217 1407 2317 1443 esset
2346 1416 2371 1443 a

1354 1477 1512 1512 natura
1551 1479 1588 1514 et
1631 1487 1656 1514 a
1694 1487 1807 1516 casu.
1854 1477 1919 1516 Ad
1972 1477 2090 1530 quod
2134 1478 2372 1530 respondet

1354 1547 1513 1587 Doctor
1550 1549 1609 1589 ibi
1649 1555 1658 1589 :
1691 1552 1753 1591 Ad
1780 1553 2008 1592 secundum
2056 1554 2163 1594 dico.
2204 1555 2253 1594 Et
2298 1564 2367 1593 re¬

1352 1624 1526 1673 sponsio
1564 1629 1645 1665 stat
1685 1626 1728 1666 in
1777 1628 1874 1676 hoc,
1915 1629 2032 1679 quod
2078 1639 2166 1670 non
2213 1629 2371 1670 dicitur

1354 1699 1515 1750 aliquid
1543 1700 1635 1741 fieri
1664 1714 1687 1741 a
1722 1715 1824 1744 casu
1856 1716 1909 1744 ex
1940 1705 2021 1745 hoc
2043 1705 2159 1756 quod
2191 1705 2237 1745 fit
2258 1717 2370 1754 raro,

1354 1778 1397 1815 et
1418 1786 1504 1815 non
1532 1776 1624 1817 fieri
1657 1789 1681 1817 a
1712 1790 1814 1819 casu
1847 1791 1900 1819 ex
1930 1779 2009 1821 hoc
2044 1781 2161 1832 quod
2194 1781 2239 1821 fit
2259 1785 2307 1821 ut
2326 1781 2370 1822 in

1351 1852 1562 1902 pluribus.
1611 1856 1670 1894 Ex
1720 1855 1802 1896 hoc
1851 1857 1965 1896 enim
2014 1857 2168 1898 dicitur
2206 1858 2368 1909 aliquid

1350 1926 1444 1967 fieri
1488 1940 1511 1968 a
1556 1941 1674 1979 casu,
1729 1932 1827 1982 quia
1878 1942 1965 1972 non
2010 1934 2142 1973 habet
2193 1945 2367 1974 causam

1354 2003 1698 2051 determinatam,
1739 2007 1818 2047 sed
1865 2007 1909 2047 fit
1947 2013 2100 2058 praeter
2149 2011 2365 2051 intentum

1352 2090 1513 2127 causae,
1536 2084 1596 2120 sic
1624 2082 1908 2135 intelligendo
1945 2085 2062 2135 quod
2082 2086 2186 2126 illud
2215 2087 2371 2127 dicitur

1349 2153 1442 2196 fieri
1481 2167 1505 2194 a
1546 2167 1649 2196 casu
1690 2160 1739 2196 ut
1777 2164 2048 2209 comparatur
2086 2160 2142 2200 ad
2179 2162 2367 2212 aliquam

1353 2241 1526 2270 causam
1578 2232 1880 2273 intendentem
1924 2236 2107 2286 aliquem
2162 2237 2365 2277 effectum

1350 2317 1372 2345 a
1395 2317 1478 2357 quo
1500 2307 1747 2358 impeditur.
1769 2311 2038 2360 Exemplum,
2074 2312 2227 2364 aliquis
2257 2312 2365 2354 fodit

1352 2385 1503 2421 terram
1547 2386 1596 2422 ut
1634 2384 1827 2424 inveniat
1871 2387 2132 2437 thesaurum,
2174 2389 2363 2429 inventio

1351 2457 1538 2498 thesauri
1572 2463 1636 2498 est
1668 2459 1849 2500 effectus
1891 2462 2096 2510 intentus,
2124 2468 2167 2503 et
2192 2463 2358 2505 fodien¬

1350 2533 1405 2572 do
1436 2534 1598 2575 invenit
1635 2546 1806 2586 aquam,
1845 2542 1886 2577 et
1905 2540 2093 2580 inventio
2121 2551 2242 2592 aquae
2273 2553 2359 2583 non

1348 2614 1414 2650 est
1472 2612 1654 2652 effectus
1704 2614 1893 2655 intentus
1939 2628 1962 2657 a
2009 2617 2220 2666 fodiente,
2257 2619 2357 2659 ideo

1349 2686 1528 2727 dicimus
1569 2689 1686 2739 quod
1725 2691 1914 2732 inventio
1946 2704 2068 2746 aquae
2098 2694 2144 2733 fit
2178 2707 2200 2734 a
2239 2707 2357 2744 casu,

1346 2765 1446 2813 quia
1503 2773 1589 2804 non
1643 2765 1774 2806 habet
1833 2769 1972 2817 ipsum
2022 2768 2259 2810 fodientem
2318 2778 2363 2811 ut

1347 2849 1520 2878 causam
1566 2840 1909 2891 determinatam,
1943 2844 1987 2885 id
2020 2849 2100 2893 est,
2131 2846 2359 2886 intenden¬

1346 2916 1434 2952 tem
1482 2915 1610 2954 talem
1649 2915 1879 2968 elfectum;
1920 2923 1967 2959 ut
2012 2931 2114 2960 vero
2165 2920 2359 2961 inventio

1344 3001 1470 3041 aquae
1501 3000 1771 3043 comparatur
1811 2995 1866 3034 ad
1903 2996 2025 3036 aliam
2067 3008 2252 3046 causam,
2287 3009 2360 3048 po¬

1348 3070 1429 3106 test
1467 3078 1563 3108 esse
1611 3068 1792 3110 effectus
1841 3071 2031 3112 intentus
2079 3074 2132 3113 ab
2170 3074 2240 3113 illa
2278 3075 2358 3114 alia

1344 3154 1485 3191 causa,
1527 3148 1568 3184 et
1600 3146 1660 3184 sic
1699 3150 1902 3196 respectu
1937 3149 2048 3189 illius
2092 3160 2233 3189 causae
2265 3161 2352 3191 non

1343 3220 1421 3259 erit
1451 3231 1474 3258 a
1513 3231 1628 3268 casu,
1669 3222 1748 3262 sed
1779 3223 1832 3262 de
1862 3224 1943 3263 ista
1981 3228 2160 3265 materia
2199 3226 2355 3267 diffuse

1338 3294 1434 3334 vide
1471 3295 1515 3333 in
1554 3298 1737 3348 Doclore
1776 3304 1918 3348 quaest.
1954 3302 2018 3350 21.
2055 3313 2147 3350 quae
2184 3307 2240 3342 est
2286 3304 2351 3342 ul¬

1338 3371 1443 3410 tima
1472 3372 1655 3420 quodlib.
1689 3373 1772 3413 hoc
1802 3377 1880 3422 est,
1915 3375 2031 3425 quod
2062 3377 2219 3418 Doctor
2255 3377 2354 3418 dicit

1337 3447 1380 3485 in
1417 3447 1497 3487 ista
1545 3448 1699 3496 littera,
1740 3453 1783 3489 et
1813 3450 1928 3500 quod
1969 3451 2070 3491 dicit
2107 3453 2163 3493 ibi
2202 3465 2353 3504 parum

1337 3521 1461 3562 infra.
1501 3524 1716 3574 Accipitur
1758 3527 1887 3565 etiam
1940 3538 2036 3566 raro
2094 3529 2162 3568 vel
2210 3534 2257 3569 ut
2308 3532 2352 3571 in

1336 3597 1546 3647 pluribus,
1584 3603 1713 3649 prout
1756 3600 1962 3652 disjungit
2009 3604 2125 3643 inter
2151 3608 2350 3655 opposita
