2711 3950
345 346 688 392 contradictorie,
715 355 802 384 non
839 347 963 394 prout
1004 343 1114 383 inter
1149 342 1338 392 dispara¬

345 424 383 460 ta
432 420 650 471 disjungit,
687 429 786 458 nam
822 419 865 458 in
905 418 1110 458 divisione
1156 418 1343 457 Philoso¬

344 496 413 545 phi
450 497 487 534 2.
544 495 704 543 Physic.
769 505 860 545 quae
908 494 1000 533 talis
1063 496 1128 533 est
1164 497 1172 533 :
1209 494 1349 533 Omnis

344 570 513 618 effectus
546 570 611 609 vel
642 571 689 620 flt
717 581 835 617 raro,
878 570 939 609 vel
976 574 1018 608 ut
1057 571 1101 608 in
1133 570 1344 618 pluribus.

343 646 527 685 Membra
576 645 822 694 dividentia,
865 645 1027 685 scilicet
1072 656 1175 684 raro
1225 647 1262 683 et
1306 643 1350 683 in

336 723 537 770 pluribus
578 725 678 761 sunt
717 721 1054 766 contradictoria,
1086 731 1172 760 non
1211 720 1348 770 dispa¬

341 802 430 837 rata
468 808 550 837 nec
571 798 794 845 contraria,
836 799 933 848 quia
970 798 1066 843 hoc,
1108 798 1223 847 quod
1254 796 1347 836 dico

344 878 384 913 ut
421 876 464 915 in
502 875 700 924 pluribus
707 906 714 921 ,
770 878 928 914 tantum
982 875 1096 914 valet
1145 875 1252 914 sicut
1299 885 1347 914 ex

341 950 627 990 determinata
682 950 949 998 intentione,
1000 954 1042 989 et
1096 950 1179 989 hoc
1232 949 1348 1000 quod

343 1025 436 1065 dico
467 1029 510 1064 ut
543 1037 646 1065 raro
655 1057 662 1072 ,
701 1029 863 1065 tantum
891 1026 1003 1065 valet
1037 1026 1146 1065 sicut
1180 1037 1266 1065 non
1297 1036 1349 1064 ex

343 1101 623 1142 determinata
677 1102 942 1149 intentione;
983 1103 1111 1142 modo
1158 1101 1248 1141 fieri
1297 1113 1349 1141 ex

342 1177 626 1218 determinata
677 1178 915 1217 intentione
956 1181 999 1218 et
1042 1176 1133 1217 fieri
1178 1188 1264 1217 non
1296 1189 1348 1216 ex

346 1251 629 1292 determinata
685 1252 935 1300 intentione,
989 1258 1087 1292 sunt
1133 1254 1345 1293 contradi¬

343 1329 490 1368 ctoria.
524 1330 572 1368 Et
628 1339 725 1368 cum
781 1328 873 1369 dico
921 1330 1087 1378 effectus
1121 1330 1168 1379 fit
1216 1334 1259 1368 ut
1307 1332 1347 1369 in

333 1405 546 1454 pluribus,
592 1404 635 1444 id
675 1409 753 1452 est,
800 1416 851 1444 ex
891 1405 1174 1444 determinata
1204 1407 1345 1445 inten¬

339 1481 470 1526 tione,
510 1481 578 1521 vel
615 1481 787 1528 effectus
816 1483 862 1532 fit
901 1492 1020 1528 raro,
1059 1481 1103 1520 id
1142 1484 1221 1530 est,
1260 1493 1348 1522 non

340 1567 392 1596 ex
421 1555 706 1596 determinata
744 1558 998 1605 intentione,
1035 1561 1077 1596 et
1105 1558 1186 1597 hoc
1218 1557 1347 1598 modo

339 1644 441 1673 raro
483 1637 525 1673 et
558 1638 603 1673 ut
641 1636 683 1673 in
715 1635 912 1684 pluribus
950 1633 1148 1674 dicuntur
1178 1637 1350 1674 contra¬

339 1709 534 1757 dictoria,
569 1713 611 1749 et
637 1711 698 1749 sic
737 1721 814 1759 per
849 1711 894 1749 lv
923 1721 1027 1748 raro
1067 1711 1171 1749 nihil
1206 1711 1349 1760 positi¬

335 1795 436 1824 vum
485 1785 757 1836 intelligilur;
794 1788 926 1836 patet,
963 1787 1060 1836 quia
1081 1797 1209 1826 omne
1240 1788 1350 1836 posi¬

338 1859 470 1900 tivum
516 1861 557 1898 in
597 1860 754 1901 effectu
805 1861 964 1901 casuali
1002 1865 1066 1901 est
1113 1873 1166 1900 ex
1210 1862 1349 1901 deter¬

342 1936 500 1974 minata
521 1936 758 1976 intentione
790 1941 965 1984 natura,
990 1936 1107 1987 quod
1137 1937 1254 1976 idem
1286 1940 1348 1976 est

339 2014 451 2052 sicut
489 2024 585 2052 esse
616 2017 662 2052 ut
698 2016 740 2054 in
780 2015 989 2064 pluribus.
1021 2014 1063 2053 Si
1102 2025 1204 2065 ergo
1245 2026 1349 2054 raro

340 2090 382 2126 et
410 2092 456 2127 ut
494 2089 536 2128 in
571 2088 767 2137 pluribus
805 2093 950 2129 essent
980 2089 1207 2138 disparata,
1249 2092 1349 2128 tunc

335 2172 438 2201 raro
484 2162 647 2202 diceret
681 2164 855 2214 aliquod
895 2163 1138 2214 positivum,
1177 2168 1218 2203 et
1247 2164 1351 2204 illud

337 2239 449 2275 esset
487 2247 539 2275 ex
575 2238 858 2277 determinata
899 2249 1041 2285 causa,
1072 2242 1113 2278 et
1144 2250 1222 2289 per
1255 2250 1352 2278 con¬

334 2322 525 2363 sequens
558 2317 600 2352 ut
633 2315 675 2353 in
705 2315 914 2363 pluribus,
945 2316 1213 2365 accipiuntur
1240 2327 1344 2368 ergo

336 2392 500 2428 tantum
523 2390 869 2431 contradictorie.
905 2392 1106 2442 Sequitur
1128 2403 1136 2430 :

385 2464 446 2517 (g)
479 2469 582 2505 Cum
602 2468 735 2516 igitur
765 2471 980 2518 arguitur,
999 2469 1242 2519 generabile
1275 2470 1354 2509 hoc

333 2542 373 2580 si
388 2546 616 2591 generatur
645 2544 868 2593 aequivoce,
904 2548 986 2585 etc.
1026 2547 1201 2585 concedo
1241 2547 1354 2595 quod

333 2618 378 2655 in
408 2619 572 2667 majori
602 2624 738 2667 parte,
782 2621 826 2660 id
865 2625 942 2666 est,
985 2623 1019 2661 si
1051 2625 1270 2672 quaeratur
1298 2632 1351 2660 an

334 2693 531 2741 genitum
560 2705 638 2743 per
668 2693 1026 2743 putrefactionem
1057 2699 1100 2734 et
1138 2707 1218 2745 per
1246 2707 1349 2745 pro¬

335 2770 614 2819 pagationem
642 2769 714 2809 fiat
742 2782 794 2810 ex
821 2773 1097 2819 necessitate,
1128 2773 1194 2812 vel
1225 2776 1272 2811 ut
1311 2774 1352 2811 in

334 2843 529 2892 pluribus
557 2844 626 2883 vel
645 2855 754 2884 raro.
778 2847 888 2885 Dicit
916 2848 1086 2895 Doctor,
1123 2847 1241 2897 quod
1265 2847 1350 2886 tale

334 2929 419 2958 non
441 2918 486 2958 fit
507 2930 560 2959 ex
581 2923 858 2970 necessitate,
892 2925 934 2961 et
962 2922 1071 2962 ultra
1112 2923 1211 2963 dicit
1233 2922 1350 2974 quod

330 2996 363 3032 si
385 2993 490 3033 illud
510 2994 584 3034 fiat
623 3007 676 3035 ex
704 2997 958 3046 intentione,
990 2997 1063 3037 fiet
1100 3002 1146 3037 ut
1176 2998 1219 3037 in
1249 2999 1348 3048 plu¬

333 3071 466 3120 ribus,
508 3073 542 3111 si
574 3084 674 3113 vero
704 3084 790 3112 non
819 3072 864 3113 fit
913 3084 966 3113 ex
1004 3075 1259 3124 intentione,
1305 3074 1350 3115 fit

332 3156 449 3186 raro.

384 3225 432 3264 Et
453 3225 580 3262 etiam
599 3227 644 3262 ut
664 3228 721 3263 est
743 3225 982 3274 disjunctio,
1015 3230 1097 3265 etc.
1127 3227 1235 3266 Dicit
1263 3228 1348 3265 Do¬

334 3301 426 3337 ctor
473 3299 590 3349 quod
638 3301 767 3339 etiam
815 3301 1104 3351 comparando
1146 3302 1347 3341 effectum

335 3374 450 3424 aequi
454 3386 608 3414 vocum
655 3375 711 3415 ad
748 3387 920 3416 causam
957 3378 1062 3427 aequi
1070 3389 1219 3418 vocam
1266 3380 1345 3418 sub

333 3448 618 3499 disjunctione
655 3454 698 3489 et
736 3451 1086 3499 contradictorie,
1118 3452 1257 3492 adhuc
1289 3453 1346 3492 ef¬

333 3523 472 3562 fectus
494 3525 737 3575 aequivocus
760 3525 807 3565 fit
827 3531 872 3565 ut
891 3528 934 3566 in
956 3528 1149 3576 pluribus
1173 3539 1195 3567 a
1219 3539 1346 3567 causa

332 3599 561 3649 aequivoca.
596 3601 1051 3654 Istae]contradictoriae
1072 3607 1190 3652 sunt,
1211 3615 1265 3643 ex
1283 3616 1348 3643 se¬

1419 343 1530 381 mine
1552 345 1594 381 et
1625 353 1705 380 non
1732 353 1786 382 ex
1817 343 1985 387 semine,
2007 345 2053 380 ut
2072 341 2250 381 effectus
2280 343 2423 390 potest

1417 416 1510 457 fieri
1538 418 1784 457 naturaliter
1821 429 1907 458 non
1939 429 1991 457 ex
2022 418 2200 464 semine,
2222 420 2274 457 ita
2308 417 2423 467 quod

1419 494 1498 532 ista
1529 497 1592 532 est
1630 504 1727 533 vera
1759 497 1767 532 :
1809 493 1989 541 Effectus
2026 494 2260 543 xquivocus
2296 496 2339 532 ut
2384 497 2425 532 in

1416 569 1614 621 pluribus
1648 570 1694 618 fit
1714 580 1796 608 non
1824 580 1877 608 ex
1912 570 2077 615 semine,
2119 568 2160 608 id
2191 572 2269 616 est,
2310 568 2425 618 quod

1421 655 1549 684 causa
1586 645 1807 695 aequivoca
1844 656 1930 684 non
1966 655 2100 696 agens
2148 655 2226 694 per
2259 655 2426 692 semen,

1422 724 1486 760 est
1508 730 1635 760 causa
1675 720 1956 760 determinata
1995 730 2130 770 agens
2162 731 2216 760 ex
2254 720 2424 760 intenti¬

1421 805 1500 835 one
1534 800 1576 835 et
1596 798 1829 846 proposito.
1862 797 2063 847 Sequitur
2085 810 2093 836 :

1474 872 1580 909 Licet
1601 873 1747 910 rarius
1766 874 1924 911 eveniat
1956 873 2032 910 hoc
2063 872 2175 921 quod
2204 873 2431 919 generatur

1420 957 1501 984 non
1534 957 1588 984 ex
1623 948 1778 986 semine
1816 958 1944 996 quam
1974 949 2085 995 quod
2119 949 2349 996 generatur
2376 957 2430 985 ex

1419 1023 1589 1070 semine,
1611 1025 1658 1060 ut
1677 1022 1876 1062 videlicet
1913 1026 2215 1072 comparantur
2253 1021 2306 1060 ad
2327 1021 2426 1060 invi¬

1423 1108 1516 1136 cem
1538 1097 1622 1136 duo
1647 1098 1875 1148 disparata,
1898 1097 1939 1138 id
1965 1102 2044 1146 est,
2066 1103 2112 1137 ut
2131 1109 2227 1137 mus
2262 1108 2427 1147 compa¬

1420 1177 1538 1212 ratur
1567 1173 1620 1214 ad
1641 1185 1816 1213 causam
1853 1176 2132 1224 aequivocam,
2172 1177 2215 1213 et
2251 1184 2347 1213 mus
2383 1178 2429 1213 ut

1424 1254 1690 1299 comparatur
1720 1250 1774 1289 ad
1795 1261 1968 1290 causam
2000 1251 2240 1296 univocam,
2302 1260 2426 1289 causa

1420 1326 1637 1376 aequivoca
1672 1329 1715 1365 et
1741 1328 1921 1366 univoca
1951 1330 2051 1366 sunt
2084 1326 2167 1366 duo
2200 1326 2427 1376 disparata.

1422 1404 1622 1442 Similiter
1686 1403 1867 1442 effectus
1924 1404 2169 1454 aequivocus
2233 1407 2276 1442 et
2331 1404 2432 1442 effe¬

1423 1485 1513 1520 ctus
1559 1480 1785 1526 univocus,
1808 1491 1896 1519 non
1928 1483 2069 1519 tamen
2106 1484 2154 1519 ut
2179 1491 2430 1530 comparan¬

1424 1561 1490 1596 tur
1525 1556 1578 1596 ad
1624 1557 1808 1596 invicem
1831 1587 1840 1603 ,
1891 1567 2003 1596 unus
2056 1556 2204 1596 dicitur
2245 1560 2428 1607 aequivo¬

1422 1644 1497 1672 cus
1535 1635 1577 1672 et
1617 1633 1722 1671 alius
1763 1633 1973 1672 univocus
2022 1645 2118 1672 cum
2158 1635 2211 1673 sit
2245 1634 2286 1670 in
2330 1644 2428 1683 pro¬

1421 1709 1560 1760 posito
1601 1708 1795 1759 ejusdem
1834 1705 1996 1758 speciei
2019 1739 2028 1756 ,
2068 1709 2146 1748 sed
2189 1710 2250 1749 sic
2285 1710 2430 1749 dicun¬

1424 1788 1505 1832 tur,
1536 1795 1611 1835 pro
1641 1788 1802 1835 quanto
1836 1789 2138 1834 comparantur
2166 1785 2220 1824 ad
2260 1796 2431 1825 causam

1422 1863 1528 1911 aequi
1535 1871 1683 1900 vocam
1731 1864 1774 1900 et
1803 1862 2032 1901 univocam
2051 1873 2060 1909 ;
2108 1862 2176 1900 isti
2215 1861 2298 1901 duo
2331 1862 2431 1901 effe¬

1424 1941 1516 1977 ctus
1533 1940 1580 1976 ut
1601 1940 1904 1986 comparantur
1924 1937 1978 1976 ad
1999 1949 2098 1977 suas
2134 1948 2298 1986 causas,
2333 1938 2432 1977 effe¬

1425 2016 1517 2053 ctus
1538 2014 1780 2064 aequivocus
1809 2015 1946 2053 rarius
1975 2015 2163 2060 eveniet,
2195 2014 2293 2064 quia
2316 2025 2433 2053 com¬

1424 2089 1606 2128 muniter
1635 2092 1736 2128 sunt
1757 2090 1901 2138 plures
1919 2100 2080 2137 mures,
2115 2089 2186 2139 qui
2214 2099 2431 2140 generan¬

1427 2170 1491 2205 tur
1512 2177 1589 2215 per
1615 2167 1975 2217 propagationem
1997 2170 2039 2206 et
2067 2168 2264 2214 univoce,
2307 2177 2432 2216 quam

1424 2243 1495 2293 qui
1557 2246 1822 2293 generantur
1877 2242 1969 2282 sine
2024 2242 2335 2293 propagatione
2393 2246 2434 2281 et

1422 2318 1659 2368 aequivoce,
1703 2321 1845 2357 tamen
1889 2318 2070 2357 effectus
2108 2318 2349 2368 aequivocus
2386 2321 2434 2356 ut

1424 2396 1691 2442 comparatur
1723 2393 1776 2433 ad
1815 2393 2017 2433 effectum
2056 2395 2299 2441 univocum,
2335 2394 2434 2433 licet

1425 2468 1589 2507 dicatur
1619 2467 1710 2507 fieri
1741 2479 1835 2508 raro
1874 2469 1918 2508 in
1956 2479 2151 2516 numero,
2173 2479 2259 2508 non
2291 2474 2434 2509 tamen

1425 2545 1578 2584 dicitur
1605 2544 1697 2584 fieri
1744 2557 1767 2584 a
1808 2556 1934 2593 casu,
1968 2547 2066 2596 quia
2106 2557 2279 2596 semper
2315 2545 2360 2586 fit
2411 2559 2435 2586 a

1428 2632 1554 2661 causa
1577 2622 1874 2669 determinata,
1916 2622 2167 2661 intendente
2189 2622 2435 2672 hujusmodi

1425 2697 1643 2744 effectum,
1677 2699 1718 2735 et
1748 2697 1810 2736 sic
1835 2727 1845 2742 ,
1883 2701 1930 2735 ut
1967 2700 2034 2735 est
2067 2696 2293 2748 disjunctio
2324 2699 2437 2737 inter

1423 2771 1749 2812 contradictoria
1772 2771 1819 2811 fit
1838 2775 1885 2811 ut
1912 2773 1955 2811 in
1990 2773 2199 2822 pluribus,
2229 2777 2277 2813 ut
2305 2784 2435 2824 supra

1424 2849 1616 2897 exposui.

1475 2923 1534 2976 (h)
1556 2925 1659 2962 Cum
1681 2924 1880 2973 arguitur
1899 2924 2021 2962 tertio
2051 2926 2101 2964 de
2130 2929 2248 2964 motu
2280 2930 2317 2965 et
2354 2931 2433 2966 ter¬

1423 3009 1552 3037 mino.
1584 2997 1751 3037 Deinde
1786 2999 1945 3037 Doctor
1964 3001 2118 3050 arguit,
2141 2999 2431 3040 confirmando

1425 3072 1583 3112 dictum
1616 3073 1831 3120 Averrois,
1859 3074 2056 3112 videlicet
2094 3074 2210 3124 quod
2249 3075 2334 3116 duo
2369 3076 2433 3114 ef¬

1421 3147 1562 3188 fectus
1600 3147 1797 3199 ejusdem
1847 3150 2007 3199 speciei
2045 3150 2104 3188 sic
2143 3161 2190 3189 se
2231 3151 2431 3198 habeant,

1424 3223 1541 3274 quod
1582 3235 1694 3262 unus
1730 3224 1896 3263 illorum
1949 3234 2035 3263 non
2072 3228 2211 3275 potest
2251 3226 2430 3276 produci

1422 3300 1638 3349 aequivoce
1680 3303 1722 3338 et
1759 3300 1864 3338 alius
1893 3300 2090 3346 univoce,
2135 3301 2213 3340 sed
2248 3305 2432 3352 uterque

1424 3375 1602 3414 univoce
1637 3405 1646 3422 ,
1722 3377 1819 3424 quia
1892 3374 2158 3415 diversorum
2239 3381 2433 3417 motuum

1424 3452 1513 3490 sive
1569 3450 1861 3490 diversarum.
1900 3451 2230 3500 productionum
2287 3456 2432 3504 specie

1422 3530 1522 3565 sunt
1574 3527 1728 3566 diversi
1774 3527 1943 3566 termini
1993 3528 2140 3578 specie
2164 3558 2175 3576 ,
2229 3532 2317 3570 sive
2368 3531 2428 3570 di¬

1421 3612 1542 3641 versa
1573 3601 1782 3651 producta
1819 3603 1966 3651 specie
2007 3604 2046 3643 5.
2109 3605 2269 3653 Physic.
2325 3610 2428 3648 text.
