2653 3979
143 386 500 445 cognitionem
553 387 777 445 alicnjus
829 387 1148 446 incomplexi

141 475 380 515 causare,
407 463 542 510 sicut
567 464 618 509 in
643 464 813 523 raptu,
844 475 947 508 non
970 464 1148 508 tamen

142 537 267 584 talis
313 537 547 597 cognitio
595 550 823 598 superna
832 541 948 585 tura
959 537 1022 583 lis
1068 539 1147 584 est

140 614 441 661 necessaria
469 616 526 661 de
549 616 816 661 communi
841 615 971 673 lege.

196 691 269 736 De
297 689 588 749 complexis
617 693 793 737 autem
832 689 1149 736 veritatibus

140 779 290 812 secus
313 766 409 816 est,
449 765 568 824 quia
593 766 730 813 sicut
771 768 1040 813 ostensum
1070 767 1151 811 est

141 854 233 900 per
277 845 388 889 tres
427 842 662 889 rationes
710 841 912 901 primas
959 843 1150 887 contra

142 918 369 976 primam
409 917 709 977 opinionem
756 917 1020 969 adductas,
1065 929 1151 976 po¬

145 993 248 1040 sita
275 994 392 1040 tota
421 993 628 1040 actione
659 993 958 1040 intellectus
999 1004 1152 1051 agen¬

142 1068 212 1116 tis
239 1071 291 1116 et
314 1069 766 1128 phantasmatum,
800 1069 980 1116 multae
1014 1081 1152 1115 com¬

144 1144 414 1204 plexiones
462 1145 808 1192 remanebunt
859 1145 1054 1204 ignotae
1099 1145 1149 1191 et

141 1221 290 1267 nobis
310 1223 529 1274 neutrae,
556 1234 781 1280 quarum
810 1221 1045 1280 cognitio
1073 1222 1152 1267 est

141 1297 290 1344 nobis
336 1298 659 1344 necessaria.
712 1300 948 1344 Istarum
984 1297 1152 1355 igitur

139 1374 390 1421 notitiam
436 1377 516 1421 est
539 1387 754 1421 necesse
795 1374 945 1420 nobis
974 1386 1152 1432 super¬

141 1452 302 1496 nator
307 1451 376 1496 ali
384 1453 466 1497 ter
507 1450 662 1503 tradi,
707 1451 828 1509 quia
867 1450 1044 1495 nullus
1072 1462 1152 1495 ea¬

142 1538 260 1571 rum
312 1526 562 1574 notitiam
609 1526 783 1585 potuit
829 1525 1154 1572 naturaliter

143 1601 398 1655 invenire,
423 1604 472 1648 et
496 1616 613 1648 eam
637 1602 756 1648 aliis
791 1601 1017 1648 docendo
1042 1604 1153 1648 tra¬

141 1678 277 1730 dere,
311 1678 431 1736 quia
455 1677 591 1725 sicut
614 1678 719 1730 uni,
746 1677 822 1724 ita
851 1677 1067 1724 cuilibet
1089 1690 1152 1722 ex

139 1754 478 1802 naturalibus
512 1756 670 1800 erunt
696 1755 917 1800 neutrae.

198 1830 391 1877 Utrum
438 1831 614 1876 autem
653 1830 714 1888 (c)
755 1832 876 1888 post
921 1828 1152 1888 primam

142 1905 488 1952 traditionem
541 1905 800 1952 doctrinae
851 1906 909 1951 de
958 1904 1153 1950 talibus

147 1981 313 2041 possit
332 1981 522 2040 aliquis
546 1982 809 2027 assentire
831 1980 1155 2027 naturaliter

150 2057 403 2104 doctrinae
442 2057 668 2112 traditae,
704 2057 762 2103 de
797 2056 894 2102 hoc
925 2059 973 2101 in
997 2058 1039 2103 3.
1079 2058 1153 2100 lib.

130 2147 138 2152 ■
153 2135 252 2179 dist.
282 2136 353 2180 23.
380 2134 502 2179 Haec
531 2136 710 2178 autem
737 2132 911 2191 prima
938 2131 1156 2178 traditio

152 2210 274 2258 talis
327 2209 582 2257 doctrinae
635 2208 828 2255 dicitur
880 2207 1154 2260 revelatio,

151 2300 264 2345 quae
292 2286 403 2332 ideo
431 2289 511 2332 est
554 2283 998 2344 supernatoralis,
1036 2284 1158 2342 quia

146 2365 226 2409 est
255 2363 316 2408 ab
345 2363 548 2421 agente,
582 2362 716 2420 quod
754 2373 859 2406 non
904 2363 984 2407 est
1008 2363 1158 2407 natu¬

146 2439 336 2485 raliter
370 2437 628 2486 motivum
652 2437 954 2485 intellectus
982 2436 1158 2484 nostri

144 2528 239 2574 pro
267 2515 409 2562 statu
434 2515 555 2560 isto.

199 2607 373 2654 Aliter
393 2607 556 2654 etiam
584 2609 758 2666 posset
781 2606 882 2652 dici
905 2618 1154 2665 superna-

140 2683 352 2736 turalis,
377 2684 441 2741 (d)
470 2683 593 2742 quia
621 2686 701 2728 est
729 2682 792 2727 ab
814 2684 1011 2740 ngente
1035 2695 1155 2740 sup¬

140 2760 314 2819 plente
342 2759 512 2804 vicem
543 2757 734 2816 objecti
775 2760 1158 2816 supernatura-

139 2836 221 2882 lis.
245 2836 383 2881 Nam
415 2833 680 2893 objectum
709 2834 894 2878 natum
929 2845 1156 2878 causare

139 2911 387 2959 notitiam
428 2909 584 2968 hujus
622 2911 632 2952 :
669 2911 782 2951 Deus
832 2916 891 2951 est
937 2910 1078 2951 trinus
1116 2918 1154 2952 et

137 3002 266 3040 unus,
287 2999 351 3032 ve
354 2985 372 3030 1
404 2984 676 3036 similium,
706 2984 786 3029 est
809 2982 1041 3029 essentia
1059 2984 1153 3030 sub

140 3061 358 3123 propria
402 3061 611 3107 ratione
651 3059 883 3117 cognita,
927 3058 1042 3117 ipsa
1066 3072 1152 3105 au¬

139 3142 247 3186 tem
269 3137 363 3183 sub
401 3135 497 3183 tali
537 3135 747 3181 ratione
775 3133 1150 3191 cognoscibilis

140 3217 220 3260 est
248 3212 511 3272 objectum
541 3209 691 3255 nobis
721 3209 1147 3268 supernaturale.

141 3290 509 3346 Quodcumque
554 3285 722 3344 igitur
757 3297 917 3343 agens
965 3287 1149 3331 causat

141 3364 389 3411 notitiam
464 3362 766 3421 aliquarum
839 3361 1147 3416 veritatum,

143 3454 256 3500 quae
285 3452 378 3498 per
411 3438 517 3485 tale
560 3437 824 3496 objectum
854 3436 929 3482 sic
975 3439 1151 3496 cogni¬

144 3521 256 3564 tum
278 3517 416 3561 natae
440 3515 559 3560 sunt
581 3527 698 3559 esse
719 3512 1000 3565 evidentes,
1026 3514 1151 3561 illud

143 3605 305 3651 agens
352 3591 404 3636 in
432 3589 529 3636 hoc
560 3589 768 3648 supplet
805 3588 975 3634 vicem
1008 3589 1151 3637 illius

147 3667 352 3728 objecti.
384 3666 528 3718 Quod
567 3664 611 3710 si
651 3664 824 3723 ipsum
847 3676 1006 3722 agens
1035 3679 1151 3712 cau-

1223 390 1368 435 saret
1408 388 1653 436 notitiam
1678 389 1966 449 perfectam
2002 391 2227 438 istarum

1222 463 1526 517 veritatum,
1548 466 1749 523 qualem
1777 468 1948 526 ipsum
1969 468 2229 527 objectum

1224 539 1274 584 in
1305 553 1359 586 se
1387 542 1658 600 cognitum
1681 545 1945 595 causaret,
1972 547 2095 591 tunc
2119 536 2229 604 per-

1226 615 1359 663 fecte
1388 617 1659 676 suppleret
1700 618 1865 665 vicem
1906 618 2117 679 objecti;
2146 621 2230 667 sed

1225 690 1267 736 si
1297 704 1457 750 agens
1497 705 1600 738 non
1645 693 1719 740 ita
1756 692 2046 753 perfectam
2098 695 2235 742 noti¬

1225 766 1355 814 tiam
1401 771 1603 822 causat,
1650 769 1787 817 sicut
1818 769 2080 829 objectum
2104 770 2155 816 in
2179 784 2233 816 se

1225 847 1488 898 causaret,
1517 845 1642 891 tunc
1684 845 1992 904 imperfecte
2029 846 2238 905 supplet

1224 918 1394 965 vicem
1425 920 1632 980 objecti,
1674 934 1767 980 pro
1802 924 1998 981 quanto
2036 921 2239 969 scilicet

1227 993 1540 1054 imperfecta
1562 997 1754 1043 notitia
1783 1010 1939 1056 quam
1963 997 2106 1050 facit,
2131 1000 2237 1046 vir-

1226 1071 1447 1118 tualiter
1468 1072 1774 1120 continetur
1798 1073 1849 1118 in
1868 1073 1959 1119 illa
1981 1073 2232 1133 perfecta,

1227 1146 1377 1208 cujus
1436 1147 1699 1208 objectum
1752 1149 1802 1194 in
1856 1163 1908 1196 se
1960 1150 2234 1209 cognitum

1226 1225 1366 1270 esset
1394 1237 1487 1270 cau
1498 1237 1570 1270 sa¬

1288 1301 1369 1346 lta
1397 1299 1448 1345 in
1496 1302 1788 1360 proposito,
1830 1315 1952 1348 nam
1991 1303 2232 1350 revelans

1227 1374 1386 1422 hanc:
1406 1380 1519 1420 Deus
1545 1386 1604 1421 est
1627 1381 1782 1431 trinus,
1808 1381 1993 1426 causat
2024 1380 2075 1425 in
2100 1393 2232 1426 men¬

1226 1454 1277 1498 te
1306 1451 1591 1510 aliqualem
1619 1453 1868 1500 notitiam
1904 1454 2060 1514 hujus
2094 1456 2235 1502 veri¬

1226 1526 1372 1580 tatis,
1408 1528 1532 1576 licet
1569 1529 1864 1583 obscuram,
1904 1531 2025 1589 quia
2052 1534 2236 1578 causat

1227 1601 1285 1647 de
1308 1602 1512 1662 objecto
1537 1617 1640 1649 non
1670 1606 1764 1651 sub
1785 1606 2006 1665 propria
2030 1607 2237 1654 ratione

1227 1678 1460 1735 cognito.
1505 1681 1648 1731 Quod
1677 1680 1959 1739 objectum,
1993 1683 2036 1728 si
2060 1682 2236 1741 cogni-

1227 1755 1339 1799 tum
1384 1758 1540 1808 esset,
1594 1759 1779 1802 natum
1823 1761 1963 1805 esset
2010 1772 2234 1806 causare

1227 1829 1478 1876 notitiam
1513 1833 1802 1890 perfectam
1829 1835 1880 1879 et
1921 1833 2124 1880 claram
2152 1848 2235 1880 ve¬

1229 1906 1406 1953 ritatis
1445 1907 1604 1953 illius.

1288 1985 1391 2029 Pro
1417 1986 1612 2043 quanto
1639 1987 1701 2044 (e)
1724 1985 1891 2044 igitur
1915 1987 2026 2035 haec
2046 1987 2241 2035 notitia

1233 2059 1456 2107 obscura
1509 2061 1560 2107 in
1613 2062 1704 2108 illa
1748 2063 1896 2109 clara
1953 2063 2240 2110 includitur

1231 2136 1545 2190 eminenter,
1596 2138 1732 2186 sicut
1778 2139 2148 2199 imperfectum
2190 2141 2240 2187 in

1232 2213 1485 2272 perfecto,
1525 2227 1622 2273 pro
1656 2217 1806 2262 tanto
1837 2217 2078 2263 revelans
2107 2217 2241 2264 hanc

1232 2289 1530 2343 obscuram,
1569 2293 1620 2338 et
1662 2305 1888 2338 causans
1931 2293 2140 2352 supplet
2170 2293 2244 2339 vi¬

1231 2379 1342 2412 cem
1393 2366 1586 2426 objecti
1634 2368 1778 2414 illius
1831 2369 1989 2415 clarae
2034 2369 2242 2416 notitiae

1229 2442 1507 2496 causativi,
1547 2443 1810 2503 praecipue
1833 2458 1953 2491 cum
1991 2459 2096 2491 non
2118 2459 2237 2505 pos¬

1229 2517 1296 2563 sit
1319 2517 1568 2565 notitiam
1591 2519 1818 2579 alicujus
1846 2521 2095 2568 veritatis
2118 2534 2239 2568 cau¬

1228 2605 1364 2645 sare,
1396 2593 1499 2640 nisi
1527 2596 1582 2640 ut
1607 2596 1856 2655 supplens
1883 2596 2054 2643 vicem
2076 2598 2239 2645 alicu¬

1223 2667 1310 2726 jus
1347 2668 1552 2728 objecti.
1584 2672 1691 2717 Nec
1731 2671 2022 2719 veritatum
2047 2673 2236 2720 talium

1227 2743 1283 2802 (f)
1317 2749 1375 2795 de
1396 2748 1489 2794 illo
1521 2746 1723 2805 objecto
1745 2747 1995 2795 notitiam
2017 2762 2240 2796 causare

1231 2828 1423 2886 posset,
1472 2826 1527 2871 ut
1563 2824 1809 2883 supplens
1848 2823 2016 2870 vicem
2049 2824 2240 2885 objecti

1229 2902 1454 2962 alicujus
1484 2898 1757 2947 inferioris
1781 2900 2107 2947 naturaliter
2136 2915 2240 2948 mo-

1228 2979 1323 3027 tivi
1346 2978 1646 3026 intellectus
1668 2977 1858 3029 nostri,
1886 2977 2008 3035 quia
2029 2977 2236 3024 nullum

1225 3056 1330 3103 tale
1381 3053 1691 3101 virtualiter
1736 3052 1956 3100 includit
2001 3053 2236 3112 aliquam

1225 3131 1472 3178 notitiam
1496 3131 1723 3176 istarum
1744 3128 2053 3181 veritatum,
2072 3130 2235 3176 etiam

1224 3220 1317 3252 nec
1343 3206 1641 3252 obscuram.
1669 3203 1842 3262 Igitur
1866 3206 2079 3263 oportet
2101 3205 2232 3263 quod

1225 3283 1279 3329 in
1317 3281 1598 3334 causando,
1642 3280 1805 3328 etiam
1850 3281 2009 3327 istam
2052 3280 2229 3327 obscu-

1226 3372 1363 3412 ram,
1412 3357 1717 3417 aliqualiter
1774 3357 2016 3416 suppleat
2059 3356 2228 3402 vicem

1227 3433 1419 3493 objecti
1441 3431 1884 3492 supernaturalis.

1282 3509 1595 3558 Dilferentia
1638 3508 1864 3555 istorum
1910 3508 2135 3553 duorum
2174 3507 2242 3564 (g)

1227 3586 1504 3631 modorum
1544 3582 1766 3642 ponendi
1807 3580 2241 3640 supernaturali-

1225 3665 1390 3710 tatem
1434 3659 1638 3707 notitiae
1686 3658 1933 3705 revelatae
1969 3658 2134 3716 patet,
2161 3669 2240 3716 se-
