2711 3950
366 322 664 369 intellectus
716 323 795 367 est
856 321 1077 380 praecise
1130 322 1374 380 respectu

365 396 736 457 oppositorum
758 396 1167 448 intellectorum,
1199 399 1250 443 et
1272 409 1377 442 non

363 475 444 519 est
467 472 535 518 ibi
563 471 742 532 aliqua
768 472 1144 519 determinatio
1167 472 1228 518 ad
1251 472 1378 519 alte¬

370 562 486 593 rum
527 551 734 595 tantum
785 548 1014 600 illorum,
1069 551 1121 595 et
1161 560 1266 594 non
1315 547 1377 594 ad

372 623 648 683 reliquum,
677 623 779 669 nisi
826 626 1084 683 quatenus
1129 623 1376 670 voluntas

341 713 354 756 philosophus
370 699 659 747 concurrit.
682 699 1032 760 Philosophus
1049 701 1226 746 autem
1241 713 1377 746 com-

370 789 493 822 miin
500 777 540 824 j^
543 789 603 823 er
621 776 863 836 loquitur
891 777 949 822 de
980 776 1268 829 intellectu,
1303 789 1377 822 86-

340 851 590 898 'eundum
631 852 763 910 quod
803 865 921 897 cum
955 851 1228 896 voluntate
1258 863 1375 896 con-

368 940 390 971 s
396 926 460 972 tit
339 928 350 948 u_
467 940 494 971 11
504 926 543 973 it
576 939 737 972 unum
774 926 1094 986 principium
1129 928 1372 984 respectu

339 1011 340 1082 aliquando*
365 1015 417 1047 ar
417 1001 743 1055 *tificialium,
771 1006 822 1050 et
849 1016 954 1048 non
983 1004 1038 1048 ut
1060 1004 1140 1050 est
1161 1005 1374 1049 natura-

365 1078 487 1124 liter
513 1079 778 1126 elicitivus
816 1092 922 1124 suae
951 1078 1296 1134 operationis,
1321 1079 1372 1124 et

362 1152 472 1198 ideo
528 1155 607 1199 est
667 1154 799 1212 quod
852 1153 1130 1212 aliquando
1181 1155 1372 1199 contra

359 1231 609 1275 naturam
670 1230 949 1288 distinguit
1019 1229 1366 1283 intellectum,

359 1305 638 1364 aliquando
691 1309 878 1358 artem,
927 1305 1207 1364 aliquando
337 1302 342 1308 '
1252 1319 1372 1365 pro-

362 1380 614 1440 positum,
687 1381 820 1429 idem
890 1382 1193 1441 intelligens
337 1382 343 1389 *
1275 1395 1370 1441 per

360 1457 552 1504 omnia.

415 1535 544 1582 Cum
568 1534 753 1580 ultimo
781 1533 975 1580 dicitur
1001 1534 1060 1580 de
1092 1534 1368 1580 voluntate

358 1611 491 1669 quod
511 1612 591 1657 est
613 1611 934 1671 principium
958 1613 1200 1670 respectu
1224 1624 1368 1658 crea¬

357 1689 619 1739 turarum,
649 1686 763 1733 dico
803 1687 936 1746 quod
966 1700 1059 1745 per
1088 1687 1235 1745 prius
1273 1701 1366 1733 na¬

353 1762 606 1809 turaliter
642 1762 892 1809 voluntas
928 1761 1024 1809 Dei
1059 1764 1139 1808 est
1174 1763 1366 1822 princi¬

353 1837 497 1897 pium
545 1837 916 1897 productivum
970 1837 1196 1897 alicujus
1243 1851 1366 1897 pro¬

349 1913 491 1960 ducti
520 1912 617 1960 sibi
646 1913 923 1972 adaequati,
958 1926 1114 1972 quam
1143 1913 1211 1960 sit
1248 1927 1364 1972 pro¬

348 1989 618 2035 ductivum
662 2003 767 2036 non
807 1989 1082 2047 adaequati,
1125 1989 1365 2048 adaequa¬

348 2066 460 2110 tum
484 2064 747 2112 infinitum
777 2066 857 2111 est
893 2065 1173 2117 infinitum,
1207 2068 1258 2112 et
1288 2066 1363 2112 ita

347 2143 600 2188 creatura
631 2143 710 2187 est
745 2141 1116 2187 secundarium
1137 2141 1363 2189 volitum

347 2217 396 2261 et
424 2217 736 2276 productum
764 2230 793 2263 a
815 2217 1089 2264 voluntate
1112 2218 1222 2264 Dei.

649 2341 1064 2380 COMMENTARIUS.

401 2445 458 2498 (a)
497 2447 558 2486 Ad
595 2449 846 2495 argumenta
884 2455 975 2493 quae
1011 2444 1209 2492 probant,
1251 2445 1366 2492 quod

347 2535 429 2562 non
448 2526 540 2561 sunt
561 2526 725 2561 lanium
744 2522 788 2560 in
809 2523 892 2559 Deo
914 2522 996 2560 duo
1014 2520 1230 2567 principia
1253 2530 1361 2568 pro¬

346 2601 527 2638 ductiva.
545 2599 626 2638 Ista
648 2600 897 2647 argumenta
918 2600 1018 2634 sunt
1034 2606 1163 2644 supra
1185 2596 1226 2633 in
1248 2595 1360 2643 prin¬

346 2676 456 2724 cipio
480 2674 724 2725 quaestionis
745 2673 802 2711 ibi
829 2675 837 2717 :
865 2674 981 2717 Quod
999 2681 1080 2710 non
1101 2674 1262 2710 tantum
1279 2672 1360 2710 sint

343 2751 435 2789 duae
468 2750 619 2798 probo,
660 2748 758 2797 quia
797 2746 1079 2794 Philosophus
1119 2747 1157 2784 2.
1193 2746 1357 2794 Physic.

342 2829 443 2865 texi.
484 2836 588 2864 com.
627 2824 692 2863 49.
731 2826 855 2869 Sunt,
895 2821 1048 2872 inquit,
1080 2825 1258 2870 propter
1285 2823 1361 2861 hoc

343 2912 612 2951 quaecumque
642 2901 693 2939 ab
728 2898 940 2939 intellectu
972 2898 1116 2946 utique
1155 2900 1357 2945 aguntur,

344 2981 380 3016 et
406 2987 676 3026 quaecumque
707 2986 734 3014 a
764 2977 941 3013 natura:
975 2973 1061 3012 haec
1089 2971 1175 3011 ille.
1207 2973 1360 3011 Distin¬

344 3053 436 3102 guit
457 3063 560 3102 ergo
582 3054 781 3090 naturam
806 3053 848 3088 et
866 3048 1135 3088 intellectum
1157 3050 1360 3097 tanquam

340 3129 507 3168 diversa
528 3127 735 3182 principia
755 3125 893 3165 activa
912 3137 920 3171 ;
953 3123 1177 3173 utriusque
1209 3127 1357 3163 autem

338 3206 462 3251 ratio,
483 3202 646 3243 scilicet
665 3201 912 3241 intellectus
935 3203 977 3238 et
1000 3202 1160 3238 naturae
1188 3199 1358 3238 inveni¬

348 3284 413 3318 tur
431 3280 475 3319 in
494 3280 601 3327 Deo,
633 3277 732 3328 quia
760 3281 958 3315 neutrum
991 3273 1170 3314 includit
1198 3275 1354 3324 imper¬

339 3355 592 3402 fectionem;
626 3364 728 3403 ergo
763 3356 861 3392 sunt
898 3352 974 3390 tria
1018 3350 1224 3401 principia
1255 3362 1358 3401 pro¬

344 3431 527 3478 ductiva,
562 3428 723 3469 scilicet
760 3426 1020 3473 intellectus,
1057 3425 1271 3471 voluntas,
1315 3428 1358 3464 et

343 3510 494 3546 natura
525 3504 680 3545 divina.

393 3581 673 3622 Confirmatur
692 3590 771 3630 per
791 3577 1093 3627 Philosophum
1112 3577 1151 3616 9.
1172 3576 1353 3626 Metaph.

1449 325 1547 362 text.
1580 334 1686 364 com.
1720 324 1757 363 3.
1789 324 1940 362 Palam
1971 324 2072 372 quia
2103 326 2139 362 et
2167 322 2454 373 potentiarum

1451 399 1547 437 aliae
1580 409 1663 438 esse
1695 399 1979 445 irrationales,
2017 400 2110 438 aliae
2139 410 2234 438 cum
2264 400 2454 444 ratione;

1449 473 1590 522 ipsum
1622 473 1744 521 infra,
1777 481 1813 514 et
1844 486 1935 524 quae
1964 476 2132 525 quidem
2164 483 2258 513 cum
2294 476 2458 513 ratione

1451 560 1591 589 omnes
1630 552 1946 590 contrariorum
1976 555 2069 591 sunt
2103 552 2270 597 eaedem,
2304 553 2346 589 et
2378 550 2460 589 hoc

1450 625 1616 675 probat,
1650 628 1747 676 quia
1769 628 1939 666 scientia
1963 630 2018 666 est
2039 628 2342 677 oppositorum,
2367 637 2464 665 cau¬

1448 711 1496 739 sa
1534 706 1689 749 autem,
1735 703 1835 751 quia
1870 704 1982 741 ratio
2021 706 2077 741 est
2114 703 2300 748 scientia,
2349 702 2460 740 ratio

1450 780 1590 816 autem
1610 778 1758 816 eadem
1777 778 1951 816 ostendit
1970 787 2060 816 rem
2090 780 2126 816 et
2149 777 2461 826 pHvalionem;

1448 851 1542 891 haec
1562 852 1645 891 ille.
1669 853 1740 891 Hic
1770 853 1925 904 arguit,
1949 851 2063 903 quod
2097 863 2148 890 ex
2179 863 2262 902 quo
2293 851 2457 891 intelle¬

1449 929 1541 965 ctus
1573 932 1636 967 est
1672 927 2027 968 indeterminatus
2067 928 2121 968 ad
2159 927 2372 978 opposita,
2414 930 2456 966 et

1446 1005 1596 1042 natura
1637 1008 1700 1043 est
1747 1003 2030 1044 determinata
2064 1004 2118 1043 ad
2161 1015 2315 1050 unum;
2348 1014 2451 1054 ergo

1445 1078 1690 1118 intellectus
1718 1079 1849 1118 habet
1877 1080 2000 1119 aliam
2020 1080 2230 1118 rationem
2260 1079 2453 1128 principii

1446 1164 1574 1204 quam
1600 1158 1764 1202 natura,
1789 1157 1829 1193 et
1864 1155 1924 1194 sic
1953 1157 2102 1194 natura
2136 1157 2179 1194 et
2210 1153 2454 1193 intellectus

1444 1232 1543 1268 sunt
1564 1229 1647 1269 duo
1673 1230 1889 1280 principia,
1912 1233 1954 1269 et
1975 1230 2169 1270 voluntas
2190 1229 2323 1276 aliud;
2349 1240 2451 1281 ergo

1446 1308 1488 1345 et
1518 1307 1775 1357 principales
1795 1306 2100 1356 productiones
2123 1317 2251 1357 quam
2273 1305 2378 1345 duae.

1494 1382 1570 1420 Pro
1605 1381 1893 1422 intellectione
1928 1382 2056 1432 hujus
2093 1382 2254 1430 litterae,
2294 1383 2335 1421 in
2366 1393 2450 1432 qua

1441 1457 1678 1507 respondet
1715 1457 1770 1497 ad
1808 1460 2106 1510 argumentum
2148 1460 2190 1496 et
2228 1456 2450 1497 confirma¬

1444 1534 1617 1581 tionem,
1641 1535 1776 1583 primo
1797 1537 1913 1579 nota,
1944 1533 2059 1584 quod
2091 1532 2262 1584 quando
2294 1534 2448 1572 Aristo¬

1442 1609 1549 1648 teles
1581 1606 1799 1660 distinguit
1820 1619 1954 1659 agens
1975 1609 2016 1648 in
2039 1612 2235 1648 naturam
2259 1613 2301 1648 et
2322 1609 2445 1648 intel¬

1439 1687 1611 1733 lectum,
1643 1698 1720 1736 per
1762 1697 1898 1737 agens
1945 1697 2023 1736 per
2059 1686 2323 1725 intellectum
2362 1697 2450 1725 non

1441 1762 1630 1801 excludit
1656 1764 1933 1802 voluntatem.
1977 1761 2135 1801 Artifex
2165 1763 2279 1801 enim
2310 1763 2398 1814 agit
2426 1773 2448 1802 a

1438 1840 1655 1888 proposito
1677 1839 1766 1877 sive
1785 1849 1861 1887 per
1880 1838 2159 1883 intellectum,
2178 1839 2234 1877 ita
2256 1838 2372 1888 quod
2386 1838 2449 1877 in¬

1440 1915 1636 1955 tellectus
1653 1915 1865 1954 concurrit
1881 1913 1935 1953 ad
1949 1913 2168 1965 agendum
2185 1924 2281 1952 cum
2302 1914 2446 1953 volun¬

1437 1992 1536 2037 tate,
1579 1990 1696 2040 quod
1718 1991 1860 2038 potest
1890 1988 2116 2038 dupliciter
2155 1989 2348 2040 intelligi,
2380 1989 2444 2029 vel

1439 2063 1555 2114 quod
1576 2069 1695 2104 actus
1733 2065 1979 2104 intellectus
2000 2064 2055 2104 sit
2089 2064 2275 2115 partialis
2321 2076 2448 2104 causa

1437 2142 1557 2179 actus
1579 2141 1804 2179 voluntatis
1835 2151 1917 2190 quo
1939 2142 2029 2180 vult
2049 2141 2223 2191 aliquid,
2246 2141 2312 2181 vel
2333 2141 2448 2191 quod

1437 2216 1528 2255 talis
1550 2219 1670 2255 actus
1689 2217 1932 2255 intellectus
1962 2217 2012 2255 sit
2045 2217 2274 2256 directivus
2293 2217 2444 2256 volun¬

1436 2292 1529 2331 tatis
1550 2292 1592 2331 in
1612 2293 1926 2342 operationem.
1951 2293 2109 2331 Primus
2126 2304 2281 2332 sensus
2302 2296 2446 2342 potest

1435 2366 1547 2400 stare
1607 2362 1793 2401 tenendo
1849 2363 2092 2413 opinionem
2140 2375 2269 2414 quam
2316 2374 2447 2413 supra

1436 2437 1535 2483 dixi,
1568 2448 1666 2487 quae
1702 2438 1876 2488 ponitur
1912 2440 1956 2477 in
1991 2440 2029 2478 2.
2069 2440 2160 2478 dist.
2211 2441 2276 2479 25.
2329 2439 2446 2489 quod

1435 2514 1620 2564 cognitio
1658 2514 1814 2564 objecti
1845 2514 1897 2552 sit
1933 2514 2121 2562 partialis
2160 2524 2288 2553 causa
2327 2519 2448 2554 actus

1433 2591 1675 2630 voluntatis.
1712 2591 1752 2629 Si
1791 2591 2012 2630 secundus
2040 2601 2193 2630 sensus
2233 2595 2441 2640 teneatur,

1432 2677 1559 2706 verus
1590 2672 1652 2705 est
1687 2671 1729 2705 et
1756 2668 1891 2717 magis
1919 2667 1974 2706 ad
1997 2668 2229 2718 proprium,
2265 2672 2312 2708 ut
2342 2670 2443 2707 satis

1432 2742 1570 2790 patuit
1604 2745 1732 2790 supra
1768 2745 1812 2782 in
1849 2746 1989 2791 quaest.
2031 2745 2080 2782 de
2113 2745 2262 2792 praxi.
2301 2745 2344 2783 Et
2385 2744 2444 2783 sic

1433 2818 1604 2868 quando
1629 2819 1823 2865 dicimus,
1849 2819 1960 2869 quod
1982 2820 2225 2859 intellectus
2261 2830 2442 2860 concur¬

1431 2896 1484 2933 rit
1515 2905 1612 2934 cum
1641 2895 1878 2942 voluntate,
1912 2896 2047 2934 altero
2080 2895 2257 2935 istorum
2291 2897 2442 2936 modo¬

1431 2983 1525 3011 rum
1564 2971 1694 3011 debet
1731 2972 1912 3023 intelligi
1958 2973 2026 3011 vel
2072 2976 2254 3024 utroque
2292 2972 2438 3021 modo,

1431 3047 1630 3086 videlicet
1666 3045 1783 3097 quod
1819 3048 1912 3086 talis
1947 3049 2130 3099 cognitio
2165 3059 2250 3088 non
2280 3052 2443 3088 tantum

1431 3124 1484 3162 sit
1511 3123 1711 3162 directiva
1739 3123 1781 3161 in
1819 3122 1999 3173 praxim,
2040 3123 2117 3163 sed
2149 3124 2289 3173 etiam,
2327 3124 2442 3175 quod

1431 3197 1483 3236 sit
1520 3209 1644 3238 causa
1675 3198 1864 3248 partialis
1902 3198 2058 3248 praxis.
2092 3199 2211 3240 Idem
2241 3203 2306 3240 est
2335 3211 2438 3253 ergo

1429 3273 1673 3322 simpliciter
1711 3274 1827 3324 apud
1865 3274 2137 3315 Aristotelem
2182 3288 2314 3327 agere
2365 3289 2441 3326 per

1427 3348 1694 3388 intellectum
1724 3352 1767 3388 et
1801 3360 1931 3400 agere
1971 3361 1994 3389 a
2032 3352 2267 3402 proposito,
2309 3364 2440 3403 agere

1428 3435 1506 3474 per
1540 3425 1808 3465 voluntatem
1846 3429 1888 3465 et
1918 3437 2050 3477 agere
2088 3438 2167 3477 per
2202 3430 2441 3478 potentiam

1427 3501 1697 3548 rationalem,
1722 3501 1775 3539 de
1796 3512 1879 3552 quo
1915 3502 2010 3543 vide
2047 3503 2199 3544 diffuse
2232 3505 2274 3544 in
2303 3517 2340 3554 q.
2377 3505 2438 3546 16.

1428 3574 1613 3624 quodlib.
