2711 3950
485 356 537 386 vo
577 348 668 386 sine
700 346 843 396 aliquo
884 346 1210 392 determinante,
1243 347 1320 384 hoc
1353 350 1492 385 autem

484 422 760 470 impossibile;
786 433 946 462 necesse
977 433 1077 471 ergo
1115 422 1297 461 alterum
1331 421 1496 471 aliquid

487 508 584 544 esse,
619 498 731 546 quod
755 499 985 546 proprium
1019 501 1076 536 est
1081 499 1090 543 ,
1124 499 1216 536 dico
1249 501 1387 536 autem
1419 497 1495 535 hoc

487 573 718 621 appetitum
738 577 811 611 aut
825 574 1122 621 prohseresim:
1146 573 1240 611 hsec
1260 573 1344 611 ille.
1366 573 1416 612 Et
1437 572 1493 610 ibi

484 647 800 687 Commentator
848 650 856 688 :
901 651 985 688 Hoc
989 680 998 695 ,
1021 649 1169 699 inquit,
1215 650 1474 698 principium
1482 680 1490 691 ,

485 725 598 773 quod
613 725 719 772 facit
738 726 874 773 magis
892 736 1020 774 agere
1049 725 1227 764 alterum
1256 726 1489 764 contrario¬

486 810 597 846 rum,
637 803 692 838 est
720 803 927 848 appetitus
965 806 1002 841 et
1029 802 1222 840 voluntas
1243 812 1252 846 ;
1287 802 1493 849 appetitus

486 878 597 915 enim
634 888 729 916 cum
763 877 896 924 fuerit
939 878 1114 916 alterius
1160 881 1489 922 contrariorum,

485 956 581 992 tunc
607 953 714 991 actio
741 956 900 1001 agentis
923 954 1071 1000 pendet
1098 963 1153 991 ex
1177 953 1252 991 illo
1281 954 1492 991 contrario

485 1031 521 1065 et
558 1027 754 1065 similiter
791 1038 816 1065 a
847 1028 1069 1067 voluntate.
1103 1029 1195 1067 Haec
1218 1027 1304 1066 ille.
1328 1027 1386 1066 Ex
1407 1038 1492 1078 quo

486 1104 618 1151 patet,
660 1105 775 1152 quod
808 1104 1005 1142 voluntas
1038 1103 1291 1142 determinat
1320 1104 1489 1142 intelle¬

484 1179 599 1215 ctum
620 1176 675 1216 ad
704 1177 886 1216 alterum
906 1179 1216 1228 oppositorum.

533 1253 581 1291 Et
618 1253 733 1304 quod
771 1253 873 1294 dicit
914 1257 955 1294 in
993 1255 1141 1293 ultimo
1181 1253 1235 1292 de
1272 1254 1491 1293 voluntate

482 1329 732 1378 productiva
761 1330 939 1382 alicujus
970 1331 1194 1381 adaequati,
1227 1333 1306 1369 etc.
1337 1330 1490 1369 diffuse

484 1409 766 1454 pertractatur
804 1416 825 1443 a
866 1408 1046 1446 Doctore
1083 1408 1128 1446 in
1164 1407 1201 1445 3.
1243 1407 1419 1445 distinet.
1455 1408 1488 1445 1.

485 1485 625 1531 quaest.
661 1483 695 1521 1.
718 1485 754 1521 et
774 1482 818 1520 in
838 1483 1024 1531 quodlib.

857 1610 1122 1648 SCHOLIUM.

529 1706 591 1744 Ad
609 1709 828 1746 secundam
849 1712 1113 1756 quaestionem
1146 1712 1334 1748 secundae
1363 1715 1492 1759 partis

482 1785 572 1821 quae
605 1777 664 1810 est
696 1776 839 1820 quinta
872 1776 993 1820 hujus
1019 1776 1303 1820 distinctionis,
1318 1779 1493 1815 ostendit

481 1842 562 1875 tres
594 1848 680 1875 esse
711 1848 918 1884 personas,
950 1840 1051 1876 duas
1074 1841 1289 1885 productas
1309 1844 1348 1877 et
1369 1852 1488 1878 unam

483 1902 786 1948 improductam,
800 1904 896 1949 quia
916 1904 1149 1940 intellectus
1170 1908 1213 1941 ut
1232 1908 1291 1941 est
1310 1907 1492 1951 perfecta

485 1967 692 2011 memoria,
732 1967 919 2013 producit
954 1970 1177 2005 terminum
1217 1969 1489 2015 adaequatum,

483 2040 530 2065 ex
552 2033 692 2075 quaest.
711 2033 748 2066 7.
770 2030 992 2069 Productus
1011 2031 1280 2077 distinguitur
1299 2042 1321 2068 a
1341 2033 1494 2079 produ¬

482 2097 612 2137 cente,
634 2104 713 2129 non
734 2095 777 2130 in
799 2098 959 2140 natura,
981 2097 1082 2132 alias
1103 2100 1237 2133 essent
1256 2097 1397 2142 plures
1417 2097 1490 2143 dii,

482 2158 586 2203 quod
614 2160 885 2204 improbatum
907 2164 966 2196 est
985 2162 1207 2206 quaestione
1227 2162 1369 2208 tertia;
1394 2171 1491 2207 ergo

477 2222 519 2256 in
540 2231 727 2267 persona.
750 2223 897 2259 Eodem
919 2224 1035 2260 modo
1056 2223 1104 2259 de
1129 2225 1339 2261 voluntate
1370 2226 1489 2270 argui

478 2288 616 2331 potest.
639 2286 748 2329 Quod
767 2296 866 2323 vero
887 2298 966 2324 una
986 2298 1157 2334 persona
1179 2298 1253 2334 per
1275 2292 1490 2336 utramque

477 2351 697 2395 potentiam
719 2350 887 2396 produci
909 2355 1098 2398 nequeat,
1121 2355 1242 2398 patet,
1265 2354 1360 2399 quia
1382 2354 1488 2390 modi

478 2416 571 2448 sunt
590 2415 777 2459 oppositi,
801 2417 838 2451 et
859 2416 1000 2451 eadem
1022 2426 1194 2462 persona
1215 2417 1277 2452 bis
1291 2418 1491 2462 produce¬

476 2478 606 2511 retur.
633 2478 717 2512 Non
739 2487 825 2513 esse
857 2481 996 2525 plures
1022 2481 1308 2525 productiones
1340 2483 1487 2527 partim

477 2542 681 2576 ostensum
715 2545 774 2578 est
805 2547 946 2587 quaest.
980 2545 1154 2590 praeced.
1177 2549 1216 2581 et
1236 2546 1360 2582 latius
1379 2548 1490 2584 infra

478 2602 571 2639 dist.
602 2605 640 2640 7.
661 2606 914 2644 ostendetur.

532 2698 599 2758 (a)
653 2701 729 2746 Ad
788 2704 1070 2749 secundam
1123 2705 1485 2763 quaestionem,

476 2788 597 2820 cum
625 2777 883 2834 quaeritur
914 2780 973 2825 de
1013 2780 1275 2828 Trinitate
1311 2795 1486 2841 perso¬

475 2864 667 2897 narum
690 2852 743 2897 in
769 2853 961 2901 divinis
988 2871 998 2899 :

531 2929 858 2987 Respondeo,
916 2932 1047 2990 quod
1105 2936 1227 2980 sunt
1277 2936 1487 2983 tantum

472 3006 584 3050 tres
624 3017 865 3063 personae
912 3007 964 3052 in
1014 3009 1247 3055 essentia
1292 3010 1483 3064 divina,

471 3080 605 3138 quod
643 3081 904 3139 probatur
942 3084 1017 3130 sic
1056 3101 1065 3129 :
1110 3087 1239 3132 Sunt
1277 3088 1486 3134 tantum

474 3156 585 3201 duae
622 3157 894 3215 productae
926 3162 978 3207 et
1012 3163 1220 3207 tantum
1256 3175 1359 3208 una
1394 3164 1486 3210 im-

474 3231 756 3288 producta;
793 3247 922 3292 ergo
963 3238 1172 3282 tantum
1217 3239 1328 3284 tres
1363 3242 1483 3286 sunt

478 3321 734 3366 personae.

538 3383 694 3430 Circa
751 3385 980 3444 primam
1038 3389 1481 3448 propositionem,

473 3459 638 3517 probo
662 3460 837 3519 primo
862 3463 996 3521 quod
1025 3464 1129 3511 sint
1158 3466 1269 3511 duae
1298 3468 1483 3525 produ¬

471 3536 594 3586 ctae;
622 3537 846 3583 secundo
883 3539 1018 3597 quod
1044 3554 1147 3586 non
1176 3542 1371 3600 plures.
1408 3545 1483 3590 Ad

472 3611 798 3669 probandum
833 3616 967 3674 quod
1007 3618 1126 3662 sunt
1160 3618 1272 3664 duae
1306 3632 1484 3679 perso¬

1565 361 1645 394 nae
1683 347 1969 406 productae,
2022 348 2196 406 primo
2237 347 2402 406 probo
2438 340 2570 406 quod

1565 427 1646 470 est
1679 423 1857 482 aliqua
1892 436 2120 482 persona
2162 423 2415 482 producta
2454 425 2572 468 actu

1567 500 1885 551 intellectus,
1911 501 1960 545 et
1983 498 2082 544 hoc
2111 498 2185 544 sic
2223 514 2231 541 :
2272 498 2574 546 Intellectus

1566 577 1625 622 ut
1668 577 1748 621 est
1795 574 2030 634 perfecta
2070 573 2347 627 memoria,
2389 574 2435 620 id
2475 575 2571 626 est,

1566 651 1761 696 habens
1792 650 2056 709 objectum
2089 649 2208 696 actu
2245 649 2576 707 intelligibile

1566 728 1666 775 sibi
1702 741 1948 787 praesens,
1993 740 2087 786 per
2123 727 2351 785 aliquem
2397 732 2574 773 actum

1567 804 1648 851 sui
1690 807 1770 863 est
1812 803 2153 863 productivus
2193 802 2408 849 termini
2449 802 2575 848 adae¬

1567 881 1728 940 quati,
1754 880 1956 928 scilicet
1979 879 2170 925 infiniti
2196 892 2259 924 ex
2291 878 2577 937 praeceden¬

1565 958 1606 1004 ti
1631 956 1936 1016 quaestione,
1966 955 2097 1002 nihil
2132 956 2308 1001 autem
2341 954 2574 1014 seipsum

1566 1032 1825 1092 producit,
1855 1033 1997 1089 primo
2017 1033 2068 1075 de
2100 1033 2256 1074 Trinit.
2283 1041 2412 1088 ergo
2442 1029 2574 1088 quod

1565 1109 1879 1169 producitur
1898 1110 2018 1154 actu
2047 1106 2363 1158 intellectus,
2396 1105 2571 1164 aliquo

1565 1186 1717 1232 modo
1759 1184 2107 1243 distinguitur
2152 1194 2181 1226 a
2219 1183 2570 1242 producente;

1563 1259 1925 1308 essentialiter
1945 1272 2049 1304 non
2067 1258 2428 1315 distinguitur,
2454 1257 2574 1315 quia

1564 1336 1795 1384 essentia
1829 1336 2001 1382 divina
2036 1337 2087 1381 et
2121 1346 2460 1392 quaecumque
2499 1346 2573 1379 es¬

1566 1413 1806 1460 sentialis
1846 1411 2101 1472 perfectio
2142 1410 2432 1457 intrinseca
2473 1408 2572 1455 sibi

1565 1492 1645 1536 est
1692 1486 2139 1547 indistinguibilis,
2181 1500 2245 1532 ex
2284 1486 2572 1544 quaestione

1564 1567 1624 1612 de
1645 1565 1848 1611 unitate
1873 1563 1994 1615 Dei;
2030 1563 2196 1622 igitur
2225 1562 2572 1620 distinguitur

1564 1641 1924 1702 personaliter
1967 1640 2280 1700 productum
2320 1651 2350 1685 a
2391 1638 2574 1698 produ¬

1565 1722 1716 1766 cente
1746 1735 1755 1769 ;
1808 1731 1936 1776 ergo
1983 1720 2064 1763 est
2113 1716 2290 1774 aliqua
2345 1727 2574 1774 persona

1564 1794 1821 1854 producta
1867 1796 1984 1839 actu
2026 1791 2341 1838 intellectus.
2391 1790 2572 1838 Consi¬

1565 1870 1766 1916 militer
1793 1869 2042 1928 arguitur
2074 1869 2132 1914 de
2166 1868 2423 1927 producto
2451 1870 2571 1914 actu

1563 1945 1873 1992 voluntatis.

1625 2021 1766 2073 Quod
1812 2024 1989 2068 autem
2033 2033 2262 2080 persona
2315 2021 2571 2078 producta

1564 2081 2593 2146 actu isto et illo sit alia et alia, non™
1563 2174 1746 2233 probo,
1778 2173 1899 2232 quia
1927 2187 2031 2219 non
2060 2175 2233 2232 potest
2261 2173 2437 2220 eadem
2461 2187 2574 2236 per-

1564 2264 1692 2296 sona
1733 2250 1949 2309 produci
1988 2250 2184 2296 duabus
2218 2249 2571 2319 productioni-

1561 2328 1656 2373 bus
1701 2326 1955 2372 totalibus
2003 2325 2412 2377 sufficientibus;
2460 2325 2570 2372 haec

1563 2406 1741 2450 autem
1788 2403 2064 2462 productio
2101 2402 2206 2448 alia
2238 2405 2318 2449 est
2361 2402 2423 2448 ab
2463 2402 2570 2455 illa,

1562 2493 1626 2524 ex
1649 2474 1939 2537 quaestione
1970 2479 2299 2538 praecedenti,
2325 2490 2452 2536 ergo
2475 2477 2574 2524 hac

1562 2558 1614 2602 et
1649 2555 1741 2601 illa
1774 2568 1877 2600 non
1905 2554 2219 2614 producitur
2246 2555 2425 2601 eadem
2460 2568 2574 2615 per¬

1564 2644 1709 2684 sona,
1743 2632 1827 2678 sed
1862 2632 1989 2678 duae.
2036 2631 2288 2678 Probatio
2329 2631 2570 2691 majoris,

1563 2707 1608 2752 si
1641 2706 1775 2752 idem
1803 2707 2187 2765 produceretur
2224 2707 2422 2753 duabus
2455 2719 2573 2766 pro¬

1561 2781 1892 2829 ductionibus
1924 2783 2197 2836 totalibus,
2240 2787 2465 2844 utraque
2493 2797 2572 2831 ac¬

1561 2857 1762 2917 ciperet
1812 2871 1927 2904 esse
1979 2858 2333 2911 sufficienter;
2390 2860 2474 2906 sed
2527 2860 2570 2906 si

1563 2933 1888 2981 sufficienter
1922 2935 2187 2994 acciperet
2226 2948 2340 2981 esse
2377 2949 2406 2981 a
2447 2950 2570 2995 pro¬

1561 3010 1780 3056 ducente
1807 3010 1904 3058 hac
1948 3010 2307 3070 productione,
2350 3011 2568 3058 haberet

1562 3099 1714 3131 suum
1742 3100 1857 3132 esse
1880 3087 2126 3146 perfecte,
2158 3086 2303 3132 nulla
2325 3088 2430 3134 alia
2453 3101 2569 3147 pro¬

1560 3161 1803 3208 ductione
1830 3163 2006 3222 posita
2025 3179 2033 3214 ;
2071 3162 2238 3221 igitur
2267 3176 2370 3209 non
2391 3166 2568 3221 potest

1559 3238 1800 3298 accipere
1827 3252 1942 3285 esse
1976 3252 2071 3298 per
2105 3239 2265 3285 aliam
2300 3241 2567 3299 producti¬

1561 3327 1728 3368 onem,
1779 3315 1899 3373 quia
1944 3317 2067 3362 tunc
2112 3329 2217 3361 non
2265 3319 2406 3364 esset
2457 3317 2568 3364 sine

1560 3390 1668 3436 illa.

1614 3466 1868 3520 Ulterius,
1900 3468 2034 3526 quod
2067 3481 2170 3514 non
2197 3472 2419 3528 possunt
2452 3482 2566 3517 esse

1557 3543 1737 3602 plures
1784 3556 2025 3601 personae
2084 3545 2350 3604 productae
2409 3560 2566 3605 quam

1556 3618 1673 3665 istae
1701 3619 1829 3673 duae,
1853 3620 2020 3679 probo
2045 3621 2118 3667 sic
2155 3636 2165 3664 :
2202 3623 2320 3668 Non
2347 3626 2569 3682 possunt
