2711 3950
443 265 496 303 sit
514 264 594 303 alia
623 274 645 301 a
673 273 858 313 persona
887 261 1094 312 producta
1121 263 1218 299 actu
1250 259 1446 298 volunta¬

442 340 507 387 tis,
548 339 700 390 probat
732 339 890 377 Doctor
929 338 1026 388 quia
1064 336 1180 387 prius
1226 338 1445 374 ostensum

443 417 522 462 est,
557 413 674 465 quod
706 418 869 453 tantum
889 416 988 453 sunt
1017 413 1113 452 duse
1141 411 1447 461 productiones

441 490 484 530 in
505 490 669 531 divinis.
697 491 737 530 Si
770 500 872 542 ergo
905 500 1088 540 persona
1119 488 1204 528 Filii
1225 498 1311 528 non
1333 491 1447 527 esset

440 567 520 607 alia
541 578 564 606 a
595 577 778 617 persona
810 567 987 617 Spiritus
1016 567 1166 612 sancti,
1191 568 1448 615 sequeretur

441 642 558 692 quod
587 641 741 682 eadem
761 652 946 692 persona
967 645 1082 682 esset
1101 640 1309 692 producta
1341 639 1442 678 dua¬

441 718 521 758 bus
542 716 893 769 productionibus
927 717 1125 757 totalibus
1161 720 1204 756 et
1228 715 1443 756 sufficien¬

444 795 570 842 tibus,
610 794 727 845 quod
775 797 839 833 est
878 795 1154 844 impossibile,
1201 794 1300 845 quia
1347 797 1447 834 tunc

443 873 581 922 posita
608 882 692 911 una
729 870 1027 921 productione,
1076 874 1311 920 poneretur
1347 880 1446 921 per¬

444 958 563 994 sona,
608 951 650 987 et
699 948 793 995 alia,
825 959 903 998 per
948 947 1227 997 impossibile,
1267 948 1444 986 circum¬

443 1024 614 1075 scripta,
645 1033 729 1065 non
752 1027 867 1063 esset
895 1024 964 1064 illa
986 1024 1139 1064 eadem
1174 1033 1374 1074 persona,
1409 1026 1450 1062 et

442 1101 503 1139 sic
547 1100 672 1139 simul
721 1103 834 1139 esset
883 1102 926 1138 et
983 1109 1068 1138 non
1108 1104 1234 1138 esset.
1284 1098 1448 1137 Deinde

441 1176 605 1224 probat,
657 1174 773 1225 quod
809 1185 894 1214 non
939 1177 1121 1224 possunt
1159 1185 1255 1215 esse
1306 1174 1450 1225 plures

443 1260 571 1300 quam
611 1248 704 1290 duae
742 1248 973 1299 productae,
1018 1250 1115 1300 quia
1143 1253 1191 1289 ut
1228 1253 1450 1290 ostensum

442 1330 508 1366 est
534 1336 678 1376 supra,
713 1329 877 1365 tantum
897 1328 996 1364 sunt
1016 1326 1106 1365 duae
1126 1325 1449 1374 productiones,

442 1402 608 1442 scilicet
636 1412 721 1441 una
751 1413 830 1452 per
865 1401 1043 1441 modum
1088 1405 1251 1442 naturae
1293 1405 1334 1441 et
1372 1402 1452 1442 alia

442 1487 521 1527 per
548 1477 725 1516 modum
746 1477 990 1525 voluntatis,
1015 1481 1057 1516 et
1096 1478 1176 1517 hoc
1215 1478 1347 1529 magis
1382 1489 1451 1528 pa¬

446 1553 550 1592 tebit
582 1554 624 1593 in
649 1554 688 1593 7.
712 1556 752 1593 d.
784 1553 925 1605 hujus,
950 1556 989 1592 et
1011 1553 1220 1593 subtiliter
1248 1553 1453 1602 probatur

441 1629 487 1669 in
523 1629 680 1678 quolib.
720 1633 863 1680 quaesi.
903 1631 942 1669 2.
980 1633 1022 1668 et
1049 1628 1145 1669 vide
1169 1639 1262 1680 quae
1292 1629 1349 1668 ibi
1384 1639 1452 1668 ex-

440 1706 579 1753 posui.
412 1714 420 1757 produ-
629 1706 671 1746 Si
709 1717 812 1758 ergo
851 1710 952 1746 sunt
992 1706 1089 1746 duae
1128 1705 1459 1764 productiones,

412 1809 413 1840 correspon-
437 1785 540 1831 6rgo
586 1785 748 1823 tantum
804 1783 888 1824 duo
920 1783 1145 1835 producta,
1177 1789 1309 1835 patet,
1357 1788 1454 1839 quia

412 1844 418 1922 ununfpro-
439 1867 498 1897 un
499 1857 513 1897 *
577 1858 852 1908 productioni
920 1861 1232 1912 correspondet
1286 1866 1452 1904 tantum

441 1942 574 1972 unum
603 1935 887 1985 productum;
920 1935 1019 1977 licet
1047 1940 1159 1977 enim
1180 1939 1296 1979 idem
1332 1942 1448 1992 prin¬

442 2002 598 2054 cipium
643 2003 820 2045 formale
868 2007 1166 2057 productivum
1201 2010 1332 2059 possit
1373 2011 1450 2050 ha¬

440 2078 545 2119 bere
585 2079 707 2129 plura
736 2080 959 2130 producta,
995 2087 1040 2122 ut
1076 2086 1195 2132 patet
1241 2084 1295 2123 de
1334 2085 1446 2133 Sole,

441 2163 528 2194 non
581 2159 722 2196 tamen
772 2157 925 2197 eadem
976 2156 1260 2208 productione
1306 2165 1450 2211 potest

438 2230 677 2279 producere
734 2235 871 2284 plura,
925 2236 1021 2286 quia
1078 2248 1163 2276 una
1222 2240 1447 2290 productio

440 2309 505 2346 est
539 2311 701 2348 tantum
730 2312 856 2350 unius
876 2312 1087 2361 producti.

815 2436 1076 2473 SGHOLIUM.

486 2540 660 2585 Rejectis
698 2544 737 2577 et
774 2540 960 2579 refutatis
997 2545 1222 2582 rationibus
1267 2548 1446 2593 Henrici,

437 2605 576 2650 probat
608 2614 730 2641 unam
764 2615 851 2642 esse
880 2616 1094 2652 personam
1134 2610 1444 2656 improduetam.

436 2669 581 2712 Primo,
622 2670 718 2714 quia
768 2669 869 2706 alias
920 2676 1053 2709 e>sent
1102 2673 1287 2712 infinitae.
1345 2678 1444 2714 Nam

435 2733 541 2777 quod
574 2735 703 2778 potest
734 2744 825 2770 esse
857 2736 902 2770 in
922 2736 1007 2781 plui
1021 2737 1124 2780 ibus,
1158 2744 1355 2785 quantum
1387 2747 1447 2779 est

435 2795 484 2832 de
523 2805 578 2838 se,
619 2800 747 2842 potest
785 2807 876 2835 esse
919 2800 963 2835 in
1007 2800 1193 2847 infinitis,
1233 2808 1272 2840 et
1309 2806 1343 2840 si
1387 2810 1446 2843 est

436 2869 600 2897 necesse
649 2870 752 2906 esse,
792 2862 841 2900 de
890 2865 993 2902 facto
1043 2867 1099 2903 ita
1136 2871 1202 2904 est.
1247 2869 1444 2915 Secundo,

437 2925 654 2970 pluralitas
673 2927 841 2964 vitanda
873 2932 947 2973 est,
973 2931 1050 2967 nisi
1072 2935 1187 2977 cogat
1211 2937 1442 2972 necessitas.

437 2990 571 3026 Tertio
591 2993 765 3028 essentia
788 3003 867 3029 una
893 3004 971 3030 non
999 2995 1118 3033 habet
1145 3008 1193 3034 ex
1226 3009 1267 3035 se
1299 3001 1446 3037 imme¬

438 3052 545 3090 diate
583 3056 724 3100 plures
768 3058 928 3095 essendi
967 3060 1116 3097 modos.
1156 3063 1284 3100 Solvit
1322 3074 1447 3110 argu¬

438 3122 571 3154 menta
592 3121 839 3167 principalia
862 3123 984 3168 hujus
1007 3136 1045 3172 q.
1072 3129 1107 3162 2.
1129 3137 1220 3172 quae
1245 3131 1304 3165 est
1324 3131 1448 3175 quin¬

434 3186 474 3219 ta
495 3183 710 3220 distinctio.

495 3290 643 3334 Nunc
694 3292 862 3339 restat
921 3295 1147 3352 probare
1196 3297 1261 3355 (a)
1314 3300 1445 3357 quod

406 3355 416 3434 qSSn;
436 3378 540 3412 una
600 3370 810 3415 tantum
875 3370 942 3416 sit
1007 3386 1110 3417 non
1169 3375 1441 3435 producta,

437 3442 525 3489 ubi
569 3443 693 3491 dicit
739 3459 872 3493 unus
907 3448 1112 3496 Doctor
1145 3451 1279 3509 quod
1318 3451 1444 3498 illud

441 3520 752 3575 ostenditur,
782 3522 920 3571 sicut
950 3526 1245 3574 ostenditur
1267 3527 1443 3576 unitas

1519 255 1630 303 Dei.
1669 256 1780 304 Hoc
1819 257 1981 305 etiam
2022 260 2212 318 probat
2253 274 2348 321 per
2387 262 2526 308 Hila¬

1520 332 1658 378 rium
1699 349 1793 390 cap.
1834 335 1876 380 5.
1925 336 1977 378 de
2025 337 2232 392 Spnodis,
2283 337 2367 383 ubi
2413 338 2526 386 vult

1519 407 1652 466 quod
1687 408 1774 467 qui
1824 409 1950 456 dicit
1987 410 2114 456 duos
2172 410 2524 467 innascibiles,

1518 482 1804 530 confitetur
1831 483 1959 529 duos
1981 485 2135 531 Deos.

1576 560 1678 602 Item
1707 559 1930 619 quodlib.
1961 563 2031 608 55.
2059 563 2242 620 qusest.
2277 564 2318 608 2.
2349 564 2421 607 ubi
2457 579 2527 608 ar-

1517 637 1611 692 guit
1631 635 1690 678 ad
1719 639 1963 693 oppositum
1969 640 1977 691 ,
2008 640 2369 684 innascibilitatcs
2394 650 2528 685 essent

1519 712 1709 767 ejusdem
1747 713 1933 756 rationis
1979 721 2017 756 et
2055 716 2205 771 plures
2238 718 2530 774 proprietates

1521 788 1709 844 ejusdem
1741 790 1927 832 rationis
1967 791 2015 832 in
2053 792 2201 834 eadem
2238 801 2398 835 natura
2436 796 2529 837 sin¬

1520 864 1683 919 gulari,
1716 865 1880 907 scilicet
1917 867 2099 918 Deitate,
2131 868 2243 923 quod
2281 876 2340 910 est
2373 870 2527 926 impos¬

1521 939 1659 990 sibile,
1683 940 1772 982 sive
1791 941 1959 994 fuerint
1984 943 2187 986 absolutce
2206 945 2295 987 sive
2315 945 2525 989 relativae.

1521 1015 1645 1057 Patet
1672 1015 1720 1057 in
1758 1018 1984 1061 creaturis.
2017 1018 2118 1061 Item
2141 1033 2329 1075 persona
2368 1022 2528 1077 impro-

1523 1090 1651 1133 ducla
1681 1099 1738 1133 est
1767 1093 1960 1148 primum
1977 1095 2280 1150 principium;
2307 1110 2410 1153 ergo
2442 1111 2531 1140 non

1519 1166 1653 1222 plura
1670 1168 1821 1221 prima
1842 1169 2085 1225 principia.
2116 1171 2219 1212 Item
2245 1173 2294 1214 in
2317 1173 2531 1215 solutione

1522 1241 1632 1296 facit
1664 1250 1966 1300 argumentum
2005 1246 2215 1289 Richardi
2252 1248 2294 1294 5.
2338 1247 2527 1294 Trinit.

1524 1329 1638 1376 cap.
1661 1318 1703 1375 4.
1724 1321 1870 1375 prima
1897 1335 1985 1363 non
2011 1321 2064 1364 ab
2084 1323 2177 1364 alia
2197 1331 2257 1366 est
2278 1332 2432 1380 potens
2447 1341 2528 1383 per

1525 1393 1766 1444 essentiam,
1798 1395 1900 1449 quia
1938 1395 2062 1439 habet
2093 1398 2142 1440 in
2164 1411 2208 1441 se
2233 1412 2357 1441 omne
2389 1414 2526 1457 posse.

1584 1468 1651 1510 Ad
1685 1470 1880 1525 primum
1883 1485 1893 1522 ,
1931 1473 2182 1527 negationes
2227 1475 2416 1530 ejusdem
2455 1492 2531 1520 ra-

1527 1545 1658 1586 tionis
1695 1553 1794 1588 sunt
1821 1553 1880 1587 tot
1903 1548 1950 1588 in
1977 1548 2073 1599 isto,
2110 1556 2209 1604 quot
2233 1558 2332 1592 sunt
2346 1551 2359 1565 *
2393 1555 2530 1608 possi-

1527 1620 1635 1663 bilici
1661 1623 1866 1677 ejusdem.
1902 1623 2226 1668 Innascibilitas
2246 1634 2306 1670 est
2338 1631 2527 1686 negatio,

1526 1697 1658 1743 aliter
1709 1699 1941 1742 relationes
1981 1701 2146 1756 plures,
2183 1700 2236 1747 in
2268 1703 2447 1751 eodem
2486 1706 2513 1751 3
2521 1742 2527 1748 .

1528 1770 1614 1817 lib.
1651 1772 1691 1820 d.
1717 1775 1744 1819 8
1753 1810 1759 1816 .

1583 1850 1652 1892 Ad
1669 1852 1918 1903 secundum,
1947 1867 2063 1896 nunc
2100 1862 2185 1897 tres
2211 1870 2411 1912 personae
2433 1869 2533 1903 sunt

1525 1939 1660 1968 unum
1683 1928 1954 1983 principium
1977 1931 2171 1973 omnium
2196 1933 2403 1977 aliorum.

1581 2002 1650 2044 Ad
1690 2003 1878 2054 tertium,
1930 2018 2054 2047 omne
2092 2007 2299 2062 possibile
2341 2019 2532 2067 respectu

1523 2079 1825 2134 cujuscumque
1859 2080 2080 2135 possibilis
2096 2097 2106 2133 ,
2154 2097 2231 2125 nec
2269 2092 2410 2140 potest
2449 2088 2533 2130 ista

1521 2155 1637 2197 ratio
1679 2155 1871 2197 colorari
1911 2157 2023 2198 sicut
2079 2159 2299 2203 coloratur
2350 2162 2432 2204 illa
2480 2164 2533 2205 de

1521 2231 1850 2285 omnipotentia,
1877 2233 2059 2289 quaest.
2099 2233 2158 2278 de
2180 2234 2382 2282 unitate
2415 2237 2526 2290 Dei,

1517 2312 1638 2362 patet
1664 2319 1797 2361 quare
1817 2320 1922 2360 non,
1957 2309 2057 2354 etc.

1579 2381 1850 2428 Praeterea
1876 2383 2056 2441 arguit
2087 2385 2161 2431 sic
2190 2403 2199 2431 :
2225 2387 2388 2434 Plura
2409 2403 2528 2449 sup¬

1522 2455 1693 2515 posita
1735 2456 1980 2504 absoluta
2018 2471 2122 2505 non
2167 2466 2390 2520 possunt
2415 2478 2530 2511 esse

1522 2531 1574 2577 in
1616 2531 1713 2579 hac
1762 2535 1973 2586 natura,
2028 2536 2150 2593 quia
2193 2541 2389 2585 natura
2427 2555 2530 2588 non

1520 2612 1599 2655 est
1640 2609 1692 2655 in
1722 2611 1958 2670 pluribus
2000 2615 2289 2673 suppositis
2323 2617 2531 2665 absolu¬

1520 2685 1590 2733 tis
1637 2685 1748 2733 sine
1793 2687 2049 2734 divisione
2098 2693 2322 2745 naturae,
2376 2697 2531 2742 erunt

1518 2760 1687 2820 igitur
1742 2763 1897 2822 plura
1954 2766 2229 2825 supposita
2276 2769 2526 2824 relativa;

1520 2841 1610 2885 aut
1648 2838 1816 2896 igitur
1863 2840 2123 2888 relatione
2165 2846 2348 2891 mutua
2389 2845 2530 2894 inter

1505 2928 1589 2968 .se,
1614 2917 1706 2961 aut
1727 2916 1787 2961 ad
1815 2915 1936 2962 alia.
1974 2917 2069 2964 Sed
2092 2918 2136 2964 si
2164 2919 2320 2978 plura
2352 2925 2529 2971 essent

1520 2991 1798 3049 supposita
1841 3004 1947 3038 non
1992 2993 2266 3052 producta,
2306 3009 2409 3043 non
2455 2999 2527 3045 di¬

1520 3066 1924 3125 stinguerentur
1992 3068 2215 3116 relative
2287 3073 2349 3118 ad
2423 3074 2529 3122 alia

1521 3144 1812 3202 supposita,
1857 3144 1979 3203 quia
2012 3158 2115 3191 non
2151 3146 2413 3196 relatione
2458 3151 2519 3197 ad

1520 3218 1625 3264 alia
1670 3219 1947 3278 supposita
1997 3222 2358 3280 producentia,
2409 3226 2528 3286 quia

1517 3295 1663 3340 nulla
1709 3297 1830 3342 sunt
1862 3309 1925 3343 ex
1969 3296 2278 3357 hypothesi;
2322 3313 2416 3349 nec
2467 3303 2527 3349 ad

1520 3371 1792 3431 producta,
1854 3371 1973 3431 quia
2024 3374 2083 3420 ad
2135 3374 2227 3420 illa
2273 3375 2528 3425 haberent

1518 3447 1835 3494 relationem
1861 3497 1864 3501 ,
1883 3448 2133 3503 eamdem,
2188 3451 2324 3500 sicut
2374 3454 2524 3500 modo

1518 3524 1677 3572 Pater
1726 3526 1777 3573 et
1832 3523 1998 3573 Filius
2051 3525 2240 3577 habent
2289 3530 2519 3576 eamdem
