2653 3950
217 312 531 360 relationem
572 313 883 374 spirationis
933 315 1120 362 activae
1164 314 1224 360 ad

218 388 474 448 Spiritum
499 393 739 437 sanctum
760 406 769 442 ;
802 402 931 448 ergo
964 390 1224 437 relatione

217 464 359 511 inter
418 479 472 511 se
516 466 987 524 distinguerentur,
1030 468 1080 513 et
1126 465 1223 514 hoc

217 540 478 588 relatione
524 541 764 600 originis,
806 541 939 600 quod
982 544 1063 588 est
1107 555 1224 601 pro¬

219 617 467 678 positum.

272 695 486 745 Contra,
553 692 669 738 istae
727 691 1070 752 probationes
1119 705 1222 737 non

211 767 454 816 videntur
498 767 833 816 sufficientes.
883 767 1061 814 Prima
1098 780 1219 820 non,

218 844 338 904 quia
374 844 550 890 unitas
595 842 688 890 Dei
730 843 988 903 probatur
1021 857 1084 889 ex
1123 841 1222 889 hoc

217 920 348 979 quod
397 919 573 966 divina
618 918 850 965 infinitas
900 932 1004 965 non
1046 918 1221 965 divicli-

197 998 305 1057 nnascibiii-tur
349 995 401 1041 in
434 996 614 1055 plures
654 995 932 1042 essentias.
979 996 1096 1041 Non
1135 1008 1219 1041 au-

216 1075 236 1120 ^
240 1086 321 1119 em
358 1070 434 1120 ita
468 1069 807 1118 manifestum
841 1073 937 1124 est,
971 1071 1104 1130 quod
1141 1083 1221 1116 ra-

214 1147 288 1194 tio
336 1147 557 1202 ingeniti
607 1147 689 1193 vel
749 1147 1076 1193 innascibilis
1116 1160 1219 1192 non

214 1224 282 1270 sit
323 1223 376 1269 in
421 1224 660 1283 pluribus
719 1222 1037 1283 suppositis;
1088 1225 1216 1275 tum,

213 1300 333 1360 quia
389 1299 528 1345 ratio
580 1299 905 1346 innascibilis
949 1312 1054 1344 non
1094 1297 1220 1345 dicit

213 1376 442 1435 aliquam
477 1374 854 1434 perfectionem
884 1374 1217 1433 simpliciter,

212 1465 275 1498 ex
347 1464 447 1511 qua
511 1450 835 1511 perfectione
903 1449 1221 1509 simpliciter

210 1527 380 1588 possit
401 1527 637 1574 concludi
670 1526 842 1573 unitas
875 1526 1217 1580 innascibilis,

214 1603 350 1651 sicut
393 1617 457 1649 ex
496 1603 822 1662 perfectione
858 1602 1064 1648 infinita
1103 1615 1219 1649 con¬

212 1678 442 1726 cluditur
495 1679 671 1726 unitas
725 1678 912 1724 divinae
957 1678 1216 1725 essentiae.

213 1756 471 1805 Similiter
538 1756 833 1804 auctoritas
898 1756 1092 1803 Hilarii
1155 1756 1219 1816 (b)

212 1847 368 1894 quam
409 1834 628 1886 adducit,
675 1834 800 1881 dicit
839 1834 972 1894 quod
1005 1833 1080 1881 ita
1119 1835 1214 1886 est,

211 1925 318 1959 non
338 1914 515 1959 tamen
544 1912 732 1972 probat
761 1924 876 1958 esse
909 1910 997 1958 ita.

270 1990 335 2036 Et
380 2002 500 2035 cum
534 1987 727 2048 accipit
760 1988 813 2034 in
861 1988 1069 2035 ratione
1104 2000 1214 2039 sua,

211 2065 344 2124 quod
364 2065 543 2124 plures
571 2078 811 2124 personae
839 2063 1093 2110 absolutae
1113 2077 1218 2109 non

210 2142 433 2200 possunt
485 2153 601 2185 esse
660 2138 714 2184 in
768 2139 946 2184 eadem
1004 2140 1214 2190 natura,

209 2216 440 2276 qualiter
493 2217 572 2262 est
623 2215 721 2261 hoc
773 2214 950 2262 notius
1009 2214 1216 2261 conclu¬

207 2292 392 2339 sione?
446 2291 541 2345 Qui
587 2291 724 2338 enim
771 2294 992 2351 poneret
1038 2291 1216 2350 plures

204 2381 461 2429 personas
514 2367 803 2427 ingenitas,
855 2380 960 2412 non
1017 2367 1217 2415 diceret

204 2458 292 2492 eas
322 2443 626 2491 formaliter
665 2442 919 2490 constitui
954 2443 1215 2503 aliquibus

206 2519 576 2572 relationibus;
632 2531 759 2578 ergo
812 2519 1054 2579 accipere
1099 2533 1215 2565 con¬

205 2599 292 2643 tra
341 2609 461 2641 eum
507 2594 640 2654 quod
678 2607 783 2640 non
828 2596 1052 2653 possunt
1101 2608 1216 2640 esse

208 2672 385 2732 plures
425 2683 666 2730 personae
700 2669 972 2722 absolutae,
1007 2669 1217 2717 videtur

206 2761 311 2794 non
349 2746 589 2806 accipere
627 2744 959 2792 manifestius
1011 2745 1215 2792 conclu-

209 2823 371 2870 sione.
437 2825 568 2870 Cum
185 2838 187 2878 ia-
632 2822 775 2868 ultra
822 2820 1032 2875 dicitur,
1083 2822 1214 2882 quod

208 2913 310 2946 non
337 2899 739 2957 distinguuntur
767 2897 1114 2944 relationibus
1145 2898 1215 2943 in-

205 2978 290 3022 ter
335 2989 389 3022 86
396 3013 404 3028 ,
453 2975 574 3035 quia
617 2974 717 3021 hoc
765 2987 871 3020 non
919 2975 1059 3020 esset
1112 2973 1214 3020 nisi

206 3065 301 3106 per
333 3051 623 3098 relationes
655 3049 896 3106 originis,
928 3049 1062 3096 hanc
1097 3063 1213 3096 con-

209 3127 534 3188 loquentiam
559 3128 770 3186 oportet
799 3125 1041 3185 probare.
1087 3128 1214 3173 Con-

208 3218 357 3251 cesso
413 3204 549 3249 enim
618 3203 726 3254 illo,
787 3202 919 3260 quod
981 3216 1085 3248 non
1145 3203 1214 3250 sit

207 3279 477 3328 distinctio
521 3280 624 3325 nisi
662 3292 758 3339 per
785 3278 1072 3325 relationes
1114 3279 1214 3324 ori-

206 3357 360 3417 ginis,
397 3356 500 3404 cito
532 3356 821 3402 haberetur
856 3354 1210 3414 propositum.

266 3433 437 3479 Aliter
486 3432 776 3492 persuadeo
835 3431 899 3489 (c)
958 3431 1214 3477 conclusi¬

212 3523 363 3557 onem
390 3509 648 3557 intentam
695 3508 768 3555 sic
809 3521 819 3548 :
850 3507 1102 3567 Quidquid
1130 3521 1215 3567 po¬

209 3589 316 3638 test
365 3598 496 3635 esse'
528 3586 582 3633 in
627 3584 865 3647 pluribus
905 3585 1211 3646 suppositis,

1301 316 1352 360 et
1397 327 1502 360 non
1551 314 1941 362 determinatur
1996 316 2056 361 ad
2102 316 2308 361 certum

1299 402 1579 436 numerum
1613 390 2013 450 suppositorum
2044 403 2137 450 per
2169 390 2308 436 aliud

1300 478 1330 510 a
1379 479 1434 511 se
1480 468 1737 524 quantum
1782 469 1860 513 est
1907 466 1965 512 de
2007 479 2077 519 se,
2134 468 2307 525 potest

1298 553 1413 587 esse
1459 542 1512 587 in
1560 542 1796 595 infinitis,
1837 543 1888 588 et
1935 542 1979 588 si
2018 544 2097 589 est
2143 557 2308 586 necesse

1299 632 1398 666 esse,
1431 619 1510 662 est
1545 617 1596 662 in
1635 617 1871 670 infinitis,
1904 618 2025 676 quia
2065 617 2306 677 quidquid

1297 694 1473 752 potest
1497 694 1564 740 ibi
1587 708 1718 748 esse,
1749 696 1845 742 est.
1890 695 1983 742 Sed
2013 696 2304 754 ingenitum

1299 769 1342 815 si
1367 771 1539 829 potest
1571 784 1686 817 esse
1720 770 1772 816 in
1801 770 2040 830 pluribus
2068 771 2304 831 supposi¬

1296 845 1383 897 tis,
1414 859 1517 892 non
1543 846 1932 894 determinatur
1953 847 2016 892 ab
2044 847 2221 907 aliquo
2252 848 2304 895 in

1297 924 1422 980 quot
1451 922 1742 981 suppositis
1788 922 1872 975 sit,
1905 922 2027 982 quia
2057 923 2304 970 determi¬

1294 997 1413 1043 nari
1453 997 1516 1044 ab
1556 997 1660 1044 alio
1703 998 1762 1044 ad
1790 1012 1906 1045 esse
1933 998 1987 1045 in
2027 999 2302 1059 supposito

1294 1072 1376 1118 vel
1424 1072 1475 1118 in
1515 1073 1822 1133 suppositis,
1861 1077 1942 1121 est
1988 1076 2177 1121 contra
2222 1088 2303 1121 ra¬

1295 1149 1495 1196 tionem
1525 1149 1769 1208 ingeniti;
1802 1150 1969 1208 igitur
2007 1151 2066 1196 de
2094 1152 2303 1200 ratione

1297 1239 1390 1272 sua
1422 1228 1595 1285 potest
1634 1239 1750 1272 esse
1785 1226 1837 1272 in
1882 1225 2119 1279 infinitis,
2161 1230 2212 1276 et
2259 1230 2300 1275 si

1294 1302 1469 1361 potest
1492 1315 1622 1353 esse,
1667 1305 1762 1354 est,
1791 1301 1912 1360 quia
1949 1315 2064 1348 esse
2104 1302 2302 1362 ingeni¬

1294 1380 1407 1424 tum
1446 1379 1527 1424 est
1571 1391 1634 1423 ex
1675 1391 1729 1422 86
1766 1392 1931 1421 necesse
1970 1393 2084 1430 esse;
2125 1392 2301 1425 conse¬

1297 1467 1458 1513 quens
1503 1455 1582 1500 est
1628 1453 1968 1512 impossibile,
1999 1467 2127 1514 ergo
2175 1455 2300 1502 illud

1295 1544 1359 1577 ex
1389 1543 1487 1589 quo
1511 1529 1769 1588 sequitur.

1353 1605 1587 1653 Secundo
1633 1605 1722 1658 sic,
1763 1618 2031 1664 nunquam
2085 1607 2301 1666 plurali¬

1292 1683 1377 1727 tas
1419 1681 1656 1741 ponenda
1688 1684 1768 1728 est
1801 1680 1912 1727 sine
1955 1682 2297 1737 necessitate;

1293 1758 1440 1804 nulla
1495 1760 1673 1805 autem
1729 1758 2044 1812 necessitas,
2091 1773 2185 1807 nec
2240 1762 2301 1808 ad

1295 1848 1365 1887 se,
1429 1847 1523 1880 nec
1581 1834 1642 1881 ad
1699 1835 1854 1881 extra
1917 1834 2060 1895 cogit
2120 1836 2299 1896 plures

1293 1924 1408 1956 esse
1465 1910 1818 1964 innascibiles,
1875 1924 2004 1971 ergo
2049 1915 2130 1960 est
2186 1916 2302 1961 tan¬

1292 1989 1406 2034 tum
1432 2001 1582 2034 unus.

1351 2064 1547 2116 Tertio,
1603 2064 1725 2123 quia
1757 2064 1991 2111 essentia
2029 2079 2132 2112 una
2177 2068 2298 2113 actu

1292 2140 1525 2187 existens
1568 2154 1674 2186 non
1699 2140 1908 2187 videtur
1933 2155 1997 2187 ex
2041 2155 2095 2188 se
2122 2143 2299 2190 imme¬

1292 2216 1431 2263 diate
1490 2215 1685 2262 habere
1744 2216 1923 2275 plures
1982 2219 2163 2265 modos
2220 2233 2301 2266 es-

1294 2291 1452 2344 sendi,
1486 2291 1788 2351 oppositum
1830 2292 2072 2351 sequitur
2111 2293 2154 2339 si
2188 2294 2301 2354 plu¬

1294 2380 1355 2412 ra
1382 2369 1559 2413 essent
1584 2367 1862 2426 supposita
1892 2367 2155 2427 ingenita;
2198 2384 2301 2417 non

1293 2444 1472 2490 autem
1502 2443 1742 2502 sequitur
1781 2444 1948 2496 modo,
1987 2444 2110 2504 quia
2131 2459 2302 2493 essen¬

1292 2520 1368 2566 tia
1389 2518 1564 2565 divina
1584 2532 1688 2565 non
1716 2518 1872 2566 habet
1911 2520 2090 2579 plures
2122 2522 2301 2570 modos

1290 2594 1494 2640 essendi
1540 2594 1840 2641 immediate
1887 2595 1997 2641 sine
2043 2597 2302 2655 producti¬

1293 2683 1404 2723 one,
1461 2670 1546 2716 sed
1606 2672 1815 2716 tantum
1879 2684 2039 2717 unum
2087 2674 2298 2720 modum

1289 2747 1495 2793 essendi
1523 2747 1634 2793 sine
1662 2747 2023 2807 productione,
2071 2750 2121 2796 et
2163 2750 2296 2797 alios

1289 2823 1434 2875 duos,
1466 2823 1813 2870 mediantibus
1843 2825 2293 2883 productionibus.

1348 2899 1421 2945 Ad
1472 2902 1787 2958 argumenta
1833 2901 1895 2958 (d)
1948 2901 2286 2958 principalia.

1288 2978 2317 3037 Ad primum cum arguitur, aeque qn*st. i.
1288 3051 1489 3098 nobiles
1548 3053 1686 3104 sunt,
1736 3064 1864 3110 ergo
1927 3055 2034 3106 tot;
2081 3052 2295 3101 fallacia

1288 3129 1368 3173 est
1411 3126 1597 3185 figurae
1641 3126 1886 3173 dictionis
1920 3131 2292 3176 commutando

1288 3205 1415 3260 quale
1435 3203 1488 3260 in
1509 3211 1622 3260 quot,
1660 3204 1710 3248 et
1736 3203 1876 3249 ratio
1898 3203 2130 3252 defectus
2171 3219 2293 3251 con¬

1289 3279 1574 3339 sequentiae
1614 3281 1694 3325 est
1735 3278 1864 3325 ista:
1890 3280 2005 3326 Non
2035 3280 2173 3326 enim
2214 3284 2293 3342 est

1288 3357 1510 3416 propter
1553 3355 1885 3402 nobilitatem
1924 3356 2006 3401 vel
2056 3357 2296 3415 ignobili-

1288 3435 1455 3480 tatem
1480 3431 1773 3483 relationis,
1802 3432 1885 3477 vel
1909 3431 2132 3478 rationis
2157 3433 2295 3488 prin-

2315 3512 2317 3555 principiali,
1289 3508 1413 3568 cipii
1451 3507 1534 3553 vel
1585 3507 1910 3567 principiati,
1942 3509 2072 3566 quod
2121 3510 2294 3558 multi-

1290 3584 1516 3646 plicetur
1538 3584 1622 3630 vel
1642 3597 1746 3630 non
1770 3584 2180 3644 multiplicetur;
2207 3587 2292 3634 sed
