2711 3950
372 315 430 360 de
483 313 692 361 ratione
745 312 992 373 principii
1051 314 1130 360 est
1182 312 1377 364 imitas,

373 390 493 436 licet
551 390 601 434 in
648 389 981 449 principiatis
1040 390 1211 448 possit
1264 401 1380 434 esse

372 465 669 524 pluralitas,
713 465 835 524 quia
875 478 1085 524 semper
1111 468 1190 511 est
1237 464 1380 510 redu¬

371 540 474 586 ctio
524 540 851 599 pluralitatis
899 541 958 586 ad
1005 540 1281 592 unitatem,
1329 542 1380 586 et

373 615 484 661 ideo
520 618 695 663 stante
735 616 926 675 aequali
975 616 1253 662 nobilitate
1294 628 1382 674 po¬

371 693 477 737 test
515 705 630 737 esse
678 692 1053 751 multiplicatio
1086 691 1167 740 vel
1203 691 1381 738 distin¬

374 766 480 813 ctio
511 767 562 813 in
598 768 946 814 relationibus
984 768 1379 826 productorum,

374 842 494 889 licet
524 857 627 889 non
658 846 707 890 in
732 844 1078 890 relationibus
1102 843 1382 904 producen¬

371 919 503 966 tium
527 933 556 965 a
580 934 650 966 se.

431 995 548 1041 Alia
606 998 685 1042 est
733 996 1028 1055 responsio,
1079 996 1201 1054 quia
1256 995 1380 1041 licet

372 1069 442 1115 ibi
466 1071 708 1128 quaelibet
738 1070 930 1117 relatio
964 1071 1118 1116 unius
1154 1071 1381 1118 rationis

373 1146 441 1192 sit
486 1146 544 1192 de
590 1149 644 1192 se
692 1149 795 1200 hcec,
843 1149 1021 1193 tamen
1068 1160 1098 1192 a
1146 1147 1382 1206 pluribus

374 1222 722 1267 relationibus
754 1222 1049 1281 productivi
1072 1225 1248 1281 potest
1276 1222 1382 1268 for¬

375 1309 467 1342 san
499 1297 738 1343 abstrahi
767 1311 926 1343 unum
969 1311 1263 1349 commune,
1296 1311 1383 1357 pu¬

375 1376 430 1419 ta
462 1373 846 1431 productivum,
879 1376 929 1420 et
958 1374 1034 1421 ita
1073 1388 1103 1420 a
1143 1374 1382 1433 pluribus

378 1448 727 1494 relationibus
780 1450 1021 1508 producti
1076 1451 1250 1508 potest
1297 1450 1384 1496 ab¬

377 1525 549 1571 strahi
574 1539 733 1571 unum
769 1540 1063 1579 commune,
1101 1529 1228 1585 puta
1262 1540 1385 1587 pro¬

374 1601 586 1648 ductum
613 1618 621 1653 ;
672 1602 773 1649 etsi
801 1602 969 1661 igitur
1013 1605 1091 1649 est
1127 1617 1228 1649 una
1252 1604 1384 1650 rela¬

376 1675 452 1723 tio
495 1676 547 1722 in
588 1678 872 1729 communi,
931 1679 971 1724 si
1022 1681 1102 1725 est
1153 1693 1384 1725 commu¬

372 1766 436 1798 ne
494 1752 854 1806 abstrahibile,
920 1768 1033 1813 quae
1082 1754 1277 1801 dicitur
1332 1755 1385 1801 in

374 1829 640 1874 communi
682 1829 873 1875 relatio
920 1843 1162 1889 personae
1199 1832 1386 1890 produ¬

375 1904 560 1956 centis,
593 1908 714 1951 sunt
737 1908 915 1951 tamen
941 1907 1052 1952 duae
1077 1907 1382 1960 relationes,

376 1980 714 2037 producentis
750 1980 824 2027 sic
857 1983 908 2027 et
956 1982 1046 2033 sic,
1093 1982 1228 2028 sicut
1275 1984 1386 2029 duae

376 2057 854 2115 correspondentes
906 2058 981 2103 eis
1023 2059 1268 2118 producti
1311 2060 1385 2106 sic

375 2134 424 2178 et
455 2132 545 2179 sic.

434 2209 508 2254 Ad
550 2210 828 2255 secundam
870 2210 1133 2257 rationem
1167 2213 1229 2269 (e)
1265 2226 1387 2258 con¬

376 2282 498 2328 cedo
551 2283 684 2341 quod
730 2284 1080 2330 relationibus
1124 2299 1186 2330 ex
1234 2290 1387 2345 parte

376 2358 778 2416 producentium
811 2360 893 2406 vel
929 2360 1241 2418 productivi,
1274 2376 1387 2408 cor-

376 2434 691 2492 respondent
754 2435 1042 2481 relationes
1111 2450 1175 2482 ex
1237 2441 1388 2496 parte

373 2509 773 2566 productorum,
811 2514 862 2558 et
905 2514 1000 2564 tot,
1036 2512 1123 2558 sed
1170 2526 1275 2557 non
1312 2527 1386 2559 se¬

373 2585 570 2643 quitur,
608 2586 651 2632 si
704 2587 992 2634 relationes
1033 2589 1274 2647 producti
1321 2590 1388 2635 di¬

371 2661 719 2720 stinguuntur
754 2663 844 2716 sic,
876 2667 933 2710 ut
968 2663 1073 2711 sint
1113 2664 1165 2710 in
1205 2665 1386 2712 distin¬

369 2736 469 2783 ctis
502 2738 820 2797 suppositis;
857 2752 986 2797 ergo
1015 2742 1066 2786 et
1097 2739 1384 2787 relationes

370 2813 728 2871 producentis.
773 2815 932 2874 Cujus
969 2815 1108 2861 ratio
1149 2816 1385 2875 assigna¬

371 2891 479 2940 tur,
517 2889 639 2947 quia
680 2890 969 2937 relationes
1000 2891 1242 2950 producti
1271 2905 1386 2951 pos¬

373 2965 496 3009 sunt
540 2963 791 3023 distingui
836 2969 1058 3025 propter
1106 2966 1384 3014 distinctas

373 3039 611 3085 rationes
655 3040 970 3099 producendi
1012 3055 1125 3100 quae
1172 3044 1291 3088 sunt
1332 3042 1386 3088 in

373 3114 710 3172 producente,
736 3116 860 3163 licet
885 3117 953 3163 sit
979 3117 1112 3163 idem
1148 3119 1385 3177 supposi¬

372 3191 486 3235 tum
548 3191 856 3249 producens,
919 3192 1054 3239 sicut
1109 3193 1384 3252 productio

373 3265 672 3311 artificialis
701 3268 751 3312 et
774 3268 1036 3314 naturalis
1064 3268 1387 3326 distinguun¬

373 3342 463 3386 tur
489 3355 584 3400 per
606 3342 869 3402 principia
898 3344 1225 3403 productiva,
1251 3344 1387 3390 scili¬

374 3419 456 3463 cet
497 3430 591 3476 per
636 3422 808 3465 artem
859 3423 911 3467 et
960 3424 1225 3472 naturam,
1261 3420 1387 3467 licet

374 3490 479 3538 ista
524 3496 848 3540 concurrant
891 3494 942 3540 in
984 3496 1163 3541 eodem
1193 3509 1385 3554 suppo¬

377 3566 497 3614 sito.
547 3570 854 3619 Relationes
913 3573 1091 3618 autem
1142 3569 1384 3632 producti

1457 323 1560 356 non
1620 310 1843 369 possunt
1896 309 1971 356 ita
2032 320 2352 355 concurrere
2411 304 2463 353 in

1455 386 1636 432 eodem
1673 385 1948 445 supposito
1984 385 2034 430 et
2077 397 2179 429 una
2218 395 2461 443 persona,

1456 463 1541 508 sed
1600 464 1718 508 sunt
1770 462 2034 509 distinctae
2090 461 2463 520 personaliter,

1455 536 1578 596 quia
1616 538 1926 597 productum
1961 539 2042 584 est
2083 550 2173 597 per
2208 550 2261 582 se
2300 535 2468 581 subsi¬

1456 616 1600 660 stens
1652 616 1702 659 et
1738 613 2090 673 suppositum.

1513 706 1632 754 Alia
1689 707 1829 753 ratio
1888 708 2034 767 patet
2085 719 2148 751 ex
2199 704 2466 764 superiori

1458 783 1682 835 ratione,
1715 782 1837 842 quia
1858 795 1962 828 non
1985 783 2158 842 potest
2184 781 2315 827 idem
2351 795 2466 841 pro¬

1456 859 1572 905 duci
1610 859 1806 905 duabus
1855 858 2289 919 productionibus
2329 859 2468 904 tota¬

1457 935 1608 987 libus,
1639 935 1762 982 licet
1800 935 1932 981 idem
1968 934 2138 994 possit
2179 934 2469 993 producere

1455 1010 1652 1056 duabus
1701 1010 2136 1070 productionibus
2195 1009 2466 1061 totalibus,

1456 1089 1507 1132 et
1562 1086 1673 1132 ideo
1726 1086 2018 1133 relationes
2074 1085 2313 1146 producti
2365 1099 2468 1132 non

1458 1161 1831 1219 plurificantur
1854 1161 1907 1207 in
1933 1161 2128 1213 eodem,
2171 1160 2296 1208 licet
2338 1160 2468 1206 rela¬

1456 1237 1626 1283 tiones
1673 1237 2015 1297 producentis
2062 1235 2267 1296 possint
2308 1236 2467 1296 pluri-

1457 1311 1623 1359 ficari.

1516 1383 1590 1429 Ad
1646 1383 1869 1430 tertium
1920 1381 1991 1441 (f),
2027 1382 2265 1442 potentia
2318 1383 2469 1429 finita

1458 1470 1562 1502 non
1645 1460 1820 1517 potest
1878 1458 2070 1504 habere
2123 1457 2280 1504 simul
2342 1459 2470 1505 duos

1456 1534 1716 1580 terminos
1757 1535 2059 1594 adaequatos
2088 1535 2141 1592 in
2180 1537 2367 1592 produci
2372 1572 2381 1588 ,
2413 1535 2470 1580 li¬

1459 1612 1541 1656 cet
1586 1611 1755 1669 possit
1784 1611 1977 1657 habere
2003 1625 2164 1658 unum
2193 1612 2245 1670 in
2285 1614 2471 1670 produci

1459 1687 1509 1731 et
1539 1686 1701 1734 alium
1737 1687 1790 1744 in
1830 1690 2042 1744 producto
2069 1704 2155 1742 esse
2178 1707 2193 1742 ;
2232 1689 2469 1748 potentia

1461 1766 1638 1810 autem
1703 1764 1907 1811 infinita
1968 1764 2124 1812 habet
2181 1766 2469 1812 terminum

1462 1854 1613 1886 suum
1649 1841 1791 1888 intra
1831 1855 1884 1888 se
1925 1855 2134 1901 semper
2180 1842 2230 1900 in
2266 1843 2468 1900 produci,

1459 1917 1510 1961 et
1545 1915 1646 1963 iste
1673 1919 1753 1963 est
1798 1917 2117 1976 adaequatus,
2148 1919 2198 1962 et
2227 1917 2339 1963 ideo
2369 1930 2472 1962 non

1462 1994 1636 2050 potest
1671 1992 1862 2038 habere
1914 1993 2094 2052 plures
2133 1993 2408 2040 terminos.

1750 2119 2171 2161 COMMENTARIUS.

1515 2223 1568 2276 (a)
1604 2227 1722 2265 Nunc
1753 2227 1882 2264 restat
1912 2225 2101 2274 probare
2107 2235 2116 2273 ,
2158 2226 2270 2273 quod
2306 2228 2472 2264 tantum

1461 2296 1512 2334 sit
1551 2306 1639 2334 una
1685 2306 1767 2333 non
1808 2296 2030 2344 producta.
2071 2294 2143 2334 Hic
2185 2294 2371 2335 ostendit
2401 2306 2468 2334 se¬

1464 2369 1654 2408 cundum
1708 2370 1971 2419 principale,
2029 2372 2072 2409 et
2134 2372 2270 2420 primo
2322 2372 2474 2410 recitat

1462 2446 1704 2495 opinionem
1747 2446 1914 2495 Ilenrici
1970 2446 2154 2495 quodlib.
2187 2447 2227 2495 6.
2271 2450 2412 2495 qusest.
2437 2449 2471 2486 1.

1464 2522 1579 2570 quod
1625 2521 1731 2560 illud
1774 2521 2016 2560 ostenditur
2062 2523 2173 2561 sicut
2236 2522 2477 2561 ostenditur

1461 2596 1602 2635 unitas
1627 2597 1719 2636 Dei.
1749 2598 1834 2635 Hoc
1867 2597 1990 2636 etiam
2031 2597 2220 2635 ostendit
2254 2607 2333 2646 per
2370 2598 2477 2635 Hila¬

1464 2672 1574 2710 rium
1616 2683 1708 2721 cap.
1748 2673 1787 2711 5.
1828 2674 1877 2711 de
1907 2674 2100 2720 Synodis,
2144 2673 2218 2711 ubi
2249 2673 2339 2711 vult
2361 2671 2479 2722 quod

1462 2748 1533 2798 qui
1585 2747 1686 2787 dicit
1743 2747 1852 2787 duos
1910 2749 2188 2788 innascibiles
2247 2747 2478 2787 confitetur

1463 2824 1571 2863 duos
1608 2825 1737 2863 Deos.
1779 2825 1900 2870 Item,
1939 2825 2093 2874 probat
2124 2824 2223 2874 quia
2253 2835 2340 2863 non
2374 2827 2475 2864 sunt

1460 2900 1581 2949 plura
1627 2900 1849 2948 supposita
1884 2899 2093 2947 absoluta,
2135 2899 2234 2950 quia
2268 2902 2368 2938 tunc
2394 2910 2472 2938 na¬

1461 2977 1555 3012 tura
1613 2973 1752 3013 divina
1809 2978 1924 3013 esset
1975 2973 2105 3013 divisa
2144 2975 2187 3013 in
2225 2975 2321 3021 illis,
2373 2974 2470 3024 quia

1459 3049 1528 3088 illa
1557 3050 1780 3098 supposita
1819 3050 2014 3089 absolute
2045 3060 2130 3088 non
2170 3052 2348 3099 possent
2373 3059 2468 3088 esse

1460 3123 1540 3162 nisi
1589 3127 1674 3163 tres
1711 3124 1978 3170 substantiae;
2021 3127 2146 3162 erunt
2193 3134 2296 3174 ergo
2349 3124 2469 3173 plura

1459 3198 1652 3245 relativa,
1689 3199 1732 3238 id
1766 3202 1844 3245 est,
1876 3199 1998 3248 plura
2019 3199 2240 3248 supposita
2271 3199 2469 3238 constitu¬

1464 3277 1499 3313 ta
1545 3274 1587 3313 in
1626 3285 1710 3313 esse
1764 3275 2014 3325 suppositali
2059 3285 2135 3323 per
2187 3274 2467 3321 relationem;

1460 3352 1534 3388 aut
1567 3359 1669 3400 ergo
1710 3354 1832 3389 erunt
1876 3351 2105 3390 constituta
2142 3349 2352 3389 relatione
2381 3360 2470 3388 mu¬

1464 3428 1533 3463 tua
1569 3426 1681 3464 inter
1711 3437 1774 3472 se,
1822 3425 1865 3464 id
1897 3428 1974 3472 est,
2026 3425 2144 3476 quod
2196 3425 2307 3464 sicut
2345 3424 2470 3464 Pater

1461 3502 1730 3541 constituitur
1749 3512 1827 3551 per
1849 3502 2163 3551 paternitatem,
2194 3502 2251 3540 ita
2273 3506 2314 3541 et
2345 3501 2470 3540 Filius

1458 3587 1536 3627 per
1572 3576 1819 3617 filiationem
1858 3588 1950 3628 quae
1986 3580 2086 3617 sunt
2122 3576 2353 3616 relationes
2372 3586 2465 3616 mu-
