2682 3979
352 455 582 510 parando
618 466 776 499 unum
830 452 892 499 ab
939 452 1060 498 alio.
1115 452 1264 504 Puta,
1309 451 1352 497 si

347 544 508 589 agens
532 528 940 589 supernaturale
962 528 1208 574 causaret
1225 528 1334 573 noti

347 604 687 666 tiamobjecti
712 603 995 657 naturalis,
1026 605 1082 649 ut
1119 601 1163 647 si
1185 602 1357 648 infun¬

350 683 496 729 deret
518 681 877 729 Geometriam
900 679 1075 730 alicui,
1106 677 1194 723 illa
1218 679 1356 722 esset

347 756 772 817 supernaturalis
797 754 970 815 primo
1001 753 1152 799 modo
1177 755 1226 798 et
1254 764 1357 797 non

345 833 570 880 secundo
594 832 772 884 modo;
800 829 844 876 si
866 831 1043 876 autem
1061 827 1360 874 infunderet

344 909 593 957 notitiam
627 907 783 967 hujus
811 908 820 951 :
845 908 955 949 Deus
983 914 1042 948 est
1086 906 1244 955 trinus,
1276 902 1358 948 vel

345 984 614 1035 similium,
640 983 748 1029 hsec
767 977 1198 1041 supernaturalis
1220 979 1360 1024 esset

345 1062 572 1118 utroque
602 1058 769 1108 modo,
819 1055 942 1115 quia
989 1054 1245 1102 secundus
1288 1053 1361 1098 in¬

346 1135 451 1182 fert
474 1134 722 1194 primum,
753 1132 880 1178 licet
908 1144 1011 1176 non
1033 1144 1060 1176 e
1083 1140 1358 1177 converso.

346 1209 444 1256 Ubi
472 1212 650 1256 autem
686 1209 764 1254 est
800 1206 1007 1267 primus
1038 1206 1265 1256 tantum,
1291 1202 1359 1249 ibi

346 1299 450 1331 non
471 1287 550 1332 est
572 1297 786 1330 necesse
816 1282 948 1343 quod
982 1280 1051 1328 sit
1077 1280 1152 1326 sic
1181 1291 1362 1338 super¬

347 1359 627 1411 naturalis,
670 1358 794 1417 quin
829 1356 1154 1404 naturaliter
1190 1353 1362 1413 possit

348 1436 532 1482 haberi
559 1452 567 1488 ;
594 1435 679 1482 ubi
705 1447 834 1480 vero
864 1434 943 1478 est
979 1431 1236 1478 secundus
1260 1441 1364 1475 mo¬

348 1511 458 1562 dus,
482 1512 560 1556 est
590 1508 880 1556 necessitas
905 1510 960 1555 ut
982 1507 1364 1566 supernatura-

347 1585 475 1633 liter
525 1585 804 1636 habeatur,
868 1582 988 1643 quia
1039 1580 1365 1628 naturaliter

348 1661 533 1708 haberi
554 1674 659 1708 non
686 1662 878 1720 potest.

635 1787 1070 1832 COMMENTARIUS.

406 1917 474 1976 (x)
489 1918 557 1960 Ad
577 1916 852 1974 quaestionem
857 1949 866 1967 ,
884 1922 962 1957 etc.
987 1911 1294 1968 Respondendo
1315 1910 1364 1953 ad

348 1993 629 2051 quaestionem
654 1991 789 2047 primo
818 1989 1039 2047 praemittit
1060 1987 1217 2042 aliqua.
1243 1987 1364 2028 Dein¬

347 2070 398 2112 de
418 2069 602 2112 ostendit
632 2067 915 2123 propositum,
944 2063 1145 2107 videlicet
1168 2061 1280 2118 quod
1308 2060 1366 2103 sit

351 2145 513 2187 homini
549 2157 624 2200 pro
651 2150 763 2185 statu
801 2142 882 2185 isto
918 2140 1075 2183 volenti
1116 2135 1362 2188 beatificari,

349 2221 592 2264 necessaria
619 2219 761 2275 aliqua
781 2217 974 2260 doctrina
1008 2213 1362 2270 supernaturalis.

353 2298 494 2338 Primo
522 2309 624 2352 ergo
670 2292 894 2350 praemittit
931 2290 1248 2333 distinctionem
1289 2302 1365 2343 po¬

349 2373 494 2415 tentiae
562 2370 792 2421 naturalis,
854 2368 1056 2410 violentae
1101 2373 1141 2407 et
1186 2373 1364 2407 neutrae.

348 2447 578 2499 Naturalis,
622 2446 657 2488 si
686 2444 938 2488 naturaliter
968 2443 1195 2484 inclinetur
1222 2448 1368 2495 poten¬

350 2524 423 2567 tia.
448 2524 640 2565 Violenta
661 2522 830 2573 dicitur,
861 2520 896 2562 si
925 2519 981 2562 sit
1008 2525 1155 2561 contra
1185 2516 1365 2558 inclina¬

351 2602 512 2642 tionem
537 2600 786 2650 naturalem,
823 2605 868 2641 ut
889 2603 1003 2652 patet
1023 2595 1075 2637 de
1096 2594 1220 2650 gravi
1247 2601 1367 2635 extra

352 2684 561 2718 centrum.
599 2677 646 2718 Et
687 2683 850 2724 neutra,
897 2673 931 2714 si
972 2684 1110 2727 neque
1138 2669 1367 2711 inclinatur

351 2752 403 2794 ad
449 2752 572 2794 istam
615 2750 792 2791 formam
840 2761 978 2803 neque
1016 2746 1066 2788 ad
1106 2745 1361 2800 oppositam,

352 2828 466 2870 sicut
505 2825 754 2879 superficies
781 2837 866 2866 non
900 2822 1039 2877 magis
1061 2820 1290 2863 inclinatur
1315 2819 1365 2862 ad

353 2903 591 2945 albedinem
621 2914 747 2956 quam
775 2901 825 2942 ad
849 2898 1132 2954 nigredinem,
1163 2896 1247 2937 imo
1270 2896 1364 2937 nul¬

353 2979 435 3021 lam
482 2977 716 3020 naturalem
769 2974 1090 3017 inclinationem
1144 2972 1269 3013 habet
1314 2970 1364 3012 ad

355 3054 600 3111 hujusmodi
628 3052 874 3094 accidentia.
900 3050 1075 3092 Materia
1096 3061 1198 3091 vero
1227 3046 1365 3102 prima

358 3131 511 3173 dicitur
539 3129 724 3185 potentia
758 3134 923 3177 neutra,
954 3133 994 3167 et
1021 3132 1162 3166 tamen
1186 3122 1364 3164 inclina¬

357 3213 425 3248 tur
447 3205 694 3248 naturaliter
720 3203 770 3245 ad
792 3215 940 3245 omnes
968 3201 1127 3242 formas
1162 3199 1364 3240 substan¬

358 3282 499 3333 tiales;
525 3280 575 3323 de
591 3293 672 3336 qua
686 3278 866 3321 naturali
891 3276 1164 3319 inclinatione
1177 3273 1366 3316 materiae

360 3357 527 3412 primae,
563 3354 722 3412 patebit
763 3356 886 3409 infra
910 3353 955 3394 d.
999 3356 1018 3393 1
1032 3386 1039 3393 .
1070 3365 1109 3407 q.
1153 3353 1196 3392 1.
1237 3351 1289 3391 Et
1314 3348 1368 3390 de

360 3432 541 3475 naturali
569 3430 841 3473 inclinatione
866 3427 1072 3480 absolute,
1104 3439 1200 3480 quse
1233 3438 1367 3480 oppo¬

363 3510 477 3551 nitur
504 3508 704 3557 violento,
735 3505 833 3548 vide
854 3503 1074 3546 Doctorem
1091 3502 1138 3544 in
1159 3501 1199 3544 2.
1225 3501 1268 3543 d.
1295 3501 1363 3543 18.

422 3584 493 3641 (y)
525 3584 578 3625 In
615 3583 696 3624 hac
733 3589 875 3623 autem
900 3578 1239 3634 comparatione,
1282 3584 1364 3618 etc.

363 3661 471 3703 Dicit
491 3662 642 3701 Doctor
669 3656 779 3712 quod
800 3654 1084 3710 comparando
1105 3651 1366 3707 receptivum

357 3738 409 3781 ad
431 3736 747 3794 perfectionem,
772 3733 822 3775 ad
844 3745 969 3788 quam
1004 3738 1070 3774 est
1102 3729 1145 3770 in
1178 3728 1367 3784 potentia

1429 453 1640 509 receptiva
1688 453 1882 503 naturali,
1934 454 2000 496 vel
2033 452 2083 495 ad
2119 447 2434 508 perfectionem,

1426 529 1475 571 ad
1504 541 1629 584 quam
1657 537 1721 571 est
1748 529 1790 570 in
1820 529 2007 585 potentia
2047 528 2242 579 neutrali,
2292 527 2357 570 vel
2387 528 2437 570 ad

1427 604 1528 646 illud
1551 603 1602 646 ad
1629 604 1739 659 quod
1768 603 1926 647 nullam
1963 605 2088 647 habet
2115 603 2433 646 inclinationem

1428 678 1686 729 naturalem;
1715 680 1828 723 nulla
1858 686 1920 722 est
1955 680 2011 721 ibi
2039 678 2435 735 supernaturalitas,

1429 768 1524 796 cum
1561 768 1612 797 ex
1634 763 1782 798 natura
1802 769 1876 798 sua
1899 756 1953 797 sit
1976 756 2016 798 in
2052 756 2237 812 potentia
2269 757 2445 811 recepti¬

1431 842 1481 872 va
1521 830 1570 872 ad
1605 829 1867 886 hujusmodi,
1909 837 1951 872 et
1987 830 2050 873 sic
2089 830 2348 881 intellectus,
2396 837 2444 872 ut

1430 913 1699 962 comparatur
1725 907 1773 949 ad
1797 920 2110 963 quamcumque
2136 906 2439 962 cognitionem,

1431 981 1482 1022 ad
1510 994 1635 1037 quam
1659 988 1722 1024 est
1763 983 1802 1023 in
1832 982 2020 1037 potentia
2050 982 2280 1037 receptiva,
2325 981 2439 1023 nulla

1431 1064 1493 1098 est
1521 1056 1578 1100 ibi
1599 1057 1994 1112 supernaturalitas.
2020 1057 2150 1100 Habet
2178 1058 2292 1099 enim
2318 1065 2442 1098 natu¬

1432 1132 1562 1174 ralem
1614 1132 1928 1174 inclinationem
1973 1133 2023 1175 ad
2069 1145 2241 1174 omnem
2296 1131 2444 1186 cogni¬

1433 1206 1589 1249 tionem
1608 1242 1616 1257 ,
1669 1221 1764 1249 cum
1811 1208 1998 1263 cognitio
2053 1214 2446 1264 quantumcumque

1435 1281 1624 1334 minima,
1661 1282 1716 1324 sit
1742 1282 1944 1338 perfectio
1973 1282 2212 1325 intellectus
2247 1289 2287 1325 et
2311 1281 2445 1339 quali¬

1434 1365 1498 1400 tas
1531 1358 1737 1412 absoluta,
1774 1367 1818 1402 ut
1854 1360 2002 1415 probat
2023 1361 2174 1401 Doctor
2203 1361 2251 1401 in
2275 1358 2434 1408 Quodl.

1436 1448 1475 1490 q.
1506 1438 1570 1478 14.
1601 1435 1682 1478 Sed
1721 1436 2370 1492 supernaturalitas,attenditur
2391 1449 2442 1476 ex

1435 1511 1751 1567 comparatione
1772 1513 1822 1554 ad
1850 1525 1998 1567 agens,
2030 1512 2085 1554 ita
2113 1511 2223 1567 quod
2252 1511 2322 1553 illa
2346 1524 2441 1565 per¬

1437 1586 1561 1630 fectio
1587 1586 1741 1629 dicitur
1783 1587 2134 1642 supernaturalis,
2184 1599 2280 1641 quae
2324 1585 2441 1627 nullo

1439 1662 1562 1703 modo
1602 1668 1737 1716 potest
1762 1662 1925 1705 causari
1964 1663 2015 1704 ab
2053 1669 2205 1718 agente
2244 1661 2440 1704 naturali.

1438 1738 1488 1778 Et
1521 1750 1654 1792 agens
1693 1737 1883 1780 naturale
1928 1748 2003 1792 pro
2055 1751 2168 1779 nunc
2211 1744 2275 1778 est
2317 1748 2444 1778 omne

1438 1812 1551 1855 aliud
1573 1826 1595 1855 a
1618 1815 1716 1864 Deo,
1741 1822 1782 1856 et
1811 1827 1884 1870 per
1904 1827 2171 1870 consequens
2192 1813 2330 1854 omnis
2353 1825 2445 1867 per¬

1439 1888 1579 1942 fectio,
1605 1903 1701 1945 quse
1740 1891 1887 1932 subest
1917 1889 2152 1932 causalitati
2179 1888 2346 1944 agentis
2370 1901 2445 1930 na¬

1439 1966 1602 2017 turalis,
1644 1966 1799 2009 dicitur
1841 1966 2061 2017 naturalis,
2092 1973 2136 2007 ut
2161 1965 2204 2021 ly
2243 1966 2444 2008 naturale

1438 2041 1719 2098 distinguitur
1751 2049 1895 2084 contra
1916 2042 2261 2097 supernaturale.

1498 2117 1558 2175 (z)
1583 2119 1668 2160 Pro
1697 2125 1811 2160 statu
1837 2125 1978 2160 autem
2000 2120 2094 2160 isto.
2128 2120 2202 2159 Hic
2234 2117 2334 2161 dicit
2364 2120 2446 2159 Do¬

1439 2201 1528 2236 ctor
1554 2194 1664 2251 quod
1688 2193 1924 2236 intellectus
1952 2192 2166 2249 possibilis
2194 2201 2257 2235 est
2281 2200 2445 2235 tantum

1440 2277 1563 2312 natus
1586 2269 1746 2312 moveri
1769 2271 1820 2312 ab
1844 2269 2056 2312 intellectu
2080 2277 2233 2325 agente
2248 2276 2288 2311 et
2310 2269 2444 2324 phan¬

1437 2353 1630 2398 tasmate,
1655 2353 1695 2388 et
1717 2346 1778 2388 sic
1803 2345 1892 2389 sola
1919 2345 1987 2387 illa
2014 2345 2202 2400 cognitio
2235 2352 2298 2387 est
2320 2352 2443 2386 natu¬

1440 2423 1554 2474 ralis,
1603 2436 1699 2478 quse
1748 2423 1798 2464 ab
1844 2420 1936 2464 istis
1983 2421 2208 2477 agentibus
2255 2420 2442 2476 imprimi

1438 2505 1591 2553 potest.
1621 2501 1671 2540 Et
1703 2497 1914 2555 quomodo
1946 2511 2019 2553 pro
2054 2503 2166 2540 statu
2194 2496 2274 2539 isto
2300 2496 2448 2538 dicun¬

1438 2582 1508 2616 tur
1539 2574 1835 2630 phantasmata
1863 2587 2032 2615 movere
2066 2573 2345 2623 intellectum,
2377 2586 2447 2628 pa¬

1439 2650 1543 2692 tebit
1581 2651 1705 2704 infra
1737 2650 1779 2692 d.
1821 2652 1861 2705 3.
1900 2663 1939 2705 q.
1976 2652 1993 2691 1
2007 2652 2014 2691 .
2045 2652 2086 2691 2.
2122 2656 2160 2690 et
2187 2652 2227 2691 3.
2272 2648 2342 2691 ubi
2370 2648 2449 2691 hoc

1439 2724 1594 2767 diffuse
1643 2724 1938 2767 declarabitur.
1988 2725 2288 2766 Phantasmata
2332 2724 2445 2766 enim

1438 2809 1600 2843 tantum
1649 2807 1821 2842 movent
1866 2800 2126 2842 intellectum
2177 2798 2442 2854 possibilem,

1438 2876 1651 2919 causando
1673 2876 1713 2918 in
1736 2890 1782 2919 eo
1810 2875 2040 2932 partialiter
2073 2883 2236 2917 tantum
2259 2873 2445 2931 speciem

1435 2952 1768 3008 intelligibilem.
1793 2954 1884 2994 Non
1906 2952 2017 2993 enim
2037 2958 2204 2994 movent
2227 2950 2276 2992 ad
2298 2950 2448 3005 cogni¬

1438 3028 1596 3069 tionem
1618 3028 1799 3084 alicujus
1826 3027 1995 3084 objecti,
2022 3035 2066 3069 ut
2087 3026 2206 3069 docet
2228 3029 2379 3069 Doctor
2403 3029 2441 3069 1.

1438 3103 1482 3144 d.
1512 3106 1554 3158 3.
1596 3117 1634 3157 q.
1677 3105 1718 3145 1.
1755 3111 1792 3144 et
1824 3117 1862 3158 q.
1904 3103 1970 3150 13.
2013 3101 2213 3150 Quodlib.
2243 3103 2294 3144 Et
2334 3101 2444 3159 quod

1440 3177 1541 3219 dicit
1558 3178 1609 3220 de
1625 3177 1838 3220 intellectu
1861 3184 2027 3232 agente,
2060 3190 2209 3219 verum
2236 3184 2300 3220 est
2332 3177 2443 3233 quod

1438 3253 1488 3294 ad
1521 3253 1809 3296 causationem
1832 3252 1988 3307 speciei
2023 3251 2323 3308 intelligibilis,
2361 3265 2442 3293 una

1439 3342 1536 3371 cum
1575 3330 1869 3385 phantasmate
1911 3328 2142 3380 concurrit,
2181 3335 2227 3370 ut
2270 3333 2386 3384 patet
2424 3341 2447 3369 a

1441 3405 1617 3447 Doctore
1654 3405 1779 3458 infra
1805 3404 1848 3446 d.
1879 3406 1920 3458 3.
1951 3417 1995 3458 q.
2037 3405 2082 3446 6.
2118 3407 2159 3445 et
2189 3405 2358 3459 penult.
2402 3409 2444 3444 et

1443 3481 1556 3523 nullo
1586 3479 1710 3522 modo
1747 3478 1960 3521 concurrit
1987 3478 2226 3522 intellectus
2267 3478 2445 3534 possibi¬

1440 3557 1508 3608 lis,
1540 3565 1585 3600 ut
1608 3564 1719 3612 patet
1742 3570 1765 3599 a
1794 3555 1970 3598 Doctore
1990 3555 2039 3597 in
2064 3571 2102 3611 q.
2137 3555 2204 3603 13.
2243 3554 2443 3603 Quodlib.

1499 3636 1563 3696 (a)
1594 3637 1754 3679 Virtute
1785 3644 1926 3678 autem
1952 3637 2130 3679 istorum
2139 3671 2146 3688 ,
2189 3635 2349 3678 scilicet
2387 3635 2448 3676 in¬

1438 3720 1630 3764 tellectus
1656 3719 1822 3775 agentis
1849 3727 1889 3761 et
1917 3718 2238 3774 phantasmatis.
2269 3720 2331 3760 Ex
2367 3716 2447 3759 hoc
