2653 3950
295 317 473 362 &utein
503 317 724 375 possunt
749 316 892 362 stare
914 315 1025 361 duae
1066 315 1302 362 rationes

295 389 556 438 distinctse
580 391 869 451 suppositi;
905 391 1070 450 igitur
1110 394 1162 438 et
1205 392 1302 438 duo

297 467 572 526 supposita
608 466 858 514 distincta
891 467 1054 514 etiam
1095 467 1206 513 sine
1234 467 1301 514 di¬

293 542 497 589 visione
518 546 742 597 naturae,
768 555 913 602 ergo,
938 546 1036 590 etc.

353 619 462 665 Hoc
493 620 827 679 propositum
867 622 1059 678 quarto
1105 620 1174 678 (g)
1223 619 1302 665 de¬

294 695 534 743 claratur
584 710 647 742 ex
700 696 993 749 infinitate,
1051 710 1164 755 quae
1222 699 1302 742 est

292 770 522 817 conditio
556 772 779 824 naturae,
822 775 873 819 et
900 771 999 818 hoc
1030 771 1104 817 sic
1135 788 1144 815 :
1176 771 1301 817 For¬

294 861 393 899 ma,
425 861 538 907 quae
559 851 639 895 est
661 848 840 908 aliquo
865 849 1014 895 modo
1063 848 1302 894 illimita-

290 926 346 968 ta
392 922 445 968 in
492 923 806 982 perficiendo
856 923 1140 970 materiam
1188 923 1300 969 sine

293 998 373 1043 sui
397 998 735 1046 distinctione
757 1002 808 1046 et
843 998 1153 1046 extensione
1182 1011 1301 1058 qua¬

291 1073 572 1133 licumque,
604 1076 779 1134 potest
819 1074 1072 1134 perficere
1121 1074 1299 1133 plures

289 1152 469 1207 partes
505 1149 762 1196 materiae.
811 1149 1142 1208 Exemplum,
1194 1148 1300 1194 ani¬

291 1237 374 1269 ma
397 1223 740 1277 intellectiva,
773 1238 885 1284 quae
914 1238 1019 1270 non
1047 1227 1128 1272 est
1167 1223 1302 1270 limi¬

289 1302 402 1346 tata
424 1300 485 1346 ad
520 1300 895 1360 perficiendum
918 1300 1052 1347 hanc
1093 1302 1302 1360 partem

290 1375 534 1434 corporis
571 1375 812 1434 organici
853 1375 965 1422 sine
1007 1375 1088 1422 sui
1127 1374 1300 1421 divisi¬

293 1464 388 1497 one
438 1454 491 1499 et
553 1453 863 1499 extensione
914 1453 1300 1511 qualicumque,

291 1528 372 1573 vel
397 1541 488 1587 per
511 1543 565 1575 se
591 1530 673 1576 vel
715 1543 810 1589 per
844 1530 1085 1576 accidens
1126 1528 1302 1588 potest

293 1605 546 1664 perficere
591 1605 751 1652 aliam
794 1609 1004 1665 partem
1057 1603 1302 1664 corporis

293 1681 547 1740 organici.
603 1683 714 1729 Ista
772 1682 911 1728 enim
977 1680 1299 1741 proprietas,

287 1756 529 1804 videlicet
570 1758 704 1816 quod
749 1758 925 1804 forma
972 1771 1075 1803 non
1121 1756 1304 1803 distin¬

287 1836 484 1891 guatur
523 1836 574 1881 et
618 1835 800 1880 tamen
846 1833 1088 1893 perficiat
1125 1834 1303 1892 plures

288 1911 470 1967 partes
498 1910 743 1969 corporis
784 1910 868 1956 vel
899 1909 1158 1962 materiae,
1201 1922 1305 1954 non

288 1984 544 2044 competit
571 1985 762 2032 animae
804 1985 1012 2032 ratione
1055 1985 1304 2045 imperfe¬

290 2061 500 2114 ctionis,
539 2061 660 2120 quia
696 2061 813 2121 ipsa
859 2062 1078 2120 ponitur
1128 2062 1305 2108 forma

288 2137 682 2196 perfectissima
716 2138 856 2184 inter
889 2151 1071 2184 omnes
1099 2138 1304 2184 formas

288 2212 578 2266 naturales,
606 2227 787 2259 omnes
829 2216 1007 2261 autem
1049 2213 1167 2259 aliae
1208 2214 1299 2259 im¬

288 2288 636 2347 perfectiores
670 2292 854 2337 carent
893 2289 997 2336 isto
1045 2290 1208 2348 gradu
1252 2291 1304 2336 in

286 2364 619 2423 perficiendo.
663 2366 854 2411 Omnes
894 2365 1034 2410 enim
1064 2364 1300 2411 limitan¬

285 2442 375 2486 tur
400 2440 462 2486 ad
490 2439 881 2499 perficiendum,
911 2454 1004 2486 nec
1023 2440 1304 2500 perficiunt

286 2515 468 2574 plures
525 2518 706 2574 partes
755 2516 996 2563 materiae
1057 2517 1168 2562 sine
1223 2531 1305 2562 ex¬

284 2591 525 2638 tensione
559 2605 653 2651 per
680 2592 936 2639 accidens.
968 2595 1045 2639 Ex
1089 2594 1185 2640 hoc
1227 2607 1308 2640 ar¬

287 2680 390 2727 guo
427 2667 500 2714 sic
532 2685 540 2713 :
587 2668 640 2716 Si
679 2669 805 2716 talis
853 2669 1030 2717 unitas
1083 2670 1152 2717 sit
1185 2684 1306 2718 cum

288 2744 617 2803 pluralitate,
659 2747 711 2792 et
744 2758 849 2790 non
881 2759 945 2790 ex
982 2744 1303 2805 imperfecti¬

291 2833 387 2866 one
418 2820 561 2866 illius
604 2821 738 2880 quod
777 2824 858 2868 est
901 2833 1089 2874 unum;
1135 2822 1307 2881 igitur

290 2897 562 2944 subtracto
590 2897 732 2943 omni
755 2911 817 2943 eo
843 2899 975 2957 quod
1007 2901 1088 2945 est
1118 2899 1307 2959 imper¬

289 2972 536 3020 fectionis
570 2987 634 3018 ex
668 2977 897 3032 utraque
922 2976 1091 3033 parte,
1131 2978 1308 3034 potest

290 3050 435 3094 stare
464 3047 700 3108 perfecta
724 3049 904 3094 unitas
939 3063 1059 3096 cum
1091 3050 1308 3109 plurali¬

289 3128 416 3179 tate,
476 3127 562 3172 sed
632 3127 767 3185 quod
832 3127 1008 3173 anima
1067 3127 1307 3186 perficiat

297 3202 595 3255 materiam,
633 3202 732 3248 hoc
767 3204 848 3249 est
886 3203 1307 3262 imperfectionis

296 3276 348 3321 in
371 3289 460 3328 ea;
483 3277 614 3336 quod
641 3277 803 3325 etiam
833 3278 925 3323 illa
958 3279 1109 3338 plura
1137 3278 1309 3338 perfe¬

288 3354 374 3398 cta
403 3352 507 3398 sint
533 3355 714 3411 partes
745 3352 980 3411 ejusdem
998 3354 1183 3408 totius,
1208 3354 1307 3401 hoc

293 3428 456 3474 etiam
483 3429 562 3474 est
588 3428 1027 3485 imperfectionis.

352 3502 404 3550 Si
427 3503 592 3562 igitur
619 3505 844 3552 tollatur
886 3506 948 3551 ab
983 3506 1176 3560 anima,
1207 3505 1306 3554 hoc

289 3579 423 3638 quod
455 3581 534 3625 est
576 3580 829 3638 perficere
859 3581 1167 3636 materiam.
1198 3585 1250 3630 et
1277 3596 1307 3629 a

1375 319 1615 378 pluribus
1657 319 1760 365 illis
1799 319 2079 372 distinctis,
2110 319 2207 366 hoc
2251 321 2384 379 quod

1377 398 1458 442 est
1486 408 1601 441 esse
1640 398 1822 454 partes
1862 395 2015 441 unius
2056 395 2222 442 totius
2247 432 2256 448 ,
2307 410 2382 441 re¬

1379 470 1610 518 manebit
1635 469 1811 517 forma
1850 471 2044 518 habens
2091 472 2382 531 perfectam

1378 545 1653 592 unitatem,
1690 549 1771 593 sed
1811 561 1914 593 non
1953 547 2250 594 informans
2280 560 2384 592 ma¬

1377 621 1586 672 teriam,
1619 623 1704 668 sed
1731 623 1857 669 dans
1880 623 2045 670 totale
2067 639 2167 680 esse,
2204 626 2255 670 et
2283 623 2382 670 hoc

1377 696 1617 755 pluribus
1639 697 1920 753 distinctis,
1952 712 2064 758 quae
2087 712 2192 745 non
2230 701 2386 745 erunt

1378 775 1557 831 partes
1587 774 1741 819 unius
1769 774 1953 827 totius,
1979 775 2066 821 sed
2097 778 2253 822 erunt
2290 787 2384 833 per

1379 861 1432 894 se
1473 849 1839 902 subsistentes,
1881 853 1932 897 et
1978 854 2102 897 tunc
2130 850 2235 897 erit
2284 863 2385 896 una

1374 926 1569 971 natura
1607 925 1733 971 dans
1768 925 1934 972 totale
1983 939 2100 972 esse
2148 925 2384 985 pluribus

1375 1001 1666 1060 suppositis
1713 1002 2007 1055 distinctis;
2047 1015 2175 1061 ergo
2216 1015 2386 1048 essen¬

1374 1075 1452 1122 tia
1486 1077 1660 1123 divina
1701 1091 1814 1136 quse
1843 1081 1924 1126 est
1960 1078 2167 1138 penitus
2208 1077 2383 1124 illimi-

1375 1153 1505 1204 tata,
1539 1166 1568 1198 a
1613 1165 1713 1212 qua
1744 1153 1989 1200 aufertur
2023 1154 2266 1213 quidquid
2304 1155 2385 1200 est

1374 1227 1813 1288 imperfectionis,
1852 1232 2024 1289 potest
2060 1230 2184 1276 dare
2219 1229 2385 1277 totale

1375 1319 1463 1348 esse
1495 1305 1733 1364 pluribus
1775 1306 2067 1365 suppositis
2095 1305 2383 1353 distinctis.

1669 1424 2083 1465 COMMENTARIUS.

1428 1534 1490 1589 (aj
1509 1538 1572 1576 Ad
1576 1540 1771 1586 primam
1792 1537 2060 1586 quaestionem
2065 1567 2075 1584 ,
2098 1536 2141 1576 in
2169 1545 2251 1587 qua
2274 1546 2385 1587 quae¬

1377 1614 1555 1652 rebatur
1587 1616 1594 1652 :
1618 1616 1676 1652 An
1689 1612 1892 1662 possibile
1916 1614 1968 1652 sit
1999 1624 2094 1653 cum
2126 1614 2286 1651 unitate
2316 1624 2378 1651 es¬

1376 1689 1515 1728 sentiae
1530 1689 1681 1729 divinae
1719 1693 1833 1728 stare
1864 1689 2161 1739 pluralitatem
2185 1700 2385 1738 persona¬

1375 1768 1502 1806 rum?
1535 1766 1578 1804 In
1608 1767 1685 1806 ista
1728 1769 1962 1817 quaestione
2002 1769 2157 1806 Doctor
2199 1766 2387 1806 declarat

1376 1842 1513 1890 primo
1534 1841 1745 1881 rationem
1778 1842 2003 1892 suppositi,
2028 1846 2069 1881 et
2101 1841 2258 1882 deinde
2285 1852 2387 1891 pro¬

1377 1917 1451 1956 bat
1472 1918 1684 1956 intentum
1712 1918 1964 1968 principale.

1431 1992 1614 2032 Primum
1633 1993 1690 2032 ibi
1722 1997 1730 2033 :
1755 1995 1816 2033 Ad
1843 1995 2066 2033 videndum
2096 1998 2234 2033 autem
2261 1994 2388 2033 istam

1377 2067 1852 2117 incompossibilitalem,
1876 2069 2057 2108 videnda
2077 2072 2133 2107 est
2170 2070 2281 2108 ratio
2311 2080 2384 2108 ex¬

1378 2147 1630 2192 tremorum,
1671 2144 1826 2184 scilicet
1874 2148 2037 2184 naturae
2086 2149 2122 2184 et
2167 2147 2386 2195 suppositi.

1378 2221 1426 2259 Et
1457 2223 1505 2259 ut
1532 2221 1613 2260 ista
1641 2220 1783 2260 littera
1805 2221 1958 2261 clarius
1978 2221 2255 2272 intelligatur,
2287 2232 2388 2272 prae¬

1380 2294 1498 2333 mitto
1527 2295 1683 2345 aliqua.
1705 2295 1905 2342 Primum,
1936 2296 2017 2335 ista
2048 2295 2251 2335 differunt
2280 2297 2391 2335 inter

1381 2372 1429 2409 se
1461 2372 1728 2411 individuum
1747 2372 1837 2412 sive
1865 2373 2086 2422 singulare
2090 2403 2100 2420 ,
2124 2372 2241 2423 quod
2274 2371 2390 2412 idem

1382 2443 1448 2479 est
1484 2443 1741 2490 suppositum
1785 2445 1828 2492 et
1869 2452 2066 2492 persona.
2121 2442 2390 2482 Individuum

1379 2519 1554 2567 proprie
1596 2518 1684 2557 sive
1725 2518 1946 2570 singulare
1984 2519 2027 2557 in
2072 2520 2277 2559 creaturis
2326 2523 2392 2560 est

1382 2593 1483 2642 quid
1513 2595 1792 2633 constitutum
1813 2605 1866 2633 ex
1891 2597 2043 2633 natura
2065 2598 2106 2633 et
2125 2595 2387 2643 liaecceitate,

1381 2668 1440 2706 ita
1470 2667 1587 2718 quod
1627 2669 1852 2708 haecceitas
1891 2672 1955 2708 est
1993 2668 2185 2720 quaedam
2235 2671 2390 2710 entitas

1380 2745 1562 2792 positiva
1597 2744 1790 2792 actualis,
1815 2746 2071 2785 contrahens
2107 2751 2300 2785 naturam
2338 2746 2392 2786 ad

1384 2831 1467 2859 esse
1488 2822 1707 2872 singulare
1738 2822 1827 2862 sive
1849 2821 1905 2861 ad
1936 2834 2020 2861 esse
2050 2823 2391 2864 incommunica¬

1380 2897 1466 2936 bile
1486 2901 1529 2947 ut
1553 2899 1665 2947 quod
1668 2929 1678 2944 ,
1700 2902 1747 2938 ut
1777 2899 1989 2939 subtiliter
2008 2902 2127 2950 patet
2156 2912 2179 2939 a
2209 2901 2339 2940 Docto
2346 2912 2390 2941 re

1381 2974 1489 3016 infra
1519 2977 1700 3017 distinet.
1721 2979 1759 3027 5.
1792 2981 1933 3027 quaest.
1966 2979 2003 3017 2.
2027 2980 2071 3017 et
2090 2977 2229 3029 magis
2263 2977 2389 3017 diffu¬

1382 3053 1429 3090 se
1449 3053 1493 3091 in
1511 3053 1550 3091 2.
1568 3053 1748 3093 distinet.
1770 3054 1808 3092 3.
1832 3054 1875 3092 in
1895 3053 2190 3102 quaestionibus
2209 3054 2258 3093 de
2278 3052 2368 3092 indi
2371 3071 2392 3082 -

1383 3128 1636 3168 viduatione.
1677 3130 1784 3168 Nam
1842 3139 1937 3168 esse
1988 3128 2390 3168 incommunicabile

1383 3204 1555 3254 proprie
1594 3206 1641 3253 ut
1671 3206 1782 3253 quod
1814 3207 1880 3243 est
1908 3216 1995 3244 non
2032 3205 2192 3244 habere
2231 3204 2392 3256 aliquid

1382 3279 1557 3319 inferius
1588 3279 1642 3319 de
1672 3291 1756 3330 quo
1791 3281 1926 3330 possit
1957 3280 2181 3330 praedicari
2201 3280 2245 3320 in
2274 3283 2392 3320 recto

1381 3354 1469 3395 sive
1499 3355 1809 3405 praedicatione
1832 3356 2019 3404 dicente,
2052 3357 2132 3396 hoc
2152 3359 2208 3396 est
2235 3357 2311 3396 hoc
2317 3388 2327 3406 ,
2350 3360 2393 3397 et

1379 3432 1462 3471 hoc
1482 3431 1611 3470 modo
1635 3431 1858 3481 quodlibet
1878 3433 2096 3483 singulare
2118 3433 2160 3471 in
2184 3443 2388 3482 quocum¬

1381 3518 1465 3558 que
1495 3507 1827 3549 Praedicamento
1852 3512 1917 3548 est
1937 3510 2188 3558 simpliciter
2225 3510 2391 3548 incom¬

1378 3584 1636 3624 municabile
1670 3589 1711 3624 ut
1732 3587 1844 3634 quod
1847 3615 1855 3633 ,
1898 3588 1943 3624 ut
1972 3588 2102 3635 palet.
2128 3586 2176 3626 Et
2210 3585 2296 3625 dixi
2336 3585 2389 3625 de
