2711 3950
300 288 505 339 singulari
534 291 576 329 in
615 295 835 340 creaturis,
879 297 975 345 quia
1010 297 1123 336 nulla
1160 301 1312 337 natura

302 367 442 403 creata
476 370 541 406 est
573 367 626 406 de
673 370 719 408 se
747 370 847 418 haec,
888 372 968 412 hoc
1013 376 1090 419 est,
1142 383 1195 411 ex
1232 384 1310 412 sua

298 441 462 479 ratione
501 441 697 492 formali,
759 446 838 485 sed
898 451 961 487 est
1023 448 1312 488 contrahibilis

300 525 377 564 per
423 516 549 556 aliam
601 522 641 559 et
700 521 824 560 aliam
877 523 1172 563 haecceitatem
1198 554 1207 570 ,
1266 527 1313 564 ut

301 590 411 630 clare
451 595 626 643 exposui
662 607 794 645 super
828 599 922 638 dist.
963 600 1002 638 3.
1040 600 1225 639 secundi.
1270 601 1313 638 In

299 670 450 706 divinis
482 679 584 708 vero
617 682 703 712 non
733 674 932 722 ponimus
970 676 1313 725 singularitatem

299 753 426 791 posse
473 744 760 788 determinare
801 750 866 790 vel
899 751 1152 791 contrahere
1189 754 1312 791 natu-

298 828 389 857 ram
419 819 622 869 divinam,
658 827 704 863 ut
743 825 907 866 dicatur
926 827 1178 878 singularis,
1214 828 1313 877 quia

298 895 389 943 ipsa
430 895 483 936 de
521 908 568 936 se
599 901 642 938 et
663 898 716 939 de
746 910 823 940 sua
853 904 1017 942 ratione
1047 901 1213 942 formali
1247 906 1312 943 est

299 969 398 1019 haec,
420 974 467 1010 ut
495 973 707 1014 subtiliter
728 979 847 1025 palet
866 976 974 1017 infra
996 979 1034 1017 d.
1071 979 1110 1026 5.
1134 989 1175 1026 q.
1203 978 1241 1017 2.
1276 981 1312 1017 el

306 1044 375 1085 26.
399 1050 436 1085 et
464 1052 606 1097 quaest.
633 1051 668 1100 1.
699 1052 845 1100 quodl.

350 1122 433 1162 Sed
455 1123 489 1162 si
511 1124 691 1172 dicatur,
723 1138 775 1166 ex
797 1139 880 1179 quo
902 1129 1121 1180 singu'are
1146 1132 1211 1169 est
1239 1130 1306 1171 in-

299 1201 645 1241 communicabile
664 1206 711 1253 ut
732 1205 856 1253 quod,
881 1216 984 1256 ergo
1022 1206 1209 1246 essentia
1244 1205 1310 1245 di¬

296 1274 390 1315 vina
414 1276 494 1317 erit
519 1277 938 1323 incommunicabilis
958 1286 1006 1332 ut
1028 1285 1152 1332 quod,
1199 1283 1311 1333 quod

298 1353 362 1389 est
376 1350 548 1402 falsum,
582 1366 681 1396 nam
719 1358 813 1398 haec
845 1362 911 1398 est
930 1370 1031 1399 vera
1056 1361 1064 1398 :
1103 1362 1224 1399 Pater
1255 1362 1311 1399 est

298 1429 418 1474 Deus,
454 1431 584 1470 Filius
605 1436 660 1471 est
680 1436 800 1482 Deus,
825 1438 899 1475 etc.

349 1506 621 1556 Respondeo,
657 1510 773 1560 quod
794 1509 891 1550 ideo
923 1511 1092 1551 locutus
1120 1522 1215 1551 sum
1255 1512 1309 1553 de

299 1580 587 1632 singularibus
608 1585 651 1624 in
672 1586 890 1635 creaturis,
911 1587 1007 1637 quia
1031 1592 1095 1628 est
1115 1587 1310 1638 impossi¬

297 1650 383 1690 bile
405 1651 495 1691 dari
514 1653 690 1702 aliquod
711 1656 945 1705 singulare,
979 1658 1095 1707 quod
1116 1661 1169 1698 sit
1190 1669 1307 1697 com¬

297 1728 555 1768 municabile
586 1730 779 1779 pluribus
800 1733 1104 1784 singularibus,
1129 1746 1215 1774 non
1249 1737 1310 1775 sic

300 1806 364 1842 est
402 1803 456 1843 de
488 1807 675 1846 essentia
707 1806 846 1847 divina
888 1820 980 1859 quae
1014 1815 1079 1850 est
1116 1811 1309 1860 pluribus

298 1881 528 1929 suppositis
550 1883 932 1931 communicabitis,
975 1884 1027 1923 de
1062 1886 1221 1936 quibus
1245 1899 1311 1927 es¬

299 1957 535 1997 sentialiter
563 1958 830 2008 praedicatur.

352 2034 393 2072 Si
423 2033 603 2081 dicatur,
626 2045 769 2075 nonne
789 2035 945 2076 albedo
969 2039 1035 2076 est
1053 2039 1281 2090 singularis
1295 2042 1312 2080 ?

302 2113 344 2149 et
363 2113 506 2149 tamen
534 2111 621 2151 haec
643 2111 798 2152 albedo
815 2116 956 2162 potest
977 2114 1099 2153 alteri
1123 2126 1311 2156 commu¬

301 2188 433 2227 nicari
462 2192 508 2238 ut
528 2190 669 2238 quod?
690 2200 784 2229 cum
805 2190 893 2230 haec
913 2190 966 2229 sit
985 2202 1086 2230 vera
1105 2193 1113 2231 :
1138 2193 1203 2232 hic
1226 2205 1309 2243 pa-

302 2267 386 2303 ries
406 2268 461 2303 est
497 2265 618 2303 albus
655 2265 734 2305 hac
756 2265 960 2307 albedine.
994 2268 1118 2316 Dico,
1150 2272 1195 2307 ut
1226 2269 1310 2309 dixi

304 2352 448 2391 supra,
472 2342 586 2393 quod
610 2353 707 2382 cum
724 2343 818 2383 dico
835 2345 1056 2394 singulare
1075 2350 1131 2386 est
1150 2349 1308 2386 incom¬

304 2419 558 2458 municabile
580 2422 622 2458 ut
651 2422 776 2469 quod,
809 2419 941 2460 debet
972 2422 1153 2474 intelligi
1184 2423 1312 2474 quid-

305 2495 476 2535 ditative
498 2498 541 2534 et
561 2497 861 2545 essentialiter,
889 2497 933 2537 id
967 2502 1046 2545 est,
1077 2500 1193 2551 quod
1226 2510 1312 2541 non

303 2570 437 2617 possit
478 2573 783 2611 communicari
833 2572 954 2613 alteri
982 2578 1028 2613 ut
1064 2576 1117 2615 sit
1150 2574 1203 2614 de
1243 2585 1312 2614 es¬

303 2645 439 2685 sentia
462 2650 505 2686 et
524 2647 764 2698 quidditate
785 2649 911 2698 illius,
936 2661 1020 2691 non
1062 2655 1207 2691 autem
1235 2651 1312 2692 de¬

303 2722 377 2760 bet
397 2722 578 2775 intelligi
616 2724 935 2767 denominative
960 2730 1003 2766 et
1039 2727 1313 2768 accidentali-

306 2800 385 2844 ter,
417 2801 460 2837 et
480 2802 540 2840 sic
559 2803 681 2850 patet
704 2800 757 2840 de
778 2803 941 2842 ratione
957 2803 1205 2854 singularis.

357 2875 633 2924 Suppositum
282 2875 285 2918 addit
670 2878 782 2915 ultra
829 2877 1188 2930 singularitatem,
1231 2891 1316 2931 qua

307 2955 372 2991 est
392 2952 793 2993 incommunicabile
282 2937 284 2959 Um
819 2957 866 3004 ut
896 2957 1020 3004 quod,
1040 2955 1159 2995 addit
1189 2957 1315 2996 etiam

304 3039 359 3067 ne
362 3039 392 3079 g
394 3039 416 3066 a
423 3028 451 3066 ti
454 3039 584 3068 onem
641 3031 1085 3072 communicabilitatis
1130 3037 1178 3083 ut
1215 3044 1313 3083 quo,

302 3104 359 3142 ita
399 3104 515 3153 quod
553 3106 818 3155 suppositum
854 3107 1023 3157 proprie
1055 3110 1118 3147 est
1151 3109 1315 3148 incom¬

304 3182 560 3221 municabile
581 3186 629 3232 ut
650 3194 731 3233 quo
764 3188 805 3223 et
824 3187 871 3234 ut
906 3186 1039 3234 quod-,
1066 3185 1166 3225 dicit
1204 3187 1319 3226 enim

304 3259 523 3297 entitatem
544 3269 622 3308 per
652 3270 700 3300 se
725 3261 978 3300 existentem
1016 3264 1058 3301 et
1085 3262 1318 3303 subsisten¬

303 3338 386 3373 tem
408 3336 579 3374 omnino
600 3336 1070 3386 incommunicabilem,
1096 3342 1137 3378 et
1166 3342 1213 3389 ut
1234 3351 1314 3390 quo

305 3414 349 3451 et
374 3414 422 3460 ut
441 3412 566 3460 quod,
607 3412 719 3452 sicut
746 3413 994 3452 Franciscus
1033 3417 1076 3453 et
1108 3415 1313 3462 Joannes,

304 3488 372 3526 hic
393 3487 500 3536 lapis
521 3489 564 3526 et
583 3487 846 3539 hujusmodi,
882 3492 923 3528 et
951 3489 1011 3529 sic
1043 3490 1316 3540 suppositum

308 3565 473 3602 tantum
491 3563 704 3613 reperilur
736 3566 779 3604 in
812 3564 1151 3614 praedicamento
1204 3565 1317 3606 Sub-

1384 304 1560 343 sluntue.
1583 303 1668 343 Sed
1687 316 1742 344 an
1772 307 1881 347 ultra
1920 311 2276 360 singu/aritalera
2296 319 2389 362 quae

1387 380 1451 415 est
1480 388 1556 417 ens
1579 381 1820 428 positivum,
1843 387 1948 425 ratio
1969 387 2178 436 suppositi
2201 386 2386 426 ultimata

1387 452 1498 494 dicat
1526 456 1711 506 aliquam
1762 460 1986 500 entitatem
2026 464 2247 512 positivam
2294 474 2392 503 con¬

1386 529 1632 570 stituentem
1652 533 1694 574 in
1729 546 1812 574 esse
1844 539 2112 588 supposilali,
2143 550 2198 579 an
2225 544 2388 579 tantum

1387 606 1499 647 dicat
1526 610 1799 660 negationem
1824 614 2280 662 communicabilitatis,
2305 619 2386 654 etc.

1388 684 1472 723 Hoc
1501 684 1655 725 diffuse
1684 689 1863 737 exposui
1883 690 2136 730 sustinendo
2166 694 2391 742 utramque

1386 763 1552 809 pariem
1587 766 1719 812 super
1914 767 1930 805 1
1939 767 1947 804 .
1989 767 2080 806 dist.
2127 769 2143 806 1
2151 772 2160 806 .
2205 768 2320 807 tertii
2353 769 2394 806 et

1387 836 1474 875 Deo
1499 836 1608 876 duce
1627 839 1838 878 subtiliter
1859 852 2072 890 exponam
2092 845 2134 882 in
2155 843 2234 882 isto
2252 843 2395 892 primo

1386 912 1478 952 dist.
1517 913 1582 952 23.
1614 915 1679 952 vel
1723 916 1787 955 28.
1820 919 1919 965 quia
1956 916 2014 955 ibi
2044 919 2121 957 erit
2159 920 2296 969 magis
2339 918 2394 957 ad

1384 988 1665 1038 propositum,
1710 989 1788 1029 sed
1819 1002 1894 1040 pro
1918 1002 2031 1030 nunc
2060 992 2254 1040 sufficiat,
2279 993 2396 1043 quod

1385 1068 1656 1116 suppositum
1694 1069 1748 1107 sit
1775 1068 2025 1118 simpliciter
2060 1071 2393 1109 incommunica¬

1386 1141 1486 1190 bile,
1523 1148 1564 1182 et
1592 1146 1638 1193 ut
1675 1155 1754 1193 quo
1788 1149 1829 1183 et
1866 1149 1912 1194 ut
1959 1148 2082 1194 quod,
2129 1149 2172 1185 et
2201 1146 2304 1196 quid
2341 1146 2394 1184 sit

2413 1234 2415 1267 Commum-
1387 1221 1690 1259 communicari
1731 1225 1777 1269 ut
1814 1232 1911 1269 quo.
1943 1222 2044 1261 Dico
2089 1222 2390 1266 communicari

2410 1321 2415 1357 ut
1384 1296 1555 1346 proprie
1585 1302 1630 1347 ut
1657 1309 1754 1347 quo,
1787 1299 1996 1350 contingit
2029 1298 2266 1348 dupliciter.
2299 1301 2388 1347 Uno

2411 1367 2415 1440 duplicfter.
1384 1373 1513 1412 modo
1537 1374 1812 1423 perficiendo.
1859 1376 1949 1413 Alio
1988 1375 2116 1415 modo
2149 1380 2195 1414 ut
2231 1376 2391 1425 aliquid

1385 1450 1555 1498 proprie
1577 1450 1722 1489 unitur
1742 1451 1877 1496 alteri,
1900 1461 1984 1490 non
2007 1454 2149 1490 tamen
2169 1451 2393 1501 perficien¬

1385 1524 1438 1564 do
1477 1525 1597 1564 illud.
1647 1525 1782 1564 Primo
1831 1525 1960 1565 modo
2009 1526 2187 1566 dicimus
2212 1558 2220 1574 ,
2278 1525 2396 1577 quod

1385 1603 1523 1641 omnis
1552 1600 1687 1641 forma
1708 1603 1838 1651 partis
1858 1603 1947 1642 sive
1969 1603 2276 1650 substantialis,
2306 1603 2394 1642 sive

1384 1678 1662 1718 accidentalis
1720 1683 1866 1730 potest
1913 1681 2221 1720 communicari
2272 1681 2392 1720 alteri

1385 1753 1647 1804 perficiendo
1668 1753 1787 1801 illud,
1809 1755 1866 1793 ita
1887 1755 2004 1805 quod
2032 1757 2086 1795 sit
2115 1763 2234 1796 actus
2268 1755 2396 1795 infor¬

1386 1842 1507 1871 mans
1543 1835 1585 1871 et
1621 1831 1874 1881 perficiens,
1914 1835 2021 1873 sicut
2059 1832 2240 1873 dicimus
2278 1832 2396 1883 quod

1386 1919 1539 1958 corpus
1578 1911 1644 1947 est
1674 1910 1908 1947 animatum
1945 1909 2025 1948 hac
2056 1911 2219 1954 anima,
2253 1913 2295 1949 et
2330 1909 2394 1948 hic

1385 1984 1524 2033 paries
1564 1987 1628 2023 est
1667 1984 1788 2024 albus
1826 1984 1905 2023 hac
1935 1983 2150 2024 albedine.
2192 1984 2392 2042 Secundo

2415 2050 2417 2082 hu
1384 2059 1545 2107 modo,
1576 2061 1624 2097 ut
1660 2059 1804 2109 aliqua
1841 2062 1993 2099 natura
2029 2060 2256 2111 singularis
2295 2050 2394 2108 apta

1384 2137 1484 2175 nala
1518 2135 1792 2184 suppositari,
1823 2136 1967 2175 unitur
2004 2135 2126 2175 alteri
2154 2138 2391 2186 supposito,

1387 2220 1470 2249 non
1506 2213 1651 2249 tamen
1688 2209 1960 2249 informando
2010 2215 2081 2250 aut
2131 2210 2392 2260 perficiendo

2414 2294 2418 2338 perficitsup-
1384 2285 1502 2332 illud,
1534 2285 1644 2324 sicut
1664 2290 1815 2325 natura
1835 2286 1964 2326 huma
1986 2298 2020 2325 Ia
2060 2289 2205 2326 unitur
2237 2298 2392 2337 suppo-

1385 2362 1460 2401 sito
1493 2361 1649 2410 divino,
1680 2365 1737 2401 ita
1768 2362 1884 2412 quod
1909 2366 2071 2402 tantum
2092 2364 2149 2402 ibi
2179 2367 2392 2406 sustenta-

1387 2443 1467 2486 tur,
1499 2438 1573 2478 sed
1604 2439 1721 2477 nullo
1742 2437 1872 2478 modo
1902 2438 2069 2488 perficit
2105 2439 2223 2485 illud,
2267 2443 2309 2478 et
2336 2440 2396 2478 sic

1388 2513 1567 2553 dicimus
1598 2514 1715 2564 quod
1736 2514 1922 2554 Verbum
1954 2519 2017 2554 est
2052 2515 2179 2554 homo
2200 2514 2395 2554 humani¬

1388 2583 1488 2620 tate.

1442 2656 1485 2695 Si
1535 2655 1662 2695 etiam
1725 2657 1879 2695 natura
1927 2655 2114 2695 humana
2171 2656 2399 2710 singularis

1388 2732 1581 2771 uniretur
1609 2731 1730 2771 alteri
1751 2731 1988 2782 supposito,
2023 2736 2125 2781 puta
2160 2731 2283 2772 alicui
2317 2733 2400 2779 alii,

1389 2817 1477 2847 non
1516 2806 1743 2857 perficeret
1791 2817 1936 2857 neque
1987 2806 2237 2847 informaret
2284 2807 2402 2853 illud,

1389 2886 1606 2934 repugnat
1656 2883 1770 2923 enim
1834 2885 1994 2921 naturae
2044 2883 2250 2934 singulari
2297 2885 2405 2922 natae

1391 2957 1650 3008 suppositari
1680 2958 1722 2996 in
1761 2967 1807 2995 se
1846 2957 1915 2998 vel
1957 2959 2000 2997 in
2046 2968 2093 2997 se
2151 2957 2403 3004 subsistere,

1391 3033 1510 3084 quod
1529 3034 1584 3072 sit
1611 3033 1749 3072 forma
1785 3031 2022 3072 informans
2050 3034 2139 3072 sive
2176 3033 2406 3083 perficiens

1391 3108 1506 3149 aliud
1544 3110 1812 3159 suppositum
1845 3139 1854 3155 ,
1903 3112 1950 3147 ut
2000 3112 2120 3158 patet
2161 3120 2182 3147 a
2222 3110 2406 3150 Doctore

1392 3189 1532 3234 quaest.
1559 3186 1596 3233 9.
1622 3185 1807 3234 quodlib.
1830 3184 1900 3223 Est
1919 3187 2061 3223 tamen
2083 3183 2320 3225 differentia
2339 3186 2406 3240 in-

1392 3263 1457 3299 ter
1490 3259 1596 3300 illud
1635 3259 1752 3310 quod
1783 3259 1955 3309 proprie
1987 3260 2326 3300 communicatur
2358 3264 2405 3300 ut

1391 3338 1504 3385 quod
1523 3365 1532 3382 ,
1575 3338 1617 3374 et
1655 3345 1708 3374 ex
1748 3334 2033 3384 consequenti
2069 3337 2406 3377 communicatur

1391 3415 1439 3458 ut
1457 3423 1552 3458 quo,
1577 3413 1621 3450 et
1634 3411 1747 3450 inter
1764 3409 1885 3456 illud,
1919 3409 2033 3459 quod
2067 3413 2407 3454 communicatur

1393 3490 1623 3536 improprie
1648 3491 1694 3537 ut
1723 3489 1847 3537 quod,
1881 3490 1923 3527 et
1952 3488 2184 3539 improprie
2225 3494 2271 3540 ut
2309 3503 2403 3540 quo.

1394 3566 1500 3613 Quia
1518 3566 1654 3615 primo
1677 3561 1805 3603 modo
1827 3561 1930 3601 illud
1952 3563 2070 3613 quod
2111 3568 2404 3606 communica-
