2653 3950
197 268 263 311 tur
291 277 334 324 ut
370 275 492 324 quod,
531 275 630 316 dicit
666 279 797 318 totam
839 280 1070 320 essentiam
1098 282 1208 321 illius

196 348 262 386 cui
301 353 644 392 communicatur
673 354 715 392 in
767 359 969 395 concreto
994 367 1003 403 ;
1038 360 1076 395 et
1103 356 1207 396 illud

198 424 278 463 tale
307 428 354 464 ut
387 426 537 467 dicitur
573 431 879 470 communicari
910 434 956 481 ut
990 443 1084 482 quo,
1110 432 1208 472 dicit

197 503 325 539 totam
357 505 586 544 essentiam
609 505 651 543 in
673 506 883 546 abstracto
910 509 919 554 ;
959 509 1090 547 totam
1112 507 1206 547 dico

196 580 229 617 si
286 583 349 620 est
398 583 565 632 species
627 585 935 634 specialissima
961 617 969 634 ,
1038 590 1205 637 partem

194 666 295 695 vero
317 660 533 707 essentiae,
555 660 589 698 si
610 663 675 699 est
694 671 834 711 genus
855 661 924 701 vel
945 661 1201 703 differentia.

195 732 472 782 Exemplum,
514 737 763 777 Franciscus
803 742 868 778 est
904 739 1030 780 homo
1074 740 1198 791 quid-

195 806 382 858 ditative,
416 812 459 849 et
522 811 675 851 dicitur
724 813 989 854 humanitate
1055 816 1201 855 homo.

196 883 394 925 Secundo
416 896 516 926 vero
540 888 670 927 modo
706 888 827 937 illud,
862 889 977 940 quod
1017 902 1204 932 commu¬

196 959 362 1000 nicatur
392 964 440 1011 ut
486 965 602 1011 quod
645 963 899 1016 improprie,
939 977 1026 1006 non
1057 972 1121 1008 est
1149 967 1203 1007 de

195 1036 395 1084 essentia,
418 1049 500 1078 nec
522 1038 575 1078 de
597 1040 837 1091 quiddilate
864 1042 974 1081 illius
996 1045 1063 1083 cui
1085 1055 1201 1083 com¬

193 1114 435 1156 municatur
452 1130 460 1165 ;
502 1121 543 1157 et
590 1118 744 1158 dicitur
802 1120 1102 1161 communicari
1157 1124 1204 1161 ut

194 1192 307 1239 quod
308 1222 317 1239 ,
342 1193 516 1244 quando
545 1196 802 1244 praedicatur
832 1197 886 1238 de
924 1198 995 1238 illo
1017 1199 1059 1238 in
1098 1210 1203 1238 con¬

195 1271 310 1307 creto
330 1281 339 1317 ;
365 1273 406 1308 et
435 1269 587 1311 dicitur
608 1273 912 1313 communicari
938 1277 985 1324 ut
1015 1286 1095 1324 quo
1126 1275 1201 1314 im¬

191 1344 378 1395 proprie,
427 1346 598 1397 quando
646 1349 750 1388 illud
797 1354 1017 1402 sumptum
1055 1352 1096 1390 in
1130 1351 1202 1391 ab¬

189 1424 345 1461 stracto
366 1433 452 1462 non
469 1426 534 1462 est
563 1423 616 1464 de
639 1425 825 1465 essentia
848 1438 927 1466 nec
952 1427 1004 1466 de
1027 1428 1198 1479 quiddi-

192 1498 275 1535 tate
296 1496 420 1538 illius.
452 1499 722 1549 Exemplum,
751 1502 1001 1544 Franciscus
1033 1507 1098 1544 est
1136 1503 1196 1543 al¬

190 1572 270 1612 bus
292 1573 508 1622 albedine,
540 1576 608 1615 vel
630 1577 819 1616 Verbum
860 1582 925 1618 est
961 1579 1088 1619 homo
1123 1580 1199 1619 hu¬

189 1649 403 1696 manitate,
436 1654 478 1689 et
499 1649 551 1690 de
567 1652 656 1691 istis
686 1653 818 1692 multa
840 1653 935 1693 vide
957 1655 999 1692 in
1033 1655 1198 1704 exposi¬

193 1724 321 1772 tione,
353 1736 480 1776 quam
507 1723 591 1766 feci
627 1727 758 1777 super
791 1728 808 1768 1
815 1739 824 1777 .
858 1732 998 1777 quaest.
1041 1731 1135 1769 dist.
1164 1731 1177 1768 1
1187 1760 1195 1768 .

192 1801 318 1839 tertii.

245 1876 304 1914 Ex
332 1876 396 1916 his
418 1880 536 1928 palet
569 1877 808 1918 differentia
840 1880 951 1919 inter
983 1880 1200 1930 singulare

199 1954 237 1991 et
258 1954 533 2002 suppositum,
557 1955 654 2005 quia
685 1955 902 2005 singulare
923 1958 1066 2006 potest
1087 1967 1200 1995 com¬

197 2034 401 2074 municari
434 2038 480 2085 ut
499 2046 597 2085 quo,
629 2035 878 2075 differenter
907 2040 1065 2083 tamen,
1100 2037 1200 2086 quia

193 2112 408 2161 singulare
438 2111 554 2162 quod
588 2115 652 2152 est
691 2113 840 2161 aptum
868 2114 1014 2150 natum
1043 2123 1122 2161 per
1150 2122 1196 2151 se

189 2186 440 2235 subsistere,
462 2187 496 2226 si
519 2187 859 2227 communicatur
888 2187 1012 2227 alicui
1033 2198 1194 2237 suppo¬

185 2264 263 2302 sito
283 2266 332 2312 ut
346 2274 442 2313 quo,
466 2274 553 2303 non
574 2267 721 2304 tamen
742 2261 944 2302 informat
963 2273 1046 2302 nec
1065 2262 1196 2312 perfi¬

185 2338 239 2378 cit
269 2338 399 2388 illud;
438 2340 656 2391 singulare
695 2351 796 2380 vero
816 2371 825 2387 ,
861 2339 978 2390 quod
1008 2349 1095 2378 non
1129 2341 1195 2379 est

181 2420 328 2465 aptum
344 2421 489 2456 natum
521 2419 563 2456 in
596 2429 642 2457 se
664 2417 916 2465 subsistere,
947 2417 981 2456 si
1009 2427 1194 2456 commu¬

180 2493 348 2530 nicatur
376 2493 498 2532 alteri
526 2496 574 2543 ut
594 2505 689 2543 quo,
722 2491 887 2542 perficit
920 2495 961 2531 et
996 2491 1196 2532 informat

181 2567 297 2614 illud,
332 2571 373 2608 et
401 2569 461 2608 sic
482 2579 610 2608 omne
644 2569 862 2618 singulare
902 2570 967 2607 est
1006 2578 1193 2607 commu-

180 2645 363 2684 nicabile
385 2649 432 2694 ut
454 2656 550 2694 quo,
590 2645 864 2695 suppositum
892 2655 993 2684 vero
1027 2656 1110 2684 nec
1148 2648 1196 2683 ut

180 2731 273 2769 quo,
296 2731 376 2759 nec
397 2725 443 2770 ut
464 2722 577 2770 quod
597 2725 663 2760 est
681 2721 822 2771 aliquo
846 2719 974 2759 modo
1007 2731 1194 2759 commu-

179 2795 376 2836 nicabile.
411 2797 496 2846 Sed
513 2809 696 2846 persona
710 2797 822 2836 ultra
843 2799 1053 2836 rationem
1087 2807 1189 2847 sup¬

178 2870 302 2919 positi
321 2870 442 2911 addit
472 2870 589 2921 quod
620 2873 674 2911 sit
701 2871 886 2922 alicujus
926 2871 1193 2910 intellectua¬

178 2945 241 2992 lis,
272 2944 331 2984 ita
370 2945 486 2996 quod
522 2957 708 2996 persona
744 2950 809 2986 est
849 2945 1120 2996 suppositum
1149 2947 1192 2985 in

179 3021 416 3061 substantia
444 3022 738 3071 intellectuali,
775 3025 817 3062 et
857 3025 920 3061 est
955 3021 1190 3060 incommu¬

178 3095 369 3135 nicabilis
390 3101 432 3136 et
452 3102 497 3147 ut
528 3109 608 3147 quo
639 3102 682 3137 et
711 3101 757 3147 ut
777 3099 905 3148 quod,
929 3097 1039 3137 sicut
1060 3099 1191 3136 Fran¬

180 3172 316 3211 ciscus
337 3174 403 3213 vel
421 3174 621 3220 Joannes,
643 3175 701 3213 ita
723 3174 839 3224 quod
862 3172 1110 3213 Franciscus
1142 3176 1191 3212 ut

177 3250 243 3288 est
271 3249 537 3299 suppositum
559 3248 810 3290 substantiae
830 3248 1189 3300 prsedicamenta-

178 3326 239 3371 lis,
275 3325 425 3365 dicitur
466 3329 629 3366 tantum
666 3327 938 3378 suppositum
960 3355 968 3373 ,
1004 3327 1052 3365 ut
1089 3336 1187 3367 vero

177 3399 470 3440 consideratur
483 3403 529 3439 ut
546 3402 814 3451 suppositum
836 3404 998 3440 naturae
1017 3399 1186 3439 intelle¬

176 3476 341 3525 ctualis,
365 3476 518 3518 dicitur
537 3488 740 3527 persona.

226 3554 286 3608 (b)
306 3554 376 3596 His
401 3556 628 3608 praemissis
656 3559 777 3607 patet
803 3556 945 3597 littera
973 3557 1181 3596 Doctons.

1285 285 1388 333 Quia
1428 287 1569 325 tamen
1613 290 1712 327 sunt
1747 287 1804 328 ibi
1842 288 1984 339 aliqua
2024 287 2207 328 difficilia
2245 289 2287 328 in

1281 361 1421 401 verbis
1473 365 1661 410 tantum,
1713 364 1884 404 declaro
1935 365 2005 405 illa
2043 364 2287 416 incipiendo

1281 435 1334 475 ibi
1366 439 1375 477 :
1407 437 1484 477 Ubi
1512 441 1743 480 notandum
1781 441 1894 490 quod
1936 446 2092 481 natura
2136 453 2218 481 non
2250 452 2292 480 se

1279 512 1400 552 habet
1431 517 1488 555 ad
1516 518 1790 564 suppositum,
1828 517 1934 556 sicut
1973 517 2208 557 universale
2237 516 2294 555 ad

1277 589 1508 638 singulare,
1539 590 1583 630 id
1620 596 1698 640 est,
1732 593 1847 643 quod
1877 597 2028 633 natura
2064 597 2112 634 ut
2141 594 2291 646 singu¬

1278 662 1374 702 laris
1421 666 1509 705 sive
1540 670 1760 707 contracta
1806 679 1885 717 per
1930 669 2290 720 singularitatem,

1278 743 1320 779 et
1358 743 1508 781 natura
1553 745 1600 781 ut
1650 746 1865 784 contracta
1904 744 1955 784 ad
2004 749 2288 796 suppositum,

1277 827 1363 855 non
1403 822 1502 858 sunt
1534 818 1676 870 idem;
1718 824 1851 870 patet,
1897 823 1996 873 quia
2034 831 2168 862 unum
2207 835 2284 874 po¬

1278 894 1360 931 test
1388 893 1563 944 reperiri
1604 896 1696 935 sine
1735 896 1831 944 alio,
1870 897 1968 948 quia
2006 902 2156 938 natura
2198 901 2287 939 sin¬

1275 968 1436 1018 gularis
1473 973 1617 1020 potest
1652 972 1831 1022 reperiri
1863 975 1956 1014 sine
1993 977 2159 1015 ratione
2187 986 2287 1025 sup¬

1275 1044 1402 1094 positi
1427 1049 1473 1085 ut
1504 1049 1623 1096 patet
1659 1048 1701 1086 in
1734 1049 1932 1089 omnibus
1971 1049 2283 1099 accidentibus,

1277 1129 1369 1169 quae
1398 1124 1496 1160 sunt
1526 1122 1893 1163 communicabilia
1927 1127 1974 1174 ut
2010 1136 2120 1174 quo;
2144 1128 2186 1165 et
2216 1136 2286 1176 pa¬

1278 1197 1337 1234 tet
1375 1197 1505 1236 etiam
1552 1197 1607 1237 de
1645 1202 1798 1239 natura
1844 1205 1990 1242 nostra
2037 1207 2190 1249 atoma,
2238 1200 2285 1241 id

1276 1273 1355 1318 est,
1412 1271 1619 1324 singulari
1674 1279 1892 1326 assumpta
1939 1288 1962 1315 a
2002 1278 2163 1324 Verbo,
2205 1276 2284 1317 etsi

1277 1349 1617 1390 communicetur
1654 1354 1701 1401 ut
1738 1363 1833 1401 quo,
1866 1353 1944 1392 sed
1974 1353 2047 1393 ubi
2086 1357 2150 1393 est
2178 1354 2283 1394 ratio

1273 1426 1496 1474 suppositi,
1520 1427 1635 1466 nullo
1667 1427 1797 1467 modo
1829 1432 1895 1469 est
1927 1429 2283 1470 communicabile

1275 1503 1317 1549 ut
1354 1511 1434 1549 quo
1470 1513 1550 1541 nec
1588 1505 1635 1554 ut
1673 1505 1797 1554 quod.
1821 1505 1896 1544 Vel
1921 1508 1995 1553 sic,
2044 1510 2194 1546 natura
2229 1507 2284 1546 ad

1272 1578 1539 1625 suppositum
1582 1590 1666 1618 non
1705 1590 1752 1620 se
1791 1580 1921 1621 habet
1966 1582 2075 1621 sicut
2109 1585 2279 1623 univer¬

1272 1651 1361 1691 sale
1399 1652 1454 1692 ad
1491 1655 1723 1705 singulare,
1763 1656 1806 1695 id
1841 1660 1918 1706 est,
1961 1658 2077 1709 quod
2107 1670 2193 1699 non
2229 1671 2279 1699 eo

1271 1728 1400 1767 modo
1424 1728 1698 1781 distinguitur
1718 1736 1868 1773 natura
1889 1745 1912 1772 a
1932 1736 2152 1785 supposito
2174 1736 2284 1775 sicut

1272 1804 1513 1845 universale
1552 1817 1574 1845 a
1612 1807 1831 1859 singulari,
1861 1810 1916 1849 ita
1966 1809 2082 1861 quod
2120 1822 2280 1861 suppo¬

1272 1880 1401 1920 situm
1444 1882 1553 1922 dicat
1582 1884 1757 1933 praecise
1795 1885 2030 1938 singulare,
2062 1889 2160 1938 quia
2199 1890 2281 1926 stat

1273 1957 1434 2009 aliquid
1471 1970 1567 1999 esse
1606 1960 1823 2012 singulare
1862 1966 1905 2002 et
1949 1974 2036 2004 non
2080 1965 2280 2014 supposi¬

1274 2037 1376 2082 tum,
1406 2039 1453 2074 ut
1471 2036 1558 2076 haec
1579 2036 1733 2077 albedo
1770 2042 1834 2077 est
1862 2039 2088 2091 singularis
2123 2044 2166 2080 et
2196 2050 2282 2079 non

1271 2112 1556 2159 suppositum.
1589 2112 1786 2164 Sequitur
1817 2126 1825 2151 :

1323 2187 1462 2236 Neque
1486 2200 1528 2227 se
1564 2189 1688 2229 habet
1717 2193 1870 2230 natura
1910 2192 1967 2231 ad
2003 2194 2278 2241 suppositum,

1269 2262 1375 2300 sicut
1395 2273 1478 2312 quo
1519 2266 1576 2303 ad
1617 2264 1748 2315 quod,
1799 2266 1844 2305 id
1893 2270 1974 2315 est,
2013 2269 2130 2318 quod
2177 2280 2277 2319 sup¬

1271 2339 1451 2388 positum
1504 2345 1668 2380 naturae
1725 2354 1812 2383 non
1859 2343 2012 2385 dicitur
2057 2346 2278 2396 proprium

1271 2415 1384 2462 quod
1400 2415 1531 2465 ipsius
1570 2421 1744 2464 naturae,
1781 2423 1823 2459 et
1853 2420 1912 2460 sic
1946 2425 2216 2471 suppositum
2238 2424 2282 2461 et

1267 2494 1420 2531 natura
1451 2503 1538 2532 non
1569 2492 1769 2534 dicuntur
1801 2496 1976 2545 praecise
2010 2496 2213 2548 distingui
2233 2501 2281 2537 ut

1270 2579 1349 2617 quo
1372 2572 1413 2608 et
1432 2572 1478 2618 ut
1503 2571 1626 2618 quod,
1666 2572 1722 2610 ita
1762 2571 1878 2621 quod
1916 2575 2187 2623 suppositum
2220 2575 2274 2614 sit

1267 2645 1486 2695 proprium
1538 2647 1650 2695 quod
1701 2649 1770 2697 vel
1824 2649 1916 2697 quis
1966 2649 2114 2699 ipsius.
2173 2651 2278 2690 Nam

1266 2721 1523 2773 cuicumque
1574 2732 1655 2771 quo
1704 2724 2013 2775 correspondet
2059 2727 2279 2776 proprium

1266 2797 1380 2845 quod
1414 2798 1484 2847 vel
1527 2800 1634 2847 quis,
1684 2799 1793 2838 sicut
1830 2799 2009 2840 dicimus
2049 2801 2166 2851 quod
2207 2803 2280 2841 hu¬

1265 2872 1456 2911 manitati
1503 2873 1814 2924 correspondet
1868 2874 2090 2927 proprium
2149 2879 2276 2927 quod,

1262 2945 1379 2996 quod
1418 2950 1483 2987 est
1522 2948 1663 2997 homo,
1701 2948 1799 3000 quia
1837 2950 1966 2991 homo
2022 2955 2086 2992 est
2123 2952 2278 2991 huma¬

1261 3023 1391 3061 nitate
1423 3022 1568 3064 homo.
1606 3025 1809 3076 Sequitur
1835 3039 1843 3065 :

1315 3100 1362 3136 Et
1382 3099 1442 3138 ita
1461 3101 1567 3139 sicut
1586 3104 1741 3141 natura
1762 3107 1819 3142 est
1839 3113 1935 3152 quo,
1958 3107 2005 3143 ut
2035 3103 2277 3143 humanitas

1260 3175 1327 3213 vel
1362 3176 1521 3225 Deitas,
1553 3177 1613 3216 ita
1641 3178 1762 3217 habet
1802 3181 2032 3228 proprium
2062 3182 2173 3230 quod
2208 3180 2275 3220 vel

1260 3252 1366 3299 quis,
1397 3256 1444 3292 ut
1472 3253 1598 3292 homo
1619 3255 1688 3294 vel
1708 3256 1838 3294 Deus.
1872 3256 2074 3308 Sequitur
2106 3270 2114 3296 :

1314 3328 1433 3373 Quod
1484 3340 1566 3368 non
1604 3332 1867 3371 contrahitur
1904 3335 1959 3373 ad
1996 3336 2271 3384 suppositum,

1257 3401 1300 3440 id
1331 3406 1417 3450 est,,
1453 3405 1567 3456 quod
1605 3405 1710 3458 illud
1749 3409 1873 3458 quod,
1913 3408 2030 3459 quod
2064 3412 2128 3449 est
2167 3421 2271 3460 pro¬

1258 3481 1399 3528 prium
1448 3484 1623 3529 naturae,
1684 3493 1771 3523 non
1818 3483 1996 3525 includit
2060 3486 2271 3527 rationem

1257 3557 1478 3606 suppositi.
1510 3558 1617 3597 Nam
1650 3560 1766 3598 Deus
1801 3563 1866 3600 est
1901 3561 2123 3612 proprium
2159 3563 2272 3612 quod
