2653 3979
172 382 345 430 apparet
367 376 474 430 quod
512 389 585 430 pro
606 384 714 417 statu
740 375 833 425 isto,
860 387 936 416 nec
962 375 1028 416 via
1054 382 1172 416 natu¬

173 451 265 500 rali,
320 464 396 492 nec
456 449 782 506 supernaturali,
831 449 845 506 (
868 450 1075 505 loquendo
1127 450 1177 491 de

172 527 388 567 communi
411 526 505 581 lege
525 525 539 578 )
561 526 770 570 habemus
786 525 976 567 notitiam
1010 526 1176 567 incom-

169 601 352 656 plexam,
390 601 632 645 distinctam
653 603 658 644 '
677 603 727 644 de
749 602 887 657 aliqua
909 601 1145 644 substantia
1163 616 1171 651 ;

170 690 245 718 nec
267 676 317 718 de
349 677 601 720 substantiis
623 676 829 732 separatis
848 692 856 727 ;
883 690 959 718 nec
1003 677 1054 718 de
1089 690 1175 717 ma¬

169 752 272 793 teria
301 752 438 807 prima
457 768 465 803 ;
492 766 567 795 nec
588 753 639 795 de
664 754 805 808 aliquo
847 751 1054 808 singulari
1096 751 1175 793 sub

170 829 332 870 ratione
359 828 683 884 singularitatis,
715 829 813 884 quia
834 828 992 870 virtute
1038 829 1174 882 phan¬

172 904 363 947 tasmatis
405 903 584 947 habetur
605 912 768 947 tantum
797 905 982 959 cognitio
1010 917 1172 954 eorum,

172 994 268 1035 quae
295 979 576 1023 essentialiter
596 981 662 1023 vel
690 980 929 1022 virtualiter
950 979 1177 1022 includun¬

171 1062 239 1096 tur
267 1055 306 1096 in
329 1055 619 1109 sensibilibus,
645 1069 826 1111 quorum
854 1062 1017 1098 tantum
1050 1054 1178 1095 habe¬

174 1144 267 1173 mus
291 1131 598 1186 phantasmata.
631 1132 749 1173 Modo
800 1131 914 1173 nulla
941 1129 1179 1173 substantia

173 1213 314 1248 movet
337 1206 594 1248 intellectum
620 1216 811 1249 nostrum
841 1221 862 1249 a
879 1207 888 1247 1
925 1207 989 1249 sui
1030 1204 1180 1260 cogni¬

167 1284 345 1334 tionem,
374 1291 415 1324 ut
447 1283 594 1337 probat
608 1283 758 1325 Doctor
774 1283 880 1324 disl.
906 1285 950 1339 3.
981 1290 1128 1339 queest.
1136 1284 1177 1323 3.

169 1361 219 1400 Et
241 1359 367 1410 ultra,
393 1358 446 1400 de
482 1358 723 1401 substantia
763 1357 970 1400 habemus
1015 1365 1179 1399 tantum

171 1442 437 1489 conceptum,
464 1434 534 1488 qui
563 1433 846 1477 essentialiter
873 1434 1113 1475 continetur
1135 1433 1175 1473 in

172 1510 313 1565 aliquo
342 1507 550 1560 sensibili,
577 1517 622 1550 ut
651 1510 798 1564 probat
831 1512 982 1550 Doctor
1005 1508 1177 1558 ibidem;

175 1594 215 1628 et
261 1586 340 1627 hoc
385 1585 496 1627 idem
525 1584 574 1627 de
605 1585 779 1627 materia
814 1585 964 1640 prima,
1013 1599 1089 1627 nec
1133 1584 1184 1626 de

175 1662 315 1717 aliquo
343 1662 568 1716 singulari,
611 1662 818 1703 habemus
855 1669 1083 1716 conceptus
1122 1661 1183 1701 di¬

175 1739 353 1781 stinctos
381 1739 459 1780 sub
483 1739 644 1780 ratione
667 1737 995 1794 singularitatis,
1026 1745 1072 1779 ut
1094 1738 1184 1791 ipse

176 1815 325 1870 probat
351 1815 400 1856 in
422 1817 462 1856 1.
506 1815 746 1870 Metciphys.
777 1828 878 1863 suce,
929 1821 1078 1869 queesf.
1112 1816 1181 1856 15.

175 1893 357 1932 Tantum
380 1902 481 1944 ergo
517 1889 584 1931 illa
605 1889 825 1943 complexa
848 1901 921 1943 pro
950 1895 1062 1930 statu
1105 1888 1184 1929 isto

174 1974 505 2023 cognoscuntur,
530 1980 625 2022 quae
653 1966 812 2008 virtute
839 1966 1184 2020 phantasmatum

175 2052 214 2086 et
243 2043 477 2085 intellectus
520 2043 688 2099 agentis
726 2042 957 2093 habentur,
1004 2051 1044 2084 et
1087 2050 1186 2084 sunt

172 2120 315 2161 omnia
349 2119 568 2161 sensibilia
592 2120 632 2160 in
662 2133 722 2170 se,
748 2125 786 2161 et
810 2118 953 2160 omnia
981 2118 1186 2160 essentia¬

176 2194 270 2235 liter
310 2201 351 2235 et
405 2193 638 2235 virtualiter
671 2199 866 2234 contenta
924 2192 965 2233 in
1006 2192 1081 2235 eis.

237 2269 300 2326 (b)
319 2271 375 2312 Et
396 2270 492 2311 ideo
515 2271 611 2311 licet
634 2272 758 2312 Deus.
786 2270 892 2311 Dicit
914 2273 1063 2312 Doctor
1077 2269 1185 2326 quod

178 2347 375 2404 quamvis
402 2361 453 2388 ex
477 2347 646 2401 speciali
687 2346 911 2402 privilegio
962 2347 1094 2402 possit
1120 2360 1189 2388 re¬

180 2423 310 2464 velari
341 2422 464 2464 alicui
500 2421 681 2479 simplex
716 2422 863 2464 notitia
902 2429 942 2464 et
992 2423 1189 2464 distincta

187 2503 378 2554 Deitatis,
429 2509 473 2545 ut
516 2503 556 2543 in
585 2509 706 2557 raptu
744 2500 899 2555 aliquo,
925 2513 1009 2542 non
1048 2507 1189 2541 tamen

183 2580 263 2621 hoc
290 2587 352 2621 est
374 2578 607 2620 secundum
625 2590 893 2620 communem
919 2576 1071 2631 legem,
1092 2574 1190 2630 quia

186 2656 290 2700 fides
325 2663 389 2696 est
410 2655 578 2710 proprie
592 2654 643 2696 de
663 2652 895 2708 complexis
918 2651 1038 2693 nobis
1073 2664 1191 2692 reve¬

187 2735 297 2785 latis,
335 2744 514 2788 quorum
536 2728 706 2772 termini
737 2734 917 2783 possunt
944 2726 1033 2768 fieri
1069 2725 1191 2767 nobis

190 2811 291 2859 noti,
321 2809 479 2850 virtute
500 2805 844 2861 phantasmatum
873 2809 913 2843 et
953 2801 1191 2843 intellectus

189 2884 371 2940 agentis,
414 2881 458 2923 ut
503 2881 628 2936 infra
672 2878 844 2935 patebit,
891 2878 937 2919 in
964 2883 1108 2932 queest.
1141 2876 1192 2917 de

187 2961 383 3015 Subjecto
415 2957 654 3012 Theologice
659 2989 668 3005 ,
693 2954 734 2995 in
763 2953 831 2994 illa
869 2951 1029 2993 scilicet
1073 2965 1192 3006 quae¬

188 3036 324 3078 stione
346 3035 358 3074 :
381 3035 449 3074 An
488 3031 715 3085 Theologia
748 3029 804 3070 sil
825 3027 877 3069 de
904 3028 1112 3069 omnibus.
1145 3028 1193 3067 Et

188 3110 356 3167 quando
378 3106 591 3150 revelatur
619 3104 741 3147 nobis
776 3105 856 3145 hoc
877 3102 1144 3158 complexum
1181 3116 1189 3143 :

188 3189 300 3228 Deus
321 3192 379 3227 est
402 3184 540 3226 Irinus
573 3189 611 3224 et
632 3195 741 3223 unus
750 3215 757 3234 ,
782 3192 864 3221 non
889 3179 1094 3220 habemus
1121 3191 1193 3218 no¬

186 3263 320 3307 titiam
344 3260 581 3316 simplicem
598 3257 788 3308 Deitatis,
818 3263 857 3297 et
882 3255 1192 3310 incomplexam

187 3347 228 3381 et
277 3337 536 3386 distinctam,
577 3333 650 3376 sed
689 3340 852 3374 tantum
891 3329 1195 3386 cognoscimus

189 3429 261 3470 per
289 3412 593 3455 revelationem
633 3409 743 3465 quod
796 3414 859 3449 est
898 3406 1068 3462 aliquod
1099 3419 1189 3456 ens,

189 3489 298 3546 quod
323 3486 593 3530 nominamus
625 3486 759 3526 Deum
768 3519 776 3535 ,
807 3481 916 3537 quod
939 3489 1002 3524 est
1031 3482 1195 3523 irinum

189 3574 225 3608 et
250 3578 394 3608 unum.

250 3640 312 3701 (c)
350 3640 499 3681 Utrum
532 3644 673 3679 autem
710 3642 803 3690 post
840 3635 1031 3690 primam
1063 3633 1199 3675 tradi¬

1252 376 1424 418 tionem.
1458 376 1606 418 Doctor
1628 376 1677 419 in
1703 379 1743 419 3.
1774 378 1874 420 clist.
1901 382 1970 422 23.
2001 380 2121 423 docet
2148 397 2250 438 quo¬

1252 450 1374 492 modo
1402 451 1554 507 aliquis
1578 453 1825 496 naturaliter
1866 462 2002 509 potest
2047 459 2257 500 assentire

1249 525 1440 569 articulis
1484 526 1578 568 fidei
1607 527 1820 581 revelatis,
1860 537 1898 572 et
1930 531 1978 573 in
2011 541 2157 586 queest.
2187 537 2254 576 14.

1253 600 1451 648 Quodlib.
1478 605 1527 644 Et
1548 603 1609 644 sic
1632 603 1699 645 isti
1727 605 1893 646 articuli
1921 606 2018 649 fidei
2051 607 2255 651 dicuntur

1249 679 1628 732 supernaturaliter
1661 680 1818 730 traditi,
1858 682 1955 737 quia
1995 689 2160 727 tantum
2184 699 2256 740 per

1246 754 1550 796 revelationem
1574 754 1732 799 divinae
1760 757 2008 801 voluntatis.

1309 827 1370 886 (d)
1388 831 1527 871 Aliter
1541 831 1671 871 etiam
1691 840 1826 887 potest
1853 834 1945 875 elici
1957 845 2263 890 supernatura-

1252 905 1320 946 lis.
1352 908 1503 947 Doctor
1536 905 1722 949 declarat
1737 910 1950 964 quomodo
1978 913 2166 967 cognitio
2198 928 2261 956 re¬

1251 982 1488 1024 velatorum
1512 985 1848 1028 necessariorum
1866 996 2005 1042 potest
2031 989 2153 1032 aliter
2178 990 2261 1033 dici

1251 1059 1604 1115 supernaturalis,
1628 1075 1679 1103 ex
1708 1063 1786 1105 hoc
1808 1064 1918 1119 quod
1941 1065 2109 1120 supplet
2128 1067 2263 1109 vicem

1253 1136 1405 1190 objecti
1428 1137 1784 1191 supernaturalis.
1827 1141 1931 1181 Nam
1977 1142 2162 1184 essentia
2201 1143 2260 1184 di¬

1254 1211 1353 1253 vina
1377 1221 1419 1254 ut
1445 1214 1630 1268 cognita,
1657 1222 1751 1257 nata
1772 1223 1834 1258 est
1857 1216 1994 1258 facere
2016 1219 2081 1258 vel
2109 1231 2262 1261 causa¬

1255 1300 1300 1328 re
1323 1287 1512 1330 notitiam
1537 1289 1665 1344 hujus
1693 1291 1903 1346 complexi
1928 1293 1936 1334 :
1970 1293 2082 1333 Deus
2103 1302 2163 1335 est
2186 1295 2262 1336 tri¬

1255 1377 1335 1404 nus
1367 1371 1406 1405 et
1438 1377 1561 1414 unus,
1589 1365 1687 1420 quia
1715 1365 1777 1422 (ut
1796 1367 1980 1410 declarat
2009 1371 2171 1419 Doctor,
2214 1371 2260 1412 in

1255 1454 1292 1494 q.
1319 1439 1371 1481 de
1401 1440 1585 1495 subjecto
1623 1442 1860 1497 Theologice
1880 1442 1893 1498 )
1942 1444 2086 1486 notitia
2127 1446 2262 1486 Theo¬

1257 1517 1392 1572 logica
1423 1517 1586 1558 habens
1617 1517 1878 1562 evidentiam
1903 1521 1953 1561 ab
1987 1520 2168 1575 objecto,
2185 1523 2262 1564 ha¬

1258 1592 1327 1633 bet
1349 1593 1603 1634 evidentiam
1627 1593 1677 1634 ab
1701 1593 1771 1636 illo
1794 1595 1930 1649 primo
1960 1603 2080 1646 noto;
2118 1606 2158 1639 et
2203 1598 2264 1639 sic

1258 1667 1293 1709 si
1328 1670 1512 1710 essentia
1533 1669 1678 1711 divina
1705 1678 1814 1712 esset
1843 1672 1883 1712 in
1923 1685 1967 1713 se
2006 1673 2175 1727 cognita
2213 1674 2263 1715 ab

1259 1743 1400 1799 aliquo
1423 1744 1653 1794 intellectu,
1677 1753 1777 1787 tunc
1800 1754 1843 1787 ut
1865 1747 1940 1798 sic,
1966 1757 2159 1790 causaret
2189 1762 2266 1790 no¬

1259 1818 1390 1860 titiam
1421 1820 1548 1875 hujus
1589 1821 1827 1876 complexi;
1872 1824 1984 1864 Deus
2028 1831 2087 1865 est
2127 1826 2267 1866 Irinus

1259 1902 1297 1936 et
1317 1909 1442 1947 unus,
1469 1896 1615 1938 saltem
1639 1906 1840 1952 quantum
1870 1906 1933 1940 est
1955 1913 2006 1940 ex
2030 1907 2146 1954 parte
2174 1914 2265 1952 sua,

1259 1972 1542 2027 comparando
1582 1972 1696 2014 illam
1725 1974 1773 2015 ad
1818 1975 2097 2027 intellectum,
2142 1990 2267 2032 quem

1262 2054 1398 2101 potest
1436 2062 1511 2090 suo
1541 2049 1663 2090 modo
1694 2063 1881 2101 movere,
1936 2052 2006 2106 qui
2047 2058 2110 2093 est
2155 2053 2270 2095 solus

1262 2123 1501 2167 intellectus
1541 2125 1730 2176 divinus,
1756 2135 1800 2168 ut
1828 2127 2013 2169 declarat
2042 2130 2192 2170 Doctor
2225 2130 2271 2170 in

1265 2199 1420 2247 Quodl.
1446 2214 1483 2254 q.
1536 2203 1602 2242 14.
1634 2202 1684 2242 Et
1734 2202 1840 2245 forte
1885 2203 2012 2244 etiam
2058 2203 2270 2246 diceretur

1263 2275 1374 2330 quod
1422 2275 1569 2317 notitia
1596 2277 1793 2319 essentiae
1833 2278 2007 2329 divinae,
2040 2287 2208 2321 causata
2247 2293 2269 2321 a

1263 2350 1482 2393 voluntate
1502 2351 1663 2405 divina,
1696 2367 1778 2395 non
1801 2362 1994 2396 causaret
2028 2354 2273 2397 immediate

1265 2427 1455 2468 notitiam
1478 2427 1670 2470 alterius.
1696 2429 1776 2471 Sed
1807 2430 1886 2471 hoc
1930 2443 2102 2472 reservo
2132 2431 2272 2473 decla¬

1266 2502 1443 2544 randum
1468 2504 1512 2544 in
1543 2517 1584 2559 q.
1621 2506 1690 2554 13.
1737 2505 1936 2554 Quodlib.
1973 2506 2127 2548 Notitia
2173 2521 2275 2563 ergo

1265 2578 1393 2636 hujus
1416 2581 1423 2624 :
1462 2581 1573 2621 Deus
1595 2586 1654 2621 est
1681 2582 1822 2623 trinus
1849 2588 1887 2622 et
1910 2596 2032 2632 unus,
2060 2582 2273 2625 diceretur

1264 2656 1615 2711 supernaturalis,
1648 2657 1746 2711 quia
1773 2665 1886 2699 esset
1913 2658 2046 2699 solum
2071 2671 2091 2699 a
2121 2659 2270 2701 volun¬

1265 2739 1348 2774 tate
1372 2731 1534 2783 divina,
1570 2745 1665 2787 quae
1688 2733 1776 2774 sola
1811 2733 2010 2788 supplere
2045 2742 2182 2789 potest
2209 2736 2271 2777 vi¬

1265 2821 1354 2849 cem
1382 2807 1581 2849 essentiae
1608 2807 1783 2860 divinae,
1803 2822 1886 2850 non
1915 2809 1957 2850 in
1988 2809 2151 2852 ratione
2197 2810 2270 2852 ob¬

1260 2883 1360 2937 jecti
1389 2882 1690 2938 intelligibilis,
1743 2884 1862 2939 quasi
1906 2885 1998 2926 haec
2037 2885 2271 2940 propositio

1262 2965 1546 3014 cognoscatur
1569 2972 1642 3013 per
1675 2959 1936 3001 voluntatem
1984 2960 2191 3013 divinam,
2227 2969 2273 3002 ut

1268 3033 1402 3088 primo
1423 3034 1651 3089 cognitam,
1683 3035 1756 3076 sed
1784 3035 1846 3077 sic
1873 3035 2026 3076 dicitur
2055 3037 2268 3091 supplere,

1266 3109 1365 3165 quia
1387 3109 1628 3151 immediate
1651 3119 1797 3152 causat
1824 3109 1947 3152 talem
1979 3111 2186 3154 notitiam.

1326 3184 1483 3226 Deinde
1510 3185 1693 3226 declarat
1717 3187 1867 3227 Doctor
1894 3185 2004 3240 quod
2051 3186 2277 3242 aliquando

1269 3261 1451 3314 perfecte
1508 3261 1691 3315 supplet,
1734 3261 1961 3317 aliquando
2008 3262 2270 3317 imperfecte.

1269 3336 1454 3377 Perfecte
1486 3336 1699 3391 contingit
1742 3336 1981 3391 dupliciter.
2014 3339 2103 3378 Uno
2152 3338 2276 3380 modo

1269 3411 1627 3461 abstractive,alio
1645 3412 1988 3454 modointuitive.
2004 3415 2106 3453 Nam
2129 3414 2162 3455 si
2181 3428 2276 3456 cau¬

1271 3496 1331 3530 sat
1349 3488 1590 3531 distinctam
1603 3489 1890 3544 cognitionem
1905 3492 2032 3547 hujus
2048 3492 2268 3546 complexi:

1273 3565 1383 3606 Deus
1404 3572 1461 3606 est
1485 3566 1625 3606 trinus
1646 3573 1683 3607 et
1707 3581 1828 3619 unus,
1872 3567 2081 3624 loquendo
2119 3568 2169 3628 d£
2208 3581 2275 3608 co¬

1272 3640 1464 3695 gnitione
1496 3640 1766 3695 abstractiva,
1814 3652 1913 3686 tunc
1946 3643 2129 3699 perfecte
2173 3656 2276 3697 sup-
