2711 3950
435 271 549 331 prie
578 269 883 317 continetur
916 269 968 313 in
1002 266 1178 326 aliquo
1213 263 1440 311 eminen¬

435 350 534 398 ter,
560 346 680 405 quia
712 348 836 392 tunc
871 346 1011 390 esset
1037 355 1128 388 ens
1158 354 1253 400 per
1280 338 1440 399 parti¬

433 420 752 480 cipationem
787 419 928 465 illius
968 416 1319 467 continentis;
1350 414 1443 473 igi¬

434 500 523 544 tur
580 509 920 555 qusecumque
978 494 1270 541 intrinseca
1323 494 1443 538 sunt

434 573 643 619 diversa
693 572 899 632 objecta
940 570 1192 618 formalia
1236 568 1445 616 intuibi-

433 649 522 702 lin,
574 648 857 695 secundum
898 648 1175 707 propriam
1220 645 1446 692 existen-

435 722 565 769 tiam
605 721 870 769 actualem
909 720 1200 768 terminant
1248 717 1448 764 intuiti-

438 810 589 844 onem
643 799 697 843 ut
751 797 970 857 objecta,
1025 798 1076 842 et
1130 795 1204 843 ita
1256 794 1447 841 habent

438 875 670 934 aliquam
692 874 1088 922 distinctionem
1121 875 1242 920 ante
1271 873 1448 919 actum

440 951 781 1009 intelligendi.

497 1027 550 1074 Si
583 1027 727 1073 dicas
755 1027 834 1084 (e),
867 1025 1000 1085 quod
1039 1025 1269 1072 essentia
1298 1025 1356 1070 de
1397 1037 1451 1070 se

438 1103 564 1150 facit
588 1115 747 1149 unum
770 1105 1082 1162 conceptum
1105 1102 1156 1147 in
1180 1101 1451 1148 intellectu

440 1178 635 1231 Patris,
673 1179 757 1224 sed
792 1177 936 1224 circa
971 1176 1118 1222 illam
1166 1176 1337 1235 potest
1381 1176 1452 1221 in¬

442 1252 687 1300 tellectus
728 1254 982 1312 paternus
1011 1250 1186 1298 facere
1214 1250 1450 1297 diversas

440 1328 696 1381 rationes,
725 1331 777 1376 et
800 1327 1021 1388 praecise
1045 1327 1269 1374 secundo
1301 1327 1450 1373 modo

439 1404 841 1462 distinguuntur
874 1404 1106 1450 essentia
1139 1405 1189 1449 et
1222 1405 1256 1446 A
1288 1403 1340 1449 in
1379 1403 1451 1448 in¬

441 1480 657 1528 tellectu
718 1483 956 1540 paterno,
1017 1482 1069 1527 et
1120 1493 1226 1526 non
1277 1479 1449 1538 primo

441 1557 616 1603 modo.

498 1636 714 1686 Oontra,
741 1632 986 1692 quidquid
1008 1632 1308 1679 intellectus
1331 1646 1453 1680 cau-

442 1712 523 1757 sat
548 1710 658 1756 sine
688 1710 894 1756 actione
918 1709 1107 1770 objecti
1142 1710 1288 1756 circa
1318 1710 1452 1769 obje-

441 1788 585 1834 etum
609 1786 846 1845 pDLseise,
871 1784 970 1832 hoc
992 1787 1069 1832 est
1092 1786 1295 1833 virtute
1329 1801 1451 1847 pro-

441 1875 470 1921 p
479 1875 504 1907 r
509 1861 524 1907 j
530 1875 559 1908 a
598 1861 916 1914 intellectus,
964 1864 1016 1909 et
1060 1861 1158 1910 hoc
1192 1863 1450 1923 loquendo

440 1937 499 1983 de
537 1936 740 1997 objecto
770 1940 826 1985 ut
853 1937 1008 1985 habet
1039 1952 1153 1984 esse
1176 1940 1450 1998 cognitum

440 2012 493 2059 in
521 2013 792 2060 intellectu
834 2014 1070 2073 praecise,
1117 2017 1169 2062 et
1207 2015 1266 2062 de
1302 2016 1451 2062 intel¬

439 2088 578 2136 lectu
609 2091 664 2135 ut
703 2089 1045 2137 considerans
1085 2093 1180 2144 est,
1218 2091 1344 2138 illud
1371 2096 1451 2140 est

440 2166 662 2225 praecise
691 2166 882 2214 relatio
912 2167 1168 2220 rationis;
1199 2181 1335 2215 nunc
1366 2182 1452 2215 au¬

435 2243 544 2288 tem
581 2242 674 2288 illa
704 2243 841 2288 ratio
874 2256 1028 2302 quam
1061 2241 1190 2291 facit
1218 2245 1451 2292 essentia

437 2317 496 2364 de
552 2331 621 2371 se,
677 2321 824 2377 patet
877 2320 1010 2378 quod
1061 2323 1141 2367 est
1187 2320 1446 2375 absoluta,

437 2393 598 2439 aliter
624 2407 727 2439 non
755 2394 1085 2443 beatificaret
1120 2395 1450 2444 intellectum

439 2468 649 2521 Patris;
697 2482 826 2528 ergo
871 2473 1070 2530 praeter
1117 2471 1276 2518 istam
1325 2473 1450 2520 rati¬

440 2558 591 2591 onem
614 2546 930 2600 absolutam,
967 2547 1112 2593 nulla
1148 2550 1227 2595 est
1257 2549 1362 2594 alia
1398 2550 1449 2596 in

440 2635 497 2668 re
543 2624 664 2669 ante
714 2626 893 2670 actum
950 2624 1266 2678 intellectus,
1317 2626 1448 2673 alias

435 2698 725 2747 haberetur
741 2700 1094 2760 propositum.
1112 2702 1271 2748 Nulla
1286 2703 1448 2750 etiam

434 2776 515 2821 est
543 2774 649 2820 alia
678 2788 772 2833 per
792 2778 844 2822 te
866 2775 919 2821 in
952 2775 1224 2823 intellectu
1272 2777 1448 2824 Patris

433 2850 536 2896 nisi
583 2863 677 2909 per
722 2854 898 2898 actum
946 2852 1248 2899 intellectus
1295 2866 1447 2912 nego¬

432 2927 636 2981 tiantis,
679 2930 731 2975 et
769 2942 874 2974 non
913 2942 1006 2988 per
1042 2928 1447 2988 impressionem

432 3001 630 3050 factam
652 3003 715 3049 ab
740 3003 961 3064 objecto,
987 3005 1109 3064 quia
1135 3018 1240 3051 non
1268 3005 1447 3065 impri¬

436 3081 532 3127 mit
565 3094 660 3140 per
690 3082 743 3127 te
773 3080 876 3128 nisi
904 3096 1061 3128 unum
1100 3087 1443 3144 conceptum;

434 3169 563 3216 ergo
588 3157 832 3216 quaelibet
860 3158 1000 3204 ratio
1039 3160 1146 3205 alia
1179 3173 1209 3206 a
1238 3161 1447 3208 ratione

436 3232 693 3279 absolutae
721 3233 966 3281 essentiae
989 3235 1094 3283 erit
1122 3236 1343 3295 praecise
1366 3251 1446 3283 re¬

436 3306 567 3355 latio
592 3308 836 3363 rationis,
866 3323 996 3369 ergo
1026 3313 1331 3371 proprietas
1355 3314 1446 3359 Pa¬

436 3383 538 3431 tris
597 3398 710 3443 quae
773 3387 854 3432 est
910 3385 1444 3442 incommunicabilis,

436 3459 538 3506 erit
574 3460 766 3507 relatio
806 3461 1050 3516 rationis,
1088 3465 1222 3523 quod
1254 3467 1336 3511 est
1375 3465 1448 3510 in¬

437 3536 768 3586 conveniens.

1814 261 2229 303 COMMENTARIUS.

1569 418 1624 468 (a)
1664 422 1750 459 Sed
1791 422 1858 460 hic
1889 424 2019 460 restat
2058 421 2239 460 ulterior
2274 425 2320 462 di
2321 424 2519 468 facultas.

1518 497 1589 534 Ilie
1625 497 1783 535 Doctor
1819 497 2003 536 intendit
2032 498 2230 546 probare,
2263 500 2379 549 quod
2415 501 2525 540 inter

1519 572 1749 611 essentiam
1789 572 1970 612 divinam
2013 575 2056 612 et
2094 574 2398 623 proprietatem
2428 548 2525 626 per-

1518 648 1714 688 sonalem
1772 648 1827 686 sit
1892 649 2033 699 aliqua
2099 648 2312 690 distinctio
2379 657 2533 702 praeter

1521 735 1694 764 omnem
1740 727 1880 764 actum
1920 724 2183 775 intellectus,
2215 725 2377 766 scilicet
2415 728 2532 779 quod

1520 801 1636 840 nullo
1675 801 1802 841 modo
1841 800 1895 840 sit
1934 804 2106 841 causata
2146 813 2222 851 per
2260 807 2404 843 actum
2443 805 2530 844 col¬

1520 877 1693 917 lativum
1713 877 1973 925 intellectus,
1995 889 2077 917 nec
2112 879 2287 919 alterius
2315 881 2530 930 potentia?.

1521 954 1696 1003 Expono
1737 956 1874 992 tamen
1910 953 2152 1003 aliqualiter
2189 954 2386 996 litteram.
2427 955 2532 995 Cum

1525 1026 1638 1074 dicit,
1673 1026 1790 1077 quod
1813 1030 1900 1066 sine
1925 1029 2165 1076 assertione,
2206 1033 2288 1069 etc.
2329 1039 2416 1070 non
2455 1029 2533 1070 de¬

1522 1104 1596 1142 bet
1624 1103 1816 1154 intelligi,
1841 1104 1958 1154 quod
1977 1104 2045 1143 hic
2066 1115 2152 1143 non
2172 1105 2226 1144 sit
2245 1104 2532 1146 determinata

1523 1177 1702 1218 intentio
1757 1177 1963 1219 Doctoris.
2002 1181 2126 1227 Tum,
2174 1182 2272 1230 quia
2304 1182 2395 1220 istae
2434 1181 2533 1222 rati¬

1525 1264 1631 1293 ones
1678 1253 1942 1294 concludunt
1981 1255 2206 1296 evidenter
2248 1257 2534 1308 propositum,

1524 1330 1746 1381 supposito
1771 1332 1852 1372 hoc
1881 1331 2076 1379 articulo,
2100 1333 2217 1382 quod
2249 1334 2437 1374 essentia
2475 1340 2538 1375 est

1524 1406 1697 1446 realiter
1733 1408 1775 1445 in
1819 1407 1952 1447 tribus
1990 1409 2222 1459 suppositis
2260 1410 2432 1449 realiter
2471 1410 2535 1450 di¬

1524 1484 1704 1523 stinctis.
1725 1484 1832 1522 Tum
1862 1484 2004 1533 etiam,
2038 1486 2136 1535 quia
2175 1487 2214 1525 d.
2247 1487 2285 1536 8.
2309 1497 2347 1536 q.
2383 1487 2531 1538 penul-

1524 1559 1614 1597 tim.
1648 1559 1730 1599 hoc
1758 1561 1909 1599 asserit
1939 1571 2033 1600 esse
2072 1561 2318 1610 simpliciter
2337 1573 2533 1603 necessa¬

1524 1635 1646 1683 rium,
1669 1636 1750 1675 hoc
1769 1636 1883 1675 idem
1903 1638 1946 1675 in
1974 1637 2168 1686 pluribus
2189 1638 2279 1678 aliis
2298 1638 2417 1678 locis.

1577 1709 1637 1762 (b)
1658 1711 1861 1761 Sequitur
1881 1713 1889 1750 :
1912 1713 1960 1750 Et
1978 1712 2112 1761 probo
2132 1715 2192 1753 sic
2195 1725 2205 1762 ,
2226 1715 2420 1762 primum
2440 1725 2536 1763 sup-

1518 1790 1718 1836 positum,
1753 1788 1911 1827 scilicet
1946 1788 2081 1834 Pater,
2106 1789 2229 1827 habet
2266 1790 2457 1838 realiter,
2490 1790 2534 1830 id

1525 1867 1605 1913 est,
1626 1864 1812 1916 (praeter
1833 1875 1961 1904 omne
1981 1876 2089 1915 opus
2123 1865 2396 1918 intellectus)
2427 1868 2530 1906 enti-

1524 1944 1651 1979 tatem
1693 1940 2100 1989 communicabilem,
2134 1942 2296 1982 scilicet
2336 1945 2533 1982 naturam

1527 2015 1727 2064 divinam,
1751 2017 1941 2066 alioquin
1962 2028 2043 2057 non
2064 2021 2202 2067 posset
2231 2028 2325 2058 eam
2347 2029 2530 2058 commu¬

1523 2095 1666 2132 nicare
1684 2093 1764 2132 nisi
1795 2093 1975 2133 haberet
2006 2094 2048 2133 in
2075 2105 2121 2134 se
2153 2105 2250 2133 eam
2281 2093 2532 2142 formaliler,

1523 2180 1612 2209 non
1644 2169 1760 2208 enim
1778 2170 1910 2209 habet
1941 2180 2036 2209 eam
2065 2170 2300 2209 virtualiter
2333 2181 2383 2210 eo
2404 2171 2534 2211 modo

1526 2257 1609 2297 quo
1648 2256 1776 2285 causa
1813 2245 1944 2285 habet
1982 2245 2197 2294 effectum,
2231 2247 2266 2286 si
2299 2248 2409 2286 enim
2448 2258 2536 2286 non

1522 2322 1704 2362 haberet
1740 2333 1835 2360 eam
1864 2321 2050 2369 realiter,
2081 2333 2170 2361 non
2209 2326 2325 2362 esset
2362 2324 2536 2363 realiter

1523 2400 1637 2445 Deus
1655 2411 1664 2445 \
1685 2398 1808 2437 habet
1837 2399 1964 2437 etiam
2001 2398 2179 2438 realiter
2207 2400 2422 2438 entilatem
2453 2411 2532 2450 po¬

1522 2476 1703 2522 sitivam,
1727 2473 1812 2512 enti
1819 2474 1949 2512 tatem
1979 2474 2434 2523 incommunicabilem,
2455 2476 2533 2514 sci¬

1521 2550 1622 2589 licet
1647 2549 1956 2599 proprietatem
1985 2550 2269 2598 personalem,
2311 2561 2393 2600 qua
2429 2561 2530 2590 con¬

1522 2626 1707 2665 stituitur
1732 2626 1776 2664 in
1806 2636 1889 2665 esse
1926 2626 2142 2675 personali
2169 2629 2211 2665 et
2247 2628 2532 2667 incommuni¬

1523 2702 1661 2748 cabili,
1708 2702 1898 2750 alioquin
1943 2713 2022 2742 non
2069 2706 2169 2741 esset
2208 2703 2388 2751 positive
2425 2706 2462 2741 et
2490 2704 2534 2743 in

1522 2780 1688 2818 entitate
1740 2777 1856 2816 reali
1900 2779 2174 2826 suppositum.
2224 2779 2273 2816 Et
2317 2779 2531 2829 quomodo

1520 2854 1760 2905 proprietas
1797 2853 2035 2903 personalis
2068 2853 2155 2893 sive
2185 2854 2459 2904 suppositalis
2490 2857 2533 2894 in

1522 2931 1674 2971 divinis
1695 2930 1747 2969 sit
1765 2931 2009 2969 necessario
2042 2930 2238 2979 positiva,
2267 2930 2368 2969 licet
2396 2930 2437 2970 in
2459 2942 2533 2969 no¬

1520 3008 1585 3046 bis
1625 3009 1790 3045 tantum
1820 3005 1932 3044 dicat
1973 3005 2266 3057 negationem,
2297 3005 2396 3046 vide
2440 3017 2534 3056 quae

1521 3083 1701 3133 exposui
1729 3091 1861 3130 super
1879 3081 1917 3120 3.
1939 3082 1980 3120 ci.
2017 3083 2050 3130 I.
2088 3092 2126 3130 q.
2153 3083 2188 3120 1.
2224 3084 2267 3120 et
2296 3082 2535 3132 aliqualiter

1518 3157 1625 3198 infra
1648 3159 1740 3197 disl.
1772 3157 1836 3195 28.
1868 3159 1911 3195 et
1935 3156 1994 3194 sic
2023 3159 2144 3205 palet
2181 3158 2287 3196 ratio
2326 3158 2404 3197 ista
2441 3169 2533 3209 quae

1520 3237 1605 3274 stat
1636 3234 1678 3273 in
1707 3233 1804 3281 hoc,
1846 3233 1944 3282 quia
1981 3232 2013 3272 si
2061 3235 2161 3271 sunt
2204 3233 2377 3282 penitus
2416 3234 2532 3274 idem

1519 3315 1670 3362 praeter
1718 3319 1890 3350 omnem
1938 3313 2080 3348 actum
2120 3308 2380 3357 intellectus,
2413 3310 2530 3361 quod

1521 3387 1726 3438 competit
1762 3385 1837 3425 uni
1882 3388 2041 3436 praeter
2095 3388 2239 3426 actum
2285 3387 2529 3429 intellectus

1519 3466 1608 3505 sive
1647 3474 1699 3503 ex
1726 3467 1875 3502 natura
1907 3463 1985 3508 rei,
2025 3462 2078 3502 de
2116 3463 2374 3503 necessitate
2415 3475 2528 3504 com¬

1517 3543 1624 3593 petit
1645 3543 1687 3580 et
1707 3540 1853 3590 alteri;
1887 3539 1966 3580 sed
1999 3539 2196 3580 essentiae
2226 3539 2374 3581 divinae
2406 3551 2521 3582 com-
