2711 3950
404 322 597 360 creatura
619 321 856 363 virtualiler
895 325 1164 365 contineatur
1187 326 1228 365 in
1259 334 1405 364 essen¬

402 397 458 433 tia
497 395 651 444 divina,
692 400 735 437 et
769 399 852 438 tale
888 399 1119 440 virtualiter
1162 403 1411 440 contentum

402 482 488 511 non
515 471 646 511 habet
667 483 763 513 esse
783 484 903 513 mere
926 486 1005 524 per
1025 487 1135 526 opus
1168 477 1412 516 collativum

402 547 659 587 intellectus.
380 548 383 588 Deus
701 548 751 587 Et
781 549 897 599 quod
938 550 1040 590 dicit
1072 550 1187 601 quod
1222 552 1410 591 contine-

402 625 469 661 tur
503 624 742 663 eminenter
773 625 860 665 sive
903 628 1136 668 virtualiter
1171 629 1411 669 secundum

402 701 534 738 totam
580 700 814 748 entitatem,
854 702 943 743 haec
987 705 1101 744 bene
1146 709 1262 752 nola,
1312 707 1411 755 quia

402 783 459 814 nu
462 775 491 814 p
495 785 517 814 a
558 785 648 814 crea
656 778 667 814 t
670 786 747 816 ura
784 778 975 818 continet
1005 779 1128 820 aliam
1175 782 1411 822 virtualiter

401 855 445 891 et
473 851 716 891 eminenter
733 854 974 895 secundum
1013 860 1143 896 totam
1176 858 1271 910 ejus
1303 862 1408 899 enii¬

400 930 544 974 tatem,
595 932 644 968 ut
673 933 850 980 exposui
897 934 1024 982 supra
1071 935 1116 973 in
1159 935 1197 974 2.
1242 936 1334 974 dist.
1368 938 1404 976 3.

396 1006 536 1052 quaest.
573 1005 632 1043 10.
674 1006 718 1043 In
760 1009 980 1056 proposito
1012 1012 1156 1048 tamen
1198 1010 1302 1050 nihil
1343 1016 1408 1052 est

394 1078 436 1117 in
467 1079 573 1124 Deo,
614 1080 730 1130 quod
770 1082 1002 1122 virtualiter
1037 1085 1127 1124 sive
1168 1088 1408 1128 eminenter

394 1154 668 1194 contineatur
694 1156 737 1195 in
769 1157 865 1204 alio,
902 1161 1025 1198 etiam
1064 1161 1296 1202 intrinseco
1326 1163 1408 1213 ipsi

393 1228 498 1274 Deo,
534 1231 630 1279 quia
654 1231 736 1271 tale
767 1234 827 1273 sic
850 1239 1098 1274 contentum
1128 1240 1193 1276 est
1223 1249 1298 1278 ens
1328 1251 1406 1289 per

395 1304 781 1356 participationem,
803 1313 846 1349 et
865 1321 944 1360 per
972 1322 1246 1364 consequens
1265 1315 1403 1356 inclu¬

396 1379 504 1420 dens
555 1381 877 1432 limitationem;
923 1390 1006 1426 stat
1059 1399 1162 1440 ergo
1216 1391 1331 1441 quod
1373 1396 1405 1432 B

394 1466 482 1496 non
512 1459 755 1499 continetur
790 1461 833 1499 in
866 1463 910 1501 /1.
960 1463 1001 1502 Si
1038 1473 1140 1515 ergo
1170 1465 1295 1506 Pater
1335 1469 1404 1508 in-

397 1531 543 1572 tuitive
575 1534 775 1588 intelligit
817 1541 847 1576 B
884 1543 931 1578 ut
960 1540 1174 1591 objectum
1225 1543 1403 1584 formale

398 1605 646 1648 dictinctum
668 1611 721 1651 ab
760 1615 806 1659 A,
830 1613 948 1663 quod
969 1618 1001 1654 B
1018 1618 1263 1658 terminabit
1288 1620 1404 1661 illam

399 1683 691 1734 cognitionem
739 1689 974 1730 intuitivam
1030 1693 1271 1734 secundum
1315 1697 1404 1746 ejus

397 1761 613 1809 propriam
653 1763 940 1815 existentiam,
973 1771 1014 1806 et
1042 1770 1234 1811 similiter
1262 1775 1288 1811 A
1322 1776 1404 1813 ter¬

394 1836 573 1876 minabit
601 1839 842 1880 secundum
865 1845 1081 1893 propriam
1114 1848 1400 1897 existentiam,

395 1911 439 1948 et
474 1920 553 1959 per
582 1918 855 1963 consequens
887 1919 914 1955 A
948 1921 991 1958 et
1027 1922 1060 1959 B
1089 1926 1215 1961 erunt
1242 1923 1300 1962 ibi
1339 1923 1400 1963 di¬

393 1985 546 2023 stincta
577 1991 734 2034 praeter
763 2000 871 2039 opus
891 1992 1148 2035 intellectus.

443 2061 492 2099 Et
526 2064 628 2100 nota
677 2074 729 2102 ex
770 2067 851 2105 ista
893 2067 1033 2107 littera
1084 2073 1299 2120 quomodo
1340 2080 1405 2115 est

391 2148 572 2179 necesse
621 2140 862 2180 concedere
905 2147 1188 2193 proprietates
1241 2148 1402 2190 divinas

393 2212 536 2253 dicere
586 2226 638 2254 ex
670 2221 821 2256 natura
859 2221 922 2259 rei
959 2220 1085 2260 aliam
1133 2223 1402 2266 existentiam

390 2289 443 2327 ab
478 2289 705 2330 existentia
734 2296 892 2333 naturae
931 2294 1102 2341 divinae,
1137 2300 1180 2336 et
1210 2308 1299 2338 non
1337 2304 1402 2340 est

390 2362 471 2404 hoc
492 2365 818 2414 inconveniens,
852 2373 967 2409 esset
993 2374 1156 2411 tantum
1194 2374 1401 2416 inconve¬

389 2440 514 2480 niens
535 2440 572 2480 si
599 2446 744 2482 essent
763 2444 822 2483 ibi
844 2446 948 2485 tales
979 2447 1212 2490 existentiae
1232 2452 1403 2492 realiler

390 2513 607 2556 distinctae.

442 2592 670 2634 Dubitatur
690 2598 834 2635 tamen
856 2597 898 2636 in
914 2598 997 2639 hoc
1011 2600 1129 2650 quod
1145 2601 1260 2651 dicit,
1285 2606 1401 2654 quod

387 2668 630 2709 intellectus
658 2671 790 2712 Patris
821 2674 1030 2725 quidquid
1060 2681 1296 2728 cognoscit,
1328 2692 1398 2721 co¬

390 2745 562 2794 gnoscit
579 2745 791 2796 intuitive,
817 2752 861 2788 et
889 2752 1076 2802 cognitio
1097 2753 1290 2794 intuitiva
1315 2759 1400 2796 ter¬

391 2819 577 2858 minatur
597 2819 651 2859 ad
681 2831 770 2860 rem
808 2823 1060 2865 existentem
1084 2831 1127 2866 et
1144 2833 1401 2877 praesentem

389 2886 433 2926 in
461 2889 616 2929 actuali
646 2891 886 2940 existentia,
910 2898 954 2933 et
984 2895 1067 2936 hoc
1103 2897 1146 2936 in
1179 2909 1227 2938 se
1252 2900 1322 2939 vel
1357 2902 1400 2940 in

389 2958 469 2996 alio
515 2959 756 2999 eminenter
793 2965 1040 3004 continente
1082 2970 1212 3006 totam
1251 2969 1400 3009 entita¬

390 3030 476 3066 tem
513 3029 655 3079 ipsius.
689 3031 795 3070 Nam
823 3033 972 3073 relatio
1004 3037 1177 3077 rationis
1204 3038 1399 3088 perfecte

388 3100 663 3150 cognoscitur
681 3100 734 3140 ab
758 3102 981 3143 intellectu
1000 3104 1158 3155 divino,
1193 3113 1234 3147 et
1255 3113 1398 3149 tamen

384 3176 471 3207 non
489 3172 553 3207 est
584 3180 772 3219 praesens
790 3171 833 3210 in
854 3174 1008 3212 actuali
1041 3175 1284 3224 existentia,
1315 3189 1397 3219 nec

383 3237 425 3276 in
451 3247 513 3284 se,
561 3241 609 3276 ut
648 3242 795 3289 patet;
826 3251 907 3280 nec
947 3242 991 3281 in
1031 3244 1112 3282 alio
1147 3246 1395 3287 continente

384 3307 638 3357 eminenter,
681 3311 780 3359 quia
809 3311 959 3352 relatio
988 3315 1165 3354 rationis
1199 3327 1286 3356 non
1316 3328 1393 3366 po¬

385 3378 469 3416 test
515 3379 757 3419 eminenter
806 3383 1017 3422 contineri
1058 3387 1100 3423 in
1147 3386 1245 3434 alio,
1296 3388 1395 3437 quia

387 3458 515 3487 omne
554 3450 637 3488 tale
675 3451 737 3489 sic
766 3454 1015 3492 contentum
1054 3458 1119 3494 est
1155 3466 1232 3495 ens
1260 3457 1392 3498 reale.

386 3516 472 3557 Sed
490 3518 602 3558 hanc
624 3519 918 3561 difficultatem
943 3522 1096 3564 diffuse
1115 3528 1396 3575 pertractabit

380 3585 495 3628 infra
525 3589 620 3629 dist.
643 3590 706 3629 30.

1534 325 1639 363 Nota
1680 324 1807 364 etiam
1837 325 1879 364 in
1917 324 2058 364 littera
2090 322 2304 373 quomodo
2333 323 2488 361 Doctor

1484 400 1681 440 concedit
1700 410 1905 450 expresse
1937 410 2033 440 esse
2065 398 2106 438 in
2144 400 2233 438 Deo
2266 397 2387 448 plura
2417 396 2491 437 ob¬

1476 476 1594 528 jecta
1615 476 1807 516 formalia
1838 487 1891 515 ex
1921 479 2072 515 natura
2092 476 2169 524 rei,
2211 484 2307 524 quae
2332 483 2486 513 secun¬

1484 551 1585 591 dum
1622 552 1838 602 propriam
1867 551 2138 592 existentiam
2171 550 2403 590 terminant
2421 559 2489 589 co¬

1482 628 1721 679 gnitionem
1772 627 2011 667 intuitivam
2057 627 2303 667 intellectus
2344 626 2486 673 divini,

1482 714 1579 754 quae
1632 706 1771 742 tamen
1810 703 2044 743 existentiae
2078 702 2176 742 licet
2220 702 2305 742 sint
2345 702 2488 752 aliquo

1480 779 1608 819 modo
1668 777 1871 818 distinctae
1924 782 2084 828 praeter
2128 787 2301 818 omnem
2349 780 2490 816 actum

1479 854 1724 894 intellectus
1754 854 2081 900 considerantis,
2112 857 2257 892 tamen
2285 856 2386 892 sunt
2402 863 2489 892 una

1479 941 1549 971 res
1582 931 1754 971 realiler
1774 934 1816 970 et
1837 932 2136 971 essentialiter.

1535 1008 1575 1047 Si
1616 1006 1794 1054 dicatur,
1845 1019 1939 1046 cum
1986 1008 2218 1056 paternitas
2257 1010 2300 1046 et
2343 1006 2487 1046 filiatio

1479 1082 1560 1121 sint
1600 1083 1770 1122 realiler
1818 1081 2045 1131 distinctae,
2076 1086 2118 1122 et
2151 1085 2381 1122 terminent
2414 1094 2484 1123 co¬

1477 1158 1715 1209 gnitionem
1735 1158 1971 1198 intuitivam
2002 1157 2243 1198 secundum
2271 1158 2488 1208 propriam

1481 1234 1776 1279 existentiam;
1807 1244 1911 1284 ergo
1949 1233 2062 1273 inter
2089 1243 2136 1273 se
2174 1244 2276 1273 vere
2314 1234 2488 1274 realiter

1478 1309 1798 1360 distinguuntur
1818 1313 1862 1349 ut
1886 1309 1977 1348 duae
2004 1320 2074 1349 res
2095 1312 2348 1358 existentes,
2370 1309 2488 1360 quod

1476 1385 1645 1424 videtur
1663 1385 1986 1425 inconveniens.

2505 1465 2506 1507 Responsio,
1530 1460 1648 1508 Dico,
1684 1460 1801 1511 quod
1832 1462 1865 1501 si
1895 1463 1956 1501 sic
1996 1460 2310 1502 concederetur
2349 1462 2489 1503 adhuc

1475 1546 1563 1575 non
1585 1539 1700 1575 esset
1737 1537 2058 1584 inconveniens,
2090 1540 2189 1587 quia
2211 1549 2309 1578 cum
2337 1549 2485 1578 essen¬

1479 1612 1533 1651 tia
1573 1611 1713 1651 divina
1745 1612 1891 1652 dicunt
1917 1624 2050 1652 unam
2079 1618 2122 1652 et
2160 1613 2353 1653 eamdem
2403 1616 2488 1654 exi¬

1477 1689 1675 1728 stentiam
1722 1689 1909 1737 realiler,
1957 1689 2057 1728 licet
2095 1688 2203 1729 forte
2249 1688 2486 1731 formaliter

1478 1764 1736 1805 distinctam.
1768 1766 1870 1805 Dico
1900 1766 2109 1813 secundo,
2159 1766 2276 1817 quod
2323 1778 2389 1807 res
2417 1768 2486 1814 ali-

2505 1835 2506 1906 muuiphci-
1478 1841 1650 1891 quando
1690 1841 1899 1891 accipitur
1943 1853 2020 1891 pro
2061 1844 2247 1882 essentia
2294 1843 2485 1894 perfecta

1477 1916 1565 1956 sive
1595 1927 1672 1966 pro
1704 1917 1845 1967 aliqua
1882 1921 2035 1957 natura
2075 1917 2246 1958 dicente
2281 1909 2482 1969 perfecti-

1476 2002 1619 2040 onem,
1663 1994 1896 2043 aliquando
1943 1994 2136 2044 acciptur
2181 2007 2256 2045 pro
2306 1997 2481 2036 entitate

1479 2068 1752 2119 conceptibili
1784 2071 1825 2108 et
1867 2071 2094 2117 existente,
2127 2071 2288 2110 nullam
2326 2072 2480 2121 imper¬

1474 2141 1708 2182 fectionem
1736 2143 2002 2185 includente.
2050 2145 2188 2185 Primo
2226 2145 2372 2193 modo,
2412 2157 2487 2195 pa¬

1477 2218 1653 2258 ternitas
1686 2222 1729 2258 et
1765 2218 1907 2259 filiatio
1945 2224 2045 2260 sunt
2092 2224 2252 2261 tantum
2286 2233 2373 2262 una
2418 2233 2488 2264 res

1476 2295 1519 2332 et
1537 2305 1622 2333 una
1645 2295 1885 2335 existentia.
1914 2295 2112 2335 Secundo
2143 2297 2288 2344 modo,
2305 2302 2486 2348 possunt

1478 2369 1558 2408 dici
1584 2370 1730 2420 plures
1750 2381 1836 2418 res,
1856 2370 1899 2409 id
1930 2373 2009 2418 est,
2045 2371 2189 2421 plures
2223 2373 2484 2423 quidditates

1476 2447 1783 2496 conceptibiles
1801 2450 1922 2486 extra
1940 2447 2206 2488 intellectum
2230 2451 2483 2496 existentes,

1476 2524 1519 2561 et
1551 2522 1611 2561 sic
1657 2533 1723 2562 res
1759 2525 1937 2573 accepta
1983 2535 2061 2574 pro
2101 2523 2340 2574 quidditate
2388 2528 2485 2565 sim¬

1473 2598 1639 2647 pliciter
1674 2599 2084 2648 incommunicabili,
2119 2609 2206 2640 non
2246 2605 2311 2640 est
2338 2601 2483 2641 incon¬

1472 2673 1652 2714 veniens
1689 2675 1732 2713 in
1776 2675 1926 2715 divinis
1966 2686 2062 2716 esse
2099 2676 2245 2726 plures
2285 2688 2354 2717 res
2402 2680 2485 2717 exi¬

1473 2754 1638 2791 stentes
1667 2751 1909 2792 secundum
1929 2754 2146 2803 propriam
2168 2756 2454 2795 existentiam.

1526 2837 1584 2890 (e)
1616 2840 1670 2879 Si
1690 2841 1819 2885 dicas,
1861 2843 1974 2889 quod
2009 2843 2184 2881 essentia
2221 2844 2272 2881 de
2307 2854 2349 2882 se
2376 2844 2484 2892 facit

1472 2925 1603 2953 unum
1624 2918 1865 2964 conceptum
1899 2917 1943 2954 in
1969 2916 2181 2956 intellectu
2201 2920 2358 2963 Patris,
2397 2921 2480 2958 etc.

1472 2989 1711 3029 Essentiam
1734 2990 1787 3029 de
1817 3001 1864 3030 se
1882 2990 2028 3030 facere
2051 3003 2187 3031 unum
2225 2996 2483 3043 conceptum

1470 3064 1514 3104 in
1542 3066 1762 3105 intellectu
1797 3067 1945 3113 Patris,
1977 3068 2083 3107 nihil
2112 3068 2230 3107 aliud
2267 3072 2333 3109 est
2354 3080 2483 3120 quam

1470 3143 1608 3192 ipsam
1661 3141 1705 3181 in
1761 3144 1928 3182 ratione
1976 3143 2136 3195 objecti
2187 3145 2480 3198 intelligibilis,

1471 3220 1592 3268 quasi
1637 3217 1880 3267 producere
1913 3230 2045 3258 unam
2085 3221 2374 3271 cognitionem
2413 3221 2477 3261 in¬

1469 3294 1657 3333 tuitivam
1694 3294 1942 3333 immediate
1990 3300 2371 3346 repraesentantem
2409 3308 2478 3338 es¬

1467 3369 1647 3408 sentiam
1679 3368 1878 3408 divinam.
1901 3371 1951 3408 Et
1969 3369 2048 3409 ista
2069 3371 2212 3419 opinio
2240 3370 2341 3411 dicit
2361 3372 2479 3422 quod

1465 3444 1709 3484 intellectus
1764 3445 1898 3484 Patris
1947 3444 2130 3486 fabricat
2179 3448 2290 3485 circa
2343 3449 2477 3497 ipsam

1468 3520 1701 3559 essentiam
1733 3521 1795 3559 sic
1816 3521 2032 3573 cognitam
2053 3521 2245 3561 diversas
2271 3525 2474 3568 rationes,

1467 3599 1549 3636 etc.
1589 3596 1674 3636 Sed
1701 3597 1788 3636 haec
1831 3597 1982 3648 positio
2025 3597 2176 3638 clarius
2207 3598 2339 3638 habet
2376 3609 2455 3649 per
