2653 3950
207 329 384 370 scrutari
412 326 518 368 infra
549 327 644 367 dist.
684 325 722 373 8.
761 325 899 373 quaest.
939 320 974 360 3.
1007 319 1113 358 Nola
1150 319 1208 355 ta-

206 415 323 456 M6n,
356 403 471 455 quod
517 405 735 450 conceptus
779 400 924 449 potest
971 395 1105 445 accipi
1145 392 1211 432 vel

208 492 282 532 pro
315 480 485 530 objecto
525 475 795 528 intelligibili,
829 473 897 514 vel
935 482 1009 522 pro
1040 471 1210 521 objecto

329 556 518 606 cognito,
538 553 606 592 vel
636 562 715 602 pro
737 548 991 594 intentione,
1021 550 1068 584 ut
1099 547 1218 594 patet

207 642 230 671 a
273 630 453 671 Doctore
501 630 545 669 in
594 625 946 667 Theorematibus.
982 622 1217 661 Essenliam

213 717 316 758 ergo
345 705 399 745 de
429 715 476 745 se
516 704 657 744 facere
689 713 823 742 unum
859 701 1116 748 conceptum
1138 707 1215 745 po¬

215 785 298 823 test
327 781 524 832 intelligi,
553 778 670 832 quod
701 775 826 816 faciat
865 785 996 814 unam
1024 771 1219 812 notitiam

214 859 387 908 praecise
427 856 694 894 terminatam
721 851 776 891 ad
807 861 941 891 unum
963 850 1221 897 conceptum

214 942 268 972 ex
297 934 447 971 natura
476 929 552 976 rei,
579 931 622 967 et
655 927 710 967 ad
738 936 872 966 unum
917 924 1135 976 objectum
1169 931 1223 960 ex

215 1012 365 1048 natura
385 1007 461 1054 rei,
497 1007 564 1046 vel
584 1007 615 1045 si
654 1004 756 1045 facit
785 1003 838 1043 de
860 1013 906 1042 se
940 1002 1085 1052 plures
1118 1010 1220 1038 con¬

217 1088 381 1133 ceptus,
405 1083 447 1122 id
476 1085 556 1128 est,
590 1091 719 1120 unam
749 1077 957 1126 notitiam,
1000 1087 1095 1116 cum
1128 1079 1224 1116 tan¬

215 1163 305 1201 tum
325 1162 379 1200 sit
395 1170 482 1199 una
500 1160 544 1199 in
578 1158 745 1204 divinis,
774 1156 1042 1196 terminatam
1081 1156 1225 1192 tamen

216 1235 270 1276 ad
308 1235 454 1285 plures
499 1236 749 1283 conceptus,
795 1231 835 1272 id
885 1235 964 1276 est,
1013 1231 1067 1270 ad
1105 1231 1227 1279 plura

218 1313 390 1362 objecta
438 1309 628 1350 formalia
670 1319 723 1348 ex
760 1312 910 1348 natura
948 1306 1023 1347 rei.
1064 1308 1112 1347 Et
1147 1307 1227 1345 isto

217 1387 408 1429 secundo
444 1385 574 1427 modo
605 1384 789 1424 intendit
818 1385 986 1431 Doctor,
1009 1383 1119 1434 quod
1152 1383 1226 1422 Pa¬

221 1466 284 1503 ter
302 1463 430 1502 habet
451 1461 642 1502 notitiam
663 1461 895 1500 intuitivam
913 1463 956 1500 et
978 1470 1109 1499 unam
1135 1462 1231 1497 tan¬

221 1544 311 1580 tum
342 1540 629 1585 terminatam,
651 1542 795 1577 tamen
825 1536 879 1576 ad
907 1538 1028 1587 plura
1060 1535 1232 1588 objecta

219 1615 415 1656 formalia
437 1626 489 1654 ex
518 1617 667 1654 natura
696 1616 771 1654 rei.
808 1612 894 1652 Sed
923 1613 1128 1653 Henricus
1165 1611 1228 1650 in-

224 1692 374 1744 telligit
405 1695 570 1731 tantum
600 1692 733 1740 primo
766 1689 912 1738 modo,
945 1688 1042 1730 ideo
1078 1690 1233 1728 Doctor

223 1769 354 1808 instat
392 1773 537 1809 contra
573 1770 712 1818 ipsum
742 1768 800 1808 ibi
823 1770 832 1807 :
853 1770 1009 1806 Contra
1028 1766 1237 1816 quidquid

224 1845 454 1884 intellectus
474 1848 618 1884 causat
637 1846 725 1884 sine
757 1844 918 1884 actione
949 1843 1103 1893 objecti
1119 1845 1234 1883 circa

227 1920 449 1970 objectum.

279 1995 356 2035 Pro
391 1995 671 2046 intelligentia
710 1995 855 2035 litterae
890 1997 955 2034 est
980 1993 1233 2040 notandum,

229 2071 382 2121 primo,
405 2071 521 2121 quod
554 2071 796 2111 intellectus
819 2071 984 2110 divinus
1014 2075 1055 2110 et
1085 2081 1234 2110 essen¬

230 2148 285 2186 tia
306 2147 445 2187 divina
481 2150 663 2197 possunt
698 2147 924 2197 dupliciter
957 2146 1232 2187 considerari.

229 2225 319 2264 Uno
341 2222 469 2262 modo
501 2223 796 2262 consideratur
824 2224 1067 2264 intellectus
1100 2226 1147 2263 ut
1176 2224 1236 2263 in¬

230 2300 429 2339 tellectus
456 2303 497 2338 et
526 2302 573 2338 ut
602 2310 700 2348 pars
732 2299 960 2349 memoriae,
984 2303 1027 2338 et
1055 2301 1238 2340 essentia

232 2374 528 2414 consideratur
560 2377 608 2414 ut
643 2376 686 2413 in
713 2375 878 2415 ratione
919 2375 1079 2426 objecti
1116 2376 1236 2415 inlel-

235 2451 403 2502 ligibilis
455 2453 498 2490 et
542 2455 590 2490 ut
642 2455 705 2491 est
740 2462 840 2501 pars
875 2454 1104 2492 memoriae.
1146 2452 1236 2491 Alio

234 2528 363 2568 modo
393 2527 690 2567 consideratur
717 2527 961 2568 intellectus
982 2533 1030 2568 ut
1050 2533 1147 2569 actu
1174 2531 1238 2569 in-

237 2605 434 2656 telligens
472 2603 560 2643 sive
602 2604 879 2645 considerans
911 2608 1155 2653 essentiam,
1199 2609 1242 2647 et

237 2681 424 2721 essentia
473 2679 768 2719 consideratur
830 2683 877 2724 ut
926 2684 1023 2720 actu
1070 2684 1240 2733 cognita

236 2758 289 2796 ab
328 2757 548 2797 intellectu
586 2756 743 2796 divino.
781 2756 920 2798 Primo
950 2757 1095 2804 modo,
1115 2759 1239 2798 intel¬

238 2833 372 2873 lectus
395 2833 560 2874 divinus
592 2836 635 2873 et
667 2834 852 2874 essentia
882 2834 1017 2874 divina
1046 2835 1245 2875 dicuntur

239 2912 494 2963 principium
529 2913 794 2964 operativum
817 2913 870 2952 ali
876 2914 997 2965 cujus
1034 2925 1133 2954 vere
1154 2925 1244 2954 rea-

239 2988 306 3036 lis,
354 2994 454 3038 puta
489 2988 746 3040 cognitionis
774 2989 998 3037 intuilivse,
1038 2993 1081 3029 et
1128 2990 1242 3029 simi¬

240 3066 337 3106 liter
396 3066 594 3106 dicuntur
640 3066 896 3116 principium
948 3064 1248 3116 productivum

243 3144 297 3183 ali
303 3145 424 3194 cujus
472 3144 682 3194 suppositi
722 3154 824 3183 vere
862 3143 1005 3188 realis,
1037 3146 1086 3181 ut
1113 3141 1250 3193 patuit

244 3232 386 3270 supra.
411 3219 496 3260 Sed
524 3220 715 3260 secundo
737 3219 865 3258 modo
888 3228 974 3259 non
1007 3221 1105 3258 sunt
1135 3220 1247 3268 prin¬

247 3298 417 3348 cipium,
462 3307 544 3336 nec
593 3297 698 3336 ratio
745 3294 934 3336 formalis
981 3294 1252 3345 producendi

249 3371 424 3422 aliquod
451 3372 582 3418 reale,
614 3383 711 3410 cum
731 3374 779 3410 ut
803 3372 864 3410 sic
915 3373 1081 3410 tantum
1110 3370 1248 3410 consi¬

251 3448 453 3488 derentur
480 3448 640 3487 habere
664 3459 749 3488 esse
780 3447 1022 3496 secundum
1043 3446 1144 3496 quid
1163 3446 1250 3486 sive

252 3525 518 3571 diminutum,
549 3527 681 3575 patet,
705 3525 803 3577 quia
824 3525 1042 3575 cognitum
1070 3524 1254 3574 inquan-

250 3608 339 3644 tum
386 3602 617 3655 cognitum,
656 3601 757 3643 dicit
797 3605 963 3644 tantum
1000 3601 1254 3641 relationem

1287 311 1477 355 rationis,
1512 308 1554 346 et
1581 303 1776 344 similiter
1807 299 2084 342 considerans
2115 298 2298 348 inquan-

1289 392 1375 428 tum
1411 383 1701 426 considerans.
1746 382 1805 420 Ex
1840 379 1905 418 his
1942 376 2070 417 infert
2098 375 2256 413 Doctor
2287 384 2294 410 :

1290 466 1330 505 Si
1351 462 1592 502 intellectus
1618 461 1667 498 ut
1688 455 1968 497 considerans
2005 449 2165 502 aliquid
2198 459 2300 499 ope¬

1290 541 1409 579 ratur
1457 539 1567 577 circa
1610 531 1865 576 essentiam,
1914 532 1962 568 ut
1999 525 2214 579 cognitam
2259 524 2303 562 in

1293 616 1500 666 quantum
1529 606 1794 660 hujusmodi,
1827 604 1932 644 illud
1967 604 2191 653 operatum
2224 599 2303 638 erit

1295 693 1457 731 tantum
1512 696 1589 726 ens
1635 683 1828 728 rationis,
1869 683 1912 721 et
1949 681 2009 719 sic
2064 675 2304 727 proprietas

1292 765 1423 806 Patris
1461 761 1539 802 erit
1567 760 1716 799 relatio
1757 755 1947 802 rationis,
1973 757 2015 793 et
2043 763 2122 803 per
2155 760 2301 791 conse¬

1295 850 1432 894 quens
1477 838 1672 877 ultimum
1719 833 2040 873 constitutivum
2085 826 2217 868 Patris
2261 828 2304 867 in

1295 929 1380 959 esse
1415 914 1632 966 personali
1673 913 1752 952 erit
1785 912 1952 950 tantum
1998 916 2075 947 ens
2110 903 2302 951 rationis,

1298 992 1416 1044 quod
1464 991 1529 1029 est
1565 984 1887 1032 inconveniens,
1929 984 1972 1022 et
2005 982 2086 1021 hoc
2122 977 2305 1019 intendit

1296 1070 1455 1110 Doctor
1482 1067 1522 1106 in
1540 1062 1744 1117 praesenti
1771 1062 1953 1101 ratione.

1351 1143 1531 1183 Declaro
1560 1144 1706 1181 tamen
1740 1139 1926 1178 litteram
1962 1145 2059 1174 cum
2092 1132 2195 1173 dicit
2213 1132 2270 1172 ibi
2294 1144 2302 1170 :

1303 1219 1518 1270 Quidquid
1552 1217 1781 1257 intellectus
1827 1214 1972 1253 causat
2016 1212 2104 1250 sine
2147 1209 2308 1249 actione

1302 1297 1455 1347 objecti
1482 1296 1597 1334 circa
1635 1292 1840 1343 objectum
1869 1289 2044 1339 praecise
2049 1318 2056 1333 ,
2098 1288 2183 1326 etc.
2215 1285 2309 1323 Haec

1301 1376 1442 1414 littera
1490 1371 1602 1410 clara
1637 1371 1701 1409 est
1749 1378 1800 1406 ex
1837 1363 2106 1415 supradictis.
2157 1361 2306 1411 Sequi¬

1305 1455 1372 1490 tur
1398 1449 1409 1488 :
1445 1448 1562 1488 Nunc
1591 1448 1732 1484 autem
1768 1442 1848 1483 illa
1868 1441 1979 1480 ratio
1985 1469 1995 1487 ,
2025 1438 2069 1479 id
2091 1440 2171 1484 est,
2207 1446 2308 1476 con¬

1305 1528 1457 1574 ceptus
1489 1522 1578 1561 sive
1619 1520 1840 1571 objectum
1875 1513 2144 1566 intelligibile
2185 1521 2316 1561 quam

1303 1602 1410 1652 facit
1431 1600 1606 1639 essentia
1635 1598 1684 1636 de
1703 1608 1757 1642 se,
1791 1605 1867 1645 pro
1898 1596 2057 1644 quanto
2089 1601 2143 1630 ex
2163 1592 2314 1629 n;itura

1305 1683 1368 1723 rei
1412 1683 1477 1721 est
1522 1677 1717 1730 perfecte
1748 1686 1937 1727 praesens
1971 1672 2208 1713 intellectui
2237 1681 2314 1710 suo

1306 1761 1349 1799 in
1387 1757 1553 1797 ratione
1582 1753 1739 1805 objecti
1774 1755 1873 1792 actu
1903 1748 2195 1802 intelligibilis.
2234 1746 2315 1785 Po¬

1308 1838 1393 1875 test
1444 1833 1573 1874 etiam
1620 1830 1687 1869 hic
1720 1829 1854 1879 accipi
1900 1828 2012 1867 ratio
2060 1836 2134 1876 pro
2167 1822 2316 1862 notitia

1309 1910 1534 1951 terminata
1555 1908 1611 1948 ad
1632 1909 1886 1956 conceptum
1910 1904 1998 1943 sive
2021 1901 2251 1953 objectum,
2274 1899 2317 1937 et

1309 1988 1391 2027 hoc
1413 1986 1662 2036 dupliciter;
1695 1983 1763 2023 vel
1787 1984 1834 2020 ut
1864 1981 2115 2019 terminatur
2142 1976 2316 2027 praecise

1309 2063 1363 2104 ad
1392 2073 1526 2102 unum
1563 2061 1782 2113 objectum
1819 2068 1871 2097 ex
1890 2058 2042 2096 natura
2070 2053 2146 2100 rei,
2184 2054 2226 2092 et
2256 2051 2316 2091 sic

1310 2140 1464 2181 dicitur
1489 2149 1576 2178 una
1597 2138 1703 2177 ratio
1727 2139 1770 2175 et
1789 2133 2026 2175 formaliter
2045 2134 2088 2171 et
2114 2130 2316 2169 termina-

1310 2218 1408 2265 tive,
1430 2218 1477 2255 ut
1497 2216 1615 2255 tenet
1645 2214 1876 2259 Henricus;
1910 2209 1978 2249 vel
2001 2207 2248 2247 terminatur
2267 2204 2321 2244 ad

1310 2292 1432 2344 plura
1471 2292 1643 2343 objecta
1671 2287 1862 2328 formalia
1895 2296 1947 2326 ex
1984 2289 2136 2324 natura
2165 2282 2242 2330 rei,
2279 2284 2322 2322 et

1310 2370 1371 2410 sic
1402 2371 1568 2408 tantum
1598 2368 1677 2407 erit
1695 2376 1780 2406 una
1801 2362 2052 2410 formaliter,
2079 2359 2158 2400 sed
2179 2359 2323 2411 plures

1313 2445 1594 2488 terminative.
1624 2444 1748 2482 Ratio
1774 2440 1909 2493 primo
1940 2438 2086 2485 modo,
2119 2438 2208 2476 sive
2246 2445 2322 2486 pro

1313 2525 1462 2567 notitia
1500 2523 1588 2562 sive
1624 2532 1700 2571 pro
1737 2519 1926 2571 objecto,
1965 2518 2080 2566 patet
2121 2514 2234 2564 quod
2265 2519 2326 2555 est

1315 2602 1521 2648 absoluta,
1561 2598 1601 2637 id
1655 2599 1735 2644 est,
1777 2594 1893 2647 quod
1947 2594 2038 2633 talis
2087 2593 2323 2641 conceptus

1315 2694 1445 2735 quem
1474 2680 1573 2720 facit
1594 2678 1780 2718 essentia
1801 2676 1855 2716 de
1876 2686 1923 2715 se
1945 2677 2010 2714 est
2035 2683 2136 2714 vere
2158 2672 2325 2712 absolu¬

1318 2763 1398 2807 tus,
1421 2757 1549 2798 aliter
1566 2767 1649 2796 non
1669 2754 1925 2803 beatificaret
1950 2751 2205 2791 intellectum
2242 2752 2323 2788 Pa¬

1316 2838 1405 2883 tris,
1431 2834 1584 2884 supple
1598 2834 1646 2871 ut
1665 2834 1708 2872 in
1729 2830 1923 2881 objecto;
1947 2826 2192 2867 intellectus
2214 2825 2328 2864 enim

1319 2912 1453 2952 Patris
1472 2908 1742 2951 beatificatur
1779 2907 1820 2947 in
1852 2905 2038 2945 essentia
2060 2905 2106 2942 ut
2136 2902 2177 2941 in
2207 2900 2328 2952 obje¬

1320 2991 1408 3036 cto,
1442 2986 1521 3026 sed
1547 2987 1591 3024 in
1631 2983 1876 3035 cognitione
1914 2979 2110 3020 essentiae
2145 2977 2328 3017 formali¬

1323 3068 1388 3105 ter
1424 3062 1693 3103 beatificatur
1724 3071 1820 3100 cum
1849 3058 2006 3098 habeat
2042 3055 2156 3097 illam
2202 3054 2247 3093 in
2282 3064 2328 3093 se

1320 3139 1568 3181 formaliter.
1611 3136 1812 3188 Sequitur
1833 3136 1840 3173 :
1877 3136 1988 3183 Ergo
2019 3135 2177 3183 praeter
2205 3132 2330 3169 istam

1323 3219 1532 3257 rationem
1557 3214 1807 3260 absolutam,
1839 3212 1928 3250 sive
1958 3212 2215 3258 conceptum
2259 3217 2326 3246 es¬

1323 3293 1467 3334 sentiae
1505 3290 1766 3335 absolutum,
1809 3288 1932 3328 nulla
1975 3290 2030 3325 est
2073 3284 2164 3323 alia
2211 3283 2256 3321 in
2288 3292 2332 3320 re

1324 3373 1419 3410 ante
1464 3372 1606 3407 actum
1659 3364 1905 3410 intellectos,
1963 3361 2071 3400 alias
2107 3359 2334 3398 haberetur

1324 3449 1600 3498 propositum,
1623 3444 1785 3484 scilicet
1806 3439 1922 3493 quod
1947 3439 2090 3478 essent
2112 3437 2230 3486 plura
2254 3435 2332 3474 ob¬

1319 3523 1438 3576 jecta
1495 3520 1705 3568 formalia,
1757 3520 1846 3558 sive
1896 3516 2040 3566 plures
2097 3514 2333 3562 conceptus

1323 3602 1477 3652 praeter
1509 3608 1636 3638 omne
1658 3606 1766 3648 opus
1796 3592 2034 3634 collativum
2066 3588 2322 3630 intellectus.
