2653 3950
283 281 431 334 lium,
463 294 685 341 quorum
718 280 966 326 neutrum
992 275 1297 324 continetur

289 357 340 403 in
420 357 595 416 aliquo
667 355 989 405 eminenter,
1060 353 1110 397 et
1197 349 1296 395 hoc

284 434 338 480 in
376 432 644 480 intellectu
680 430 924 478 intuitive
962 426 1295 474 consideran¬

282 511 349 560 te,
389 508 721 555 concluditur
761 506 939 565 aliqua
993 500 1295 549 differentia

284 587 405 632 ante
427 586 603 631 actum
630 582 929 630 intellectus
956 592 1141 626 eorum
1179 589 1292 636 quae

285 664 678 722 cognoscuntur
700 659 959 708 intuitive.

343 739 438 786 Sed
469 738 716 798 numquid
768 737 877 784 haec
919 736 984 794 (b)
1022 731 1291 780 distinctio

286 815 491 862 dicetur
514 813 674 860 realis
697 817 718 859 ?

344 891 670 950 Respondeo,
696 902 798 936 non
832 890 912 935 est
936 886 1153 947 proprie
1181 897 1292 930 rea¬

285 967 350 1014 lis
424 966 671 1019 actualis,
750 963 1086 1023 intelligendo
1155 961 1292 1008 sicut

281 1043 636 1090 communiter
656 1041 864 1094 dicitur,
882 1040 1042 1086 realis
1065 1037 1290 1084 actualis

283 1118 377 1164 illa
405 1131 517 1178 quae
546 1120 626 1165 est
671 1116 971 1164 differentia
1018 1128 1199 1161 rerum
1239 1115 1290 1160 et

281 1195 335 1241 in
374 1197 511 1247 actu,
555 1194 676 1254 quia
703 1194 753 1240 in
796 1206 897 1239 una
931 1203 1159 1252 persona
1185 1203 1291 1235 non

280 1272 360 1317 est
401 1270 578 1328 aliqua
605 1268 905 1316 differentia
952 1280 1132 1314 rerum
1173 1279 1290 1325 pro¬

283 1348 402 1405 pter
431 1345 827 1405 simplicitatem
868 1344 1114 1395 divinam,
1147 1345 1198 1389 et
1226 1341 1289 1387 si¬

282 1424 369 1469 cut
428 1435 533 1467 non
576 1424 656 1468 est
701 1420 858 1466 realis
913 1417 1155 1471 actualis,
1214 1417 1289 1464 ita

283 1510 387 1542 non
426 1500 506 1543 est
566 1496 724 1543 realis
788 1495 1111 1555 potentialis,
1167 1494 1288 1553 quia

281 1573 413 1619 nihil
444 1576 525 1620 est
558 1573 626 1619 ibi
656 1573 710 1619 in
748 1572 985 1633 potentia
1025 1571 1159 1631 quod
1185 1584 1287 1616 non

280 1652 361 1697 est
400 1650 452 1696 in
486 1653 623 1698 actu.
654 1651 834 1697 Potest
885 1652 1062 1696 autem
1106 1647 1288 1694 vocari

281 1727 582 1774 differentia
644 1726 884 1779 rationis,
963 1725 1099 1772 sicut
1163 1724 1290 1771 dicit

283 1805 483 1851 Doctor
557 1803 782 1863 quidam,
836 1815 940 1848 non
999 1801 1131 1861 quod
1175 1803 1290 1844 ratio

281 1878 576 1939 accipiatur
622 1892 718 1938 pro
761 1877 1063 1925 differentia
1097 1877 1290 1924 forma¬

279 1957 335 2001 ta
371 1955 434 2001 ab
472 1955 762 2007 intellectu,
811 1955 896 2001 sed
938 1957 994 2001 ut
1041 1954 1180 2001 ratio
1211 1967 1289 2000 ac¬

277 2030 474 2090 cipitur
520 2045 616 2091 pro
669 2030 953 2090 quidditate
994 2030 1071 2077 rei
1111 2043 1290 2076 secun¬

276 2106 395 2152 dum
437 2107 570 2165 quod
599 2106 856 2165 quidditas
901 2109 981 2153 est
1023 2105 1286 2166 objectum

278 2182 603 2234 intellectus;
653 2182 735 2227 vel
769 2181 875 2228 alio
921 2181 1072 2228 modo
1113 2182 1287 2241 potest

274 2257 460 2305 vocari
499 2257 802 2304 differentia
843 2257 930 2304 vir
934 2259 989 2304 tu
996 2257 1113 2310 alis,
1168 2258 1288 2316 quia

276 2337 403 2383 illud
455 2336 589 2395 quod
652 2335 807 2382 habet
869 2335 1030 2383 talem
1109 2335 1287 2382 distin¬

279 2413 509 2460 ctionem
551 2412 603 2458 in
643 2427 697 2458 se
745 2426 851 2458 non
883 2411 1038 2460 habet
1090 2426 1203 2459 rem
1237 2414 1286 2459 et

280 2502 408 2542 rem,
481 2489 568 2535 sed
635 2491 716 2535 est
780 2501 882 2534 una
952 2501 1036 2534 res
1090 2488 1286 2535 habens

275 2565 586 2613 virtualiter
643 2564 752 2611 sive
792 2565 1088 2612 eminenter
1136 2565 1287 2625 quasi

277 2644 404 2690 duas
434 2643 728 2695 realitates,
772 2641 894 2700 quia
935 2641 1148 2701 utrique
1178 2656 1288 2688 rea-

273 2719 418 2766 litati
448 2721 502 2766 ut
554 2720 634 2766 est
680 2718 732 2764 in
766 2718 860 2764 illa
910 2732 982 2771 re,
1031 2719 1285 2779 competit

274 2796 399 2842 illud
468 2794 748 2855 proprium
808 2795 940 2854 quod
1004 2795 1140 2843 inest
1189 2796 1286 2842 tali

276 2872 530 2925 realitati,
585 2885 644 2918 ac
675 2871 719 2917 si
760 2872 875 2931 ipsa
908 2875 1048 2919 esset
1089 2887 1174 2920 res
1218 2873 1285 2919 di¬

275 2950 485 3002 stincta,
541 2949 616 2996 ita
689 2948 828 2994 enim
881 2948 992 2996 hsec
1064 2950 1284 2997 realitas

274 3025 570 3084 distinguit,
618 3026 668 3070 et
702 3024 795 3070 illa
839 3038 944 3070 non
988 3025 1283 3084 distinguit,

274 3102 410 3149 sicut
425 3101 470 3148 si
484 3102 588 3148 ista
605 3105 746 3148 esset
761 3114 863 3147 una
880 3115 964 3147 res
980 3103 1030 3148 et
1054 3102 1143 3149 illa
1162 3103 1283 3150 alia.

330 3178 424 3225 Vel
458 3181 514 3226 ut
554 3177 928 3238 propriissime
967 3178 1030 3237 (c)
1058 3179 1282 3233 dicatur,

276 3255 412 3302 sicut
459 3268 743 3315 possumus
804 3254 1043 3301 invenire
1090 3257 1288 3304 multos

275 3331 468 3390 gradus
515 3331 567 3376 in
612 3331 838 3378 unitate.

334 3410 392 3454 In
419 3407 592 3467 primo
616 3407 833 3454 minima
861 3408 1035 3454 unitas
1063 3410 1144 3457 est
1179 3410 1290 3456 uni¬

279 3488 355 3533 tas
387 3483 801 3544 aggregationis.

339 3564 397 3611 In
444 3562 666 3610 secundo
736 3562 898 3623 gradu
968 3564 1048 3611 est
1112 3563 1287 3612 unitas

1373 272 1588 324 ordinis,
1648 284 1761 330 quae
1806 268 2000 328 aliquid
2038 264 2176 313 addit
2217 278 2378 324 supra

1369 348 1627 395 unitatem
1669 342 2083 406 aggregationis.

1430 425 1488 470 In
1527 422 1689 470 tertio
1712 424 1792 469 est
1814 421 1990 468 unitas
2019 432 2113 480 per
2140 416 2378 465 accidens

1370 500 1454 545 ubi
1501 500 1644 547 ultra
1680 498 1915 544 ordinem
1937 497 2016 543 est
2046 492 2376 544 informatio,

1367 576 1493 624 licet
1534 574 1874 622 accidentalis
1920 573 2077 620 unius
2105 571 2168 617 ab
2207 570 2378 618 altero

1367 666 1554 699 eorum
1600 665 1712 711 quas
1748 652 1867 698 sunt
1903 650 1977 697 sic
2025 661 2202 696 unum.

1428 729 1486 775 In
1509 729 1698 788 quarto
1721 728 1800 773 est
1833 727 2012 774 unitas
2045 740 2140 786 per
2161 741 2215 773 se
2237 740 2379 774 com¬

1368 805 1531 866 positi
1575 819 1638 851 ex
1674 803 1951 864 principiis
2004 803 2379 852 essentialibus

1369 896 1464 944 per
1509 896 1564 929 se
1591 883 1712 928 actu
1748 883 1800 929 et
1832 893 1927 941 per
1956 894 2010 927 se
2040 880 2295 940 potentia.

1430 960 1485 1005 In
1547 958 1728 1018 quinto
1775 960 1856 1005 est
1908 956 2085 1004 unitas
2133 956 2381 1017 simplici¬

1371 1036 1496 1084 tatis
1520 1049 1633 1096 quae
1661 1038 1742 1083 est
1787 1049 1911 1082 vere
1939 1034 2206 1088 identitas,
2247 1034 2384 1094 quid¬

1369 1113 1488 1172 quid
1515 1111 1656 1159 enim
1686 1114 1766 1159 est
1790 1111 1876 1166 ibi,
1901 1114 1982 1159 est
2009 1111 2231 1160 realiter
2251 1112 2383 1159 idem

1362 1188 1596 1241 cuilibet,
1625 1190 1677 1235 et
1711 1201 1814 1234 non
1851 1188 2061 1235 tantum
2106 1190 2186 1235 est
2225 1202 2385 1235 unum

1364 1265 1443 1311 illi
1488 1264 1693 1311 unitate
1743 1264 1955 1310 unionis
1998 1264 2134 1312 sicut
2174 1265 2227 1311 in
2262 1266 2382 1313 aliis

1365 1340 1548 1394 modis,
1573 1341 1649 1388 ita
1699 1341 1864 1389 adhuc
1911 1341 1974 1400 (d)
2016 1342 2160 1389 ultra
2201 1356 2381 1392 omnes

1362 1422 1442 1467 est
1463 1418 1712 1467 identitas
1733 1419 1995 1465 formalis.

1419 1497 1563 1542 Voco
1638 1498 1815 1544 autem
1885 1496 2218 1545 identitatem
2277 1498 2378 1558 for-

1366 1570 1557 1617 malem
1615 1571 1702 1617 ubi
1741 1572 1868 1619 illud
1908 1573 2041 1632 quod
2084 1573 2279 1620 dicitur
2300 1570 2375 1621 sic

1365 1641 2395 1702 idem, includit illud cui sic est idem declaratur?
1365 1725 1419 1771 in
1458 1725 1667 1772 ratione
1729 1739 1824 1772 sua
1880 1726 2112 1780 formali,
2169 1729 2219 1774 et
2283 1741 2377 1787 per

1365 1815 1691 1861 consequens
1731 1816 1826 1863 per
1864 1817 1919 1850 se
1974 1803 2146 1864 primo
2204 1805 2374 1851 modo.

1366 1880 1424 1925 In
1453 1880 1732 1939 proposito
1767 1883 1962 1934 autem,
1998 1882 2230 1930 essentia
2273 1896 2378 1929 non

1365 1955 1583 2003 includit
1625 1956 1676 2003 in
1729 1957 1938 2006 ratione
2007 1971 2102 2005 sua
2160 1958 2377 2006 formali

1365 2032 1752 2092 proprietatem
1783 2034 2061 2094 suppositi,
2086 2049 2180 2083 nec
2207 2050 2234 2083 e
2255 2050 2377 2083 con¬

1362 2123 1537 2162 verso,
1563 2112 1612 2157 et
1656 2110 1768 2157 ideo
1798 2112 1973 2170 potest
2001 2112 2216 2160 concedi
2244 2115 2377 2174 quod

1364 2187 1485 2232 ante
1520 2199 1725 2233 omnem
1755 2189 1932 2234 actum
1966 2187 2268 2237 intellectus
2296 2193 2375 2237 est

1363 2262 1583 2311 realitas
1629 2265 1890 2318 essentiae,
1950 2278 2063 2324 quae
2119 2268 2197 2313 est
2239 2281 2377 2314 com¬

1364 2339 1715 2393 municabitis,
1766 2344 1818 2389 et
1846 2342 2067 2389 realitas
2096 2344 2374 2404 suppositi,

1365 2430 1464 2478 qua
1523 2417 1859 2477 suppositum
1905 2421 1987 2467 est
2032 2419 2377 2469 incommuni¬

1362 2493 1544 2547 cabile,
1599 2496 1649 2541 et
1713 2498 1834 2544 ante
1862 2500 2039 2544 actum
2077 2497 2377 2547 intellectus

1360 2569 1471 2617 haec
1524 2571 1744 2619 realitas
1799 2572 2104 2622 formaliter
2154 2588 2260 2622 non
2297 2578 2377 2624 est

1365 2647 1471 2701 illa,
1513 2648 1596 2695 vel
1646 2662 1752 2695 non
1792 2651 1872 2698 est
1917 2651 2096 2697 eadem
2136 2652 2374 2701 formali¬

1361 2727 1444 2772 ter
1480 2725 1572 2777 illi,
1607 2725 1742 2772 sicut
1773 2726 1920 2786 prius
1947 2729 2251 2788 expositum
2273 2732 2368 2784 est,

1363 2802 1481 2862 quid
1520 2805 1600 2849 est
1628 2802 1933 2852 formaliter
1954 2819 2069 2852 esse
2102 2806 2253 2854 idem.

1421 2879 1685 2939 Numquid
1724 2880 1891 2939 igitur
1911 2882 1972 2940 (e)
2006 2882 2153 2930 debet
2194 2896 2371 2931 conce-

1359 2953 1408 3000 di
1436 2954 1614 3013 aliqua
1641 2952 1929 3003 distinctio.

2391 3022 2395 3055 vi
1418 3031 1743 3090 Respondeo,
1794 3033 1980 3080 melius
2024 3037 2105 3082 est
2138 3034 2215 3081 uti
2266 3034 2371 3083 ista

1358 3106 1622 3165 negativa,
1659 3107 1757 3155 hoc
1792 3122 1896 3154 non
1941 3112 2020 3156 est
2065 3110 2370 3175 formaliter

2387 3184 2395 3218 formaliter
1358 3180 1509 3232 idem,
1565 3195 1722 3238 quam
1761 3182 1859 3230 hoc
1897 3187 1977 3232 est
2043 3184 2116 3231 sic
2171 3188 2223 3233 et
2292 3187 2366 3233 sic

1357 3258 1682 3304 distinctum.

1419 3338 1514 3380 Sed
1557 3347 1729 3381 nonne
1763 3339 2019 3394 sequitur,
2056 3340 2089 3380 A
2124 3340 2174 3385 et
2210 3342 2245 3382 B
2266 3354 2366 3386 non

1361 3412 1482 3457 sunt
1529 3412 1663 3457 idem
1702 3412 2019 3466 formaliter,
2073 3428 2200 3474 ergo
2247 3421 2368 3465 sunt

2386 3469 2395 3500 d
1359 3487 1667 3534 formaliter
1711 3489 1962 3536 distincta
1985 3469 2007 3534 ?

2393 3552 2395 3594 ahq
1418 3565 1728 3628 Respondeo
1789 3567 1923 3626 quod
1984 3581 2089 3615 non
2158 3561 2368 3634 oportet
