2682 3979
326 439 426 493 plet,
457 439 554 494 quia
593 440 748 481 entitas
786 438 853 480 vel
902 437 1090 492 cognitio
1133 435 1335 478 distincta

322 514 501 570 subjecti
528 514 639 556 illius
667 514 892 570 complexi,
918 514 960 555 in
988 524 1254 568 quocumque
1276 511 1337 551 in¬

320 590 489 632 tellectu
517 598 709 634 causaret
732 590 977 646 partialiter,
1003 588 1150 630 saltem
1179 593 1338 628 remote

326 665 516 707 notitiam
546 666 675 722 hujus
696 665 907 720 complexi
939 665 947 706 :
989 665 1101 705 Deus
1121 669 1180 704 est
1196 662 1337 704 trinus

327 748 364 781 et
404 754 516 782 unus
522 775 530 790 ,
592 740 802 796 loquendo
842 740 892 781 de
932 738 1163 788 intellectu,
1206 748 1333 792 quem

328 824 469 870 posset
496 829 682 857 movere.
706 815 779 856 Vel
800 816 833 856 si
865 816 976 856 Deus
1003 820 1114 855 esset
1144 823 1358 866 praesens'

328 892 368 931 in
390 890 530 945 aliqua
555 890 694 945 specie
719 889 991 944 intelligihili,
1017 888 1154 943 ipsum
1183 886 1336 927 distin¬

327 973 390 1006 cte
413 971 751 1020 repraesentante
776 964 816 1005 in
842 964 1004 1006 ratione
1030 961 1181 1017 objecti
1212 960 1337 1001 intel-

335 1039 528 1096 ligibilis,
551 1048 594 1082 ut
620 1040 792 1082 videtur
820 1051 976 1094 ponere
1026 1037 1178 1080 Doctor
1210 1037 1255 1076 in
1294 1036 1335 1076 2.

328 1117 371 1157 (I.
403 1118 427 1156 3
436 1130 507 1170 .q.
544 1118 584 1157 9.
617 1115 713 1156 talis
752 1114 918 1170 species
955 1120 1065 1155 esset
1104 1110 1338 1167 partialiter

330 1205 457 1234 causa
508 1191 669 1232 notitiae
703 1189 973 1232 abstractivae
999 1187 1211 1229 distinctae
1248 1185 1337 1226 Dei¬

333 1266 445 1317 tatis,
500 1272 540 1307 et
586 1266 692 1306 forte
729 1273 843 1306 esset
894 1276 1020 1305 causa
1081 1261 1340 1317 cognitionis

331 1344 461 1398 hujus
487 1341 700 1396 complexi
725 1342 732 1383 :
759 1342 871 1382 Deus
897 1347 955 1381 est
985 1340 1125 1381 trinus
1148 1345 1185 1379 et
1207 1349 1336 1387 unus,

333 1419 400 1460 vel
422 1418 569 1460 saltem
594 1420 707 1459 Deus
725 1424 769 1458 ut
791 1417 866 1467 sic,
892 1414 1091 1457 distincte
1118 1414 1337 1469 cognitus,

332 1501 444 1536 esset
491 1506 616 1534 causa
646 1491 906 1547 cognitionis
933 1490 1028 1531 talis
1065 1488 1274 1544 complexi
1299 1489 1340 1528 in

333 1570 403 1611 illo
438 1570 671 1619 intellectu,
703 1578 742 1610 et
763 1569 824 1610 sic
849 1567 1049 1609 voluntas
1069 1566 1215 1608 divina
1241 1579 1341 1607 cau¬

333 1645 464 1688 sando
485 1645 610 1687 talem
653 1643 844 1685 notitiam
868 1642 1129 1692 distinctam,
1162 1641 1226 1682 vel
1249 1654 1340 1695 spe¬

332 1722 436 1764 ciem
466 1720 777 1775 intelligibilem
807 1718 1007 1760 distincte
1035 1726 1342 1772 repraesentan¬

329 1806 413 1840 tem
442 1800 572 1839 Deum
615 1796 696 1838 sub
724 1795 888 1836 ratione
917 1793 1109 1843 Deitatis,
1142 1793 1183 1833 in
1211 1793 1341 1833 ratio¬

332 1888 382 1915 ne
404 1873 556 1929 objecti
585 1870 882 1925 intelligibilis,
909 1870 1118 1911 diceretur
1158 1868 1341 1923 perfecte

331 1949 531 2004 supplere
579 1948 715 1989 vicem
768 1945 922 2002 objecti
973 1944 1331 2000 supernaturalis.

332 2024 524 2066 Secundo
565 2023 689 2064 modo
735 2021 892 2063 dicitur
920 2021 1104 2075 perfecte
1142 2018 1341 2073 supplere

331 2099 469 2141 vicem
497 2098 650 2153 objecti
673 2095 1009 2152 supernaturalis
1032 2095 1072 2135 in
1095 2092 1341 2148 cognitione

335 2176 546 2225 intuitiva,
581 2173 678 2229 quia
725 2173 907 2215 essentia
948 2171 1094 2212 divina
1141 2177 1185 2211 ut
1220 2170 1259 2210 in
1297 2183 1342 2211 se

335 2251 532 2292 intuitive
576 2249 760 2304 cognita,
799 2255 1003 2304 quantum
1045 2253 1109 2288 est
1147 2259 1197 2287 ex
1225 2253 1342 2300 parte

335 2341 425 2377 sua,
452 2335 546 2368 nata
581 2333 693 2368 esset
739 2337 917 2367 causare
962 2323 1150 2364 notitiam
1182 2322 1340 2363 intuiti-

332 2417 428 2446 vam
453 2404 579 2459 hujus
606 2402 843 2457 complexi:
878 2402 990 2442 Deus
1029 2407 1088 2441 est
1130 2400 1270 2440 trinus
1303 2405 1341 2439 et

333 2493 460 2520 unus.
486 2478 528 2520 Si
545 2491 646 2534 ergo
676 2477 876 2519 voluntas
918 2475 1062 2516 divina
1098 2473 1341 2516 immediate

333 2561 525 2596 causaret
582 2553 776 2595 notitiam
819 2550 1060 2592 intuitivam
1090 2549 1223 2604 ipsius
1251 2549 1340 2590 Dei¬

331 2629 444 2680 tatis,
474 2630 542 2671 vel
584 2629 775 2670 notitiam
805 2626 1069 2681 complexam
1099 2624 1339 2665 intuitivam

332 2707 461 2761 hujus
485 2707 493 2748 :
525 2707 637 2747 Deus
659 2712 716 2745 est
739 2705 878 2745 Irinus
908 2710 945 2743 et
972 2716 1083 2743 unus
1093 2736 1101 2754 ,
1130 2702 1341 2743 diceretur

337 2783 522 2837 perfecte
568 2779 783 2836 supplere,
810 2780 891 2820 imo
927 2777 1250 2833 perfectissime,
1278 2777 1340 2816 vi¬

336 2872 425 2900 cem
451 2857 602 2912 objecti
628 2854 987 2910 supernaturalis.
1018 2854 1174 2904 Tertio,
1206 2858 1342 2907 potest

335 2935 416 2976 dici
463 2933 660 2988 supplere
718 2931 963 2985 imperfecte
1005 2931 1141 2971 vicem
1188 2929 1339 2984 objecti

335 3009 686 3066 supernaturalis,
711 3015 755 3050 ut
783 3006 950 3062 quando
971 3013 1114 3048 causat
1136 3005 1176 3045 in
1199 3004 1340 3059 aliquo

333 3085 619 3140 cognitionem
654 3083 877 3124 confusam
913 3082 1042 3137 hujus
1087 3079 1299 3134 complexi
1327 3093 1336 3120 :

332 3163 444 3202 Deus
465 3168 523 3201 est
547 3161 688 3201 trinus
709 3164 746 3199 et
774 3171 898 3207 unus,
935 3156 1032 3211 quia
1072 3164 1172 3197 tunc
1210 3155 1336 3196 talem

331 3237 520 3279 notitiam
573 3241 782 3284 causaret,
822 3233 988 3288 qualem
1040 3232 1265 3287 objectum,
1299 3231 1334 3272 si

329 3320 442 3356 esset
469 3313 510 3353 in
529 3326 574 3354 se
603 3324 790 3366 praesens
811 3310 878 3351 vel
902 3310 942 3350 in
965 3308 1105 3364 specie
1133 3308 1335 3362 intelligi-

329 3390 402 3431 bili
448 3402 531 3430 non
570 3394 763 3429 causaret
787 3401 795 3436 ;
838 3398 934 3426 nam
963 3392 1009 3425 ut
1053 3384 1127 3434 sic,
1177 3390 1339 3424 tantum

331 3473 477 3507 natum
507 3470 618 3506 esset
634 3475 808 3505 causare
824 3461 1014 3502 notitiam
1038 3459 1337 3501 abstractivam

332 3541 398 3584 sui
411 3540 667 3582 distinctam.
688 3538 728 3579 Si
751 3550 850 3579 vero
872 3544 984 3577 esset
1007 3535 1047 3576 in
1070 3548 1116 3576 se
1129 3547 1336 3590 praesens,

333 3624 477 3657 natum
509 3621 621 3656 esset
647 3625 822 3655 causare
863 3610 1052 3651 notitiam
1088 3608 1333 3651 intuitivam

335 3692 597 3734 distinctam.

1467 433 1530 491 (e)
1545 435 1632 476 Pro
1659 442 1816 489 nuunto
1843 434 1981 490 igitur
1986 467 1995 486 ,
2019 439 2100 474 etc.
2125 420 2301 485 Supplet
2324 428 2416 483 qui-

1411 508 1504 550 dem
1536 509 1794 564 imperfecte,
1819 521 1987 564 semper
2030 505 2307 560 intelligendo
2332 517 2419 544 mo¬

1410 583 1462 625 do
1485 585 1784 639 praeexposito.

1469 655 1520 714 (1)
1550 659 1633 700 Nec
1656 660 1882 701 veritatum
1900 661 2067 709 talium,
2087 665 2165 700 etc.
2185 656 2290 698 Dicit
2311 654 2422 710 quod

1412 734 1608 777 voluntas
1646 734 1790 778 divina
1836 749 1917 777 non
1951 742 2093 790 posset
2126 732 2324 788 supplere
2353 730 2420 772 vi¬

1409 823 1499 851 cem
1533 811 1686 866 objecti
1729 811 1959 862 inferioris,
1993 819 2090 866 puta
2121 810 2230 851 entis
2270 806 2415 856 creati,

1410 895 1603 940 respectu
1650 887 1800 928 harum
1846 887 2092 929 veritatum.
2136 888 2268 933 Patet,
2320 883 2418 937 quia

1412 962 1452 1001 in
1498 962 1576 1003 hoc
1632 961 1788 1004 dicitur
1841 962 2040 1017 supplere
2088 962 2224 1003 vicem
2265 958 2420 1013 objecti

1413 1036 1614 1091 perfecte,
1649 1036 1816 1092 quando
1856 1044 2001 1078 causat
2042 1036 2167 1077 talem
2208 1033 2418 1085 notitiam,

1409 1111 1580 1167 qualem
1605 1111 1744 1166 ipsum
1776 1113 1988 1168 objectum
2015 1120 2158 1153 natum
2187 1117 2298 1151 esset
2320 1122 2421 1150 cau¬

1413 1199 1522 1238 sare,
1547 1187 1582 1228 si
1603 1197 1715 1229 esset
1744 1189 1783 1229 in
1808 1201 1852 1230 se
1880 1200 2076 1243 praesens
2098 1186 2164 1228 vel
2206 1186 2245 1227 in
2280 1185 2421 1240 specie

1412 1259 1696 1316 intelligibili;
1742 1262 1808 1304 vel
1836 1262 1992 1304 dicitur
2030 1261 2228 1316 supplere
2264 1261 2420 1314 imper¬

1415 1335 1534 1385 fecte,
1590 1337 1759 1392 quando
1802 1351 1884 1379 non
1923 1345 2072 1380 causat
2120 1336 2312 1378 notitiam
2366 1336 2422 1377 ita

1413 1410 1652 1454 distinctam
1677 1414 1844 1467 qualem
1874 1413 1955 1455 tale
1994 1415 2206 1468 objectum
2242 1414 2278 1454 si
2312 1419 2425 1454 esset

1415 1486 1455 1526 in
1490 1499 1536 1528 se
1563 1499 1755 1542 praesens
1778 1489 1844 1530 vel
1891 1489 1932 1529 in
1971 1489 2113 1544 specie
2158 1486 2424 1543 intelligibili

1415 1568 1558 1604 natum
1599 1571 1713 1605 esset
1764 1577 1956 1606 causare.
1994 1565 2034 1606 Si
2077 1578 2179 1620 ergo
2224 1570 2422 1617 respectu

1414 1636 1564 1679 harum
1586 1638 1835 1692 veritatum,
1879 1648 2018 1694 potest
2040 1640 2240 1695 supplere
2286 1639 2421 1681 vicem

1411 1712 1591 1768 alicujus
1651 1715 1805 1769 objecti
1878 1715 2108 1767 inferioris,
2174 1722 2423 1770 sequeretur

1415 1787 1526 1842 quod
1549 1790 1629 1831 tale
1649 1790 1862 1846 objectum
1901 1792 2080 1833 inferius
2097 1791 2190 1833 sive
2210 1798 2419 1840 creatum,

1414 1864 1449 1905 si
1483 1872 1595 1906 esset
1622 1879 1812 1920 praesens
1836 1866 1960 1907 alicui
1983 1866 2213 1908 intellectui
2246 1866 2284 1906 in
2322 1879 2421 1920 pro¬

1414 1939 1502 1993 pria
1532 1940 1773 1992 existentia,
1806 1947 1952 1982 natum
1975 1950 2085 1983 esset
2106 1954 2280 1982 causare
2312 1941 2422 1982 noti¬

1414 2014 1514 2056 tiam
1557 2015 1801 2058 intuitivam
1834 2017 1962 2072 hujus
1987 2018 1994 2060 :
2036 2018 2150 2059 Deus
2183 2024 2242 2058 est
2281 2017 2421 2058 trinus

1418 2096 1455 2130 et
1477 2103 1615 2142 unus;
1655 2092 1720 2132 vel
1749 2093 1782 2133 si
1823 2100 1936 2134 esset
1975 2107 2166 2148 praesens
2201 2094 2242 2133 in
2282 2092 2421 2148 specie

1414 2165 1674 2221 intelligibili
1732 2167 1934 2211 distincte
1977 2177 2314 2224 repraesentante
2364 2171 2428 2226 ip¬

1414 2256 1525 2296 sum,
1551 2252 1652 2286 tunc
1679 2254 1823 2288 natum
1859 2254 1971 2289 esset
1992 2256 2037 2289 ut
2064 2248 2300 2303 cognitum,
2326 2263 2423 2292 cau¬

1413 2332 1507 2361 sare
1569 2320 1760 2362 notitiam
1811 2322 2112 2365 abstractivam
2174 2324 2418 2366 distinctam

1413 2397 1603 2438 omnium
1628 2398 1855 2440 veritatum
1883 2401 2220 2444 necessariarum
2245 2403 2294 2445 de
2321 2406 2421 2456 Deo,

1415 2471 1525 2525 quod
1561 2480 1624 2514 est
1658 2473 1950 2528 impossibile;
1994 2477 2093 2531 quia
2120 2477 2155 2518 si
2200 2478 2275 2528 sic,
2319 2486 2422 2521 tunc

1414 2556 1606 2590 creatura
1628 2549 1865 2592 virtualiter
1898 2552 2134 2595 contineret
2157 2554 2291 2608 ipsam
2321 2555 2417 2597 Dei-

1414 2632 1559 2677 talem,
1591 2632 1634 2666 ut
1656 2627 1813 2680 patebit
1841 2630 1966 2681 infra
1983 2628 2025 2669 d.
2052 2631 2090 2684 3.
2118 2643 2157 2684 q.
2192 2633 2230 2672 1.
2255 2637 2292 2672 et
2313 2631 2356 2673 d.
2374 2633 2415 2673 8.

1415 2708 1453 2742 et
1474 2714 1512 2756 q.
1552 2703 1619 2750 14.
1655 2703 1810 2750 Quodl.
1837 2710 1874 2744 et
1907 2705 1954 2746 in
1981 2705 2021 2746 2.
2059 2705 2160 2747 dist.
2193 2710 2216 2762 3
2275 2721 2313 2762 q.
2350 2710 2419 2753 10.

2439 2766 2452 2835 ^[utobus
1473 2776 1540 2833 (g)
1572 2778 1835 2832 Differentia
1881 2780 2061 2821 istorum
2105 2781 2302 2833 duorum,
2341 2790 2420 2825 etc.

1414 2849 1456 2893 id
1508 2860 1571 2894 est
1605 2853 1697 2895 haec
1726 2853 1873 2896 notitia
1903 2856 1910 2896 :
1954 2856 2066 2896 Deus
2115 2864 2175 2897 est
2216 2858 2358 2899 trinus
2384 2866 2424 2900 et
2440 2894 2452 2924 p

1413 2942 1539 2980 unus,
1584 2936 1722 2984 potest
1748 2930 1829 2971 dici
1863 2929 2090 2985 dupliciter
2123 2946 2305 2988 superna
2312 2926 2420 2978 tura-

1414 3004 1480 3046 lis.
1518 3006 1674 3056 Primo,
1736 3006 1835 3060 quia
1873 3014 2036 3049 tantum
2083 3016 2146 3050 est
2179 3010 2229 3051 ab
2267 3021 2422 3065 agente

1416 3081 1745 3134 supernaturali.
1778 3082 2097 3138 Secundo,quia
2119 3093 2183 3126 est
2210 3085 2260 3127 ab
2294 3101 2423 3143 agen¬

1415 3164 1453 3198 te
1481 3157 1706 3211 supplente
1733 3157 1869 3198 vicem
1893 3158 2046 3212 objecti
2067 3166 2421 3217 supernaturalis,

1417 3240 1456 3273 et
1495 3232 1528 3273 si
1577 3233 1655 3274 ista
1713 3232 1795 3273 duo
1841 3242 2014 3288 possent
2067 3238 2271 3291 separari,
2313 3249 2425 3284 esset

1416 3308 1640 3349 manifesta
1666 3308 1883 3349 distinctio
1911 3313 2343 3364 supernaturalitatis.
2381 3319 2423 3359 Si

1414 3383 1526 3425 enim
1552 3384 1699 3426 notitia
1726 3384 1822 3426 haec,
1846 3392 2008 3428 tantum
2038 3396 2149 3430 esset
2169 3403 2192 3431 a
2209 3391 2426 3436 voluntate

1413 3459 1574 3511 divina,
1614 3473 1696 3501 non
1717 3459 1942 3516 supplente
1969 3463 2107 3504 vicem
2154 3467 2306 3521 objecti
2349 3483 2424 3512 su¬

1414 3537 1711 3590 pernaturalis,
1732 3544 1832 3578 tunc
1852 3537 2064 3581 diceretur
2079 3546 2420 3596 supernaturalis

1414 3618 1576 3654 tantum
1606 3612 1742 3667 primo
1766 3613 1905 3656 modo.
1933 3616 1982 3655 Et
2011 3615 2103 3658 ideo
2131 3620 2283 3661 Doctor
2305 3622 2423 3675 ponit

1412 3687 1654 3743 exemplum
1684 3688 1726 3728 in
1753 3688 1849 3740 alio,
1883 3699 1925 3731 ut
1946 3697 2061 3745 puta,
2088 3693 2285 3738 voluntas
2314 3696 2422 3740 divi-
