2653 3950
199 324 251 366 26
288 327 336 365 EL
355 326 466 366 bene
489 330 587 367 nota
611 327 719 366 hanc
741 326 1083 375 responsionem,
1106 325 1201 376 quia

198 400 294 441 facit
325 402 381 442 ad
410 405 536 442 multa
561 405 600 442 in
622 405 700 443 ista
730 403 921 442 materia.

248 478 352 516 Nota
386 481 526 518 tamen
558 480 675 530 quud
697 479 928 526 Gregorius
949 479 998 517 de
1019 480 1204 518 Arimino

199 564 224 602 p
243 558 332 597 >nil,
367 566 421 604 qu
441 555 482 594 )d
523 555 672 595 divinae
706 565 897 603 personae
938 566 963 594 n
982 567 1021 595 >n
1061 555 1206 594 dislin-

196 633 387 681 guunlur
416 632 693 680 personaliter
730 633 941 680 a'iquihus
977 631 1205 680 proprieta¬

198 705 309 744 tibus
328 706 410 744 lioc
432 706 558 746 modo
580 709 784 756 acceptis,
807 707 970 746 scilicet
992 707 1205 758 aliquibus

196 780 529 830 proprietatibus
551 792 643 831 quae
669 784 753 821 sint
781 782 970 828 ipsarum
997 792 1206 832 persona¬

195 865 290 894 rum
314 856 540 900 transitive,
575 860 617 895 et
644 858 725 895 hoc
753 868 828 906 pro
857 856 1027 896 enlibus
1055 858 1203 908 aliqui¬

196 930 277 969 bus
297 930 376 968 sibi
405 932 583 980 propriis
616 932 887 980 incomplexe
918 931 1206 983 significabili¬

194 1004 290 1050 bus,
315 1015 389 1053 pro
413 1007 567 1055 quibus
590 1008 755 1046 termini
785 1008 995 1056 complexi
1030 1012 1208 1058 possunt

197 1082 478 1129 personaliter
514 1094 593 1121 seu
622 1081 898 1133 significative
931 1094 1177 1133 supponere
1196 1097 1206 1130 ;

201 1159 244 1194 et
264 1156 322 1194 sic
342 1163 638 1206 supponentes
672 1169 768 1198 esse
795 1158 985 1208 subjecta
1016 1160 1209 1208 proposi¬

204 1233 381 1278 tionum,
405 1233 622 1283 quomodo
655 1235 844 1274 nonnulli
865 1236 1092 1284 opinantur
1114 1245 1209 1283 pro¬

204 1309 407 1358 prietates
445 1320 740 1359 personarum,
782 1309 976 1349 dicentes
1018 1310 1131 1361 quod
1172 1312 1213 1349 in

206 1385 328 1424 Patre
350 1386 415 1423 est
434 1385 573 1435 aliqua
608 1385 760 1424 enlitas
796 1386 1033 1425 communis
1063 1385 1141 1426 sibi
1176 1389 1216 1424 et

206 1461 305 1501 Filio
354 1465 397 1500 et
445 1461 599 1510 Spiritu
635 1465 799 1509 sancto,
837 1463 1000 1502 scilicet
1029 1464 1216 1501 essentia

210 1537 366 1581 divina,
401 1541 442 1575 et
470 1538 611 1588 aliqua
641 1539 794 1578 enlitas
813 1550 898 1579 non
926 1539 1004 1578 illis
1025 1549 1216 1578 commu¬

208 1614 289 1659 nis,
320 1612 398 1651 sed
429 1614 509 1653 sibi
539 1615 707 1664 propria
739 1625 864 1664 quam
895 1620 1048 1655 vocant
1074 1620 1218 1665 pater¬

207 1691 399 1733 nitatem,
424 1693 466 1728 et
484 1690 595 1729 hanc
617 1689 760 1729 dicunt
794 1701 888 1730 esse
911 1691 1218 1742 proprietatem

213 1765 315 1815 ejus.
347 1766 395 1804 Et
423 1766 615 1806 similiter
644 1769 688 1806 in
722 1766 820 1806 Filio
858 1767 1085 1816 opinantur
1122 1777 1218 1806 esse

212 1841 397 1891 aliquam
437 1844 659 1882 entitatem
697 1842 776 1881 sibi
814 1845 1030 1892 propriam
1069 1846 1218 1891 ulpote

212 1918 475 1965 filiationem,
517 1922 560 1958 et
597 1921 638 1957 in
679 1919 835 1967 Spiritu
864 1924 1011 1959 sancto
1050 1920 1220 1968 spirati¬

214 2004 358 2035 onem.
391 1996 443 2034 Et
471 1995 566 2034 haec
605 1999 669 2034 est
705 1997 856 2044 positio
890 1996 1019 2042 Scoti,
1041 2000 1088 2035 ut
1109 1999 1223 2046 patet

214 2071 412 2122 praesenti
443 2070 730 2112 distinctione.

268 2146 467 2187 Secundo
490 2147 686 2186 concedit
706 2147 936 2197 Gregorius
970 2147 1083 2197 quod
1118 2146 1224 2185 divi¬

216 2236 280 2266 nae
317 2235 510 2275 personae
540 2224 858 2275 distinguuntur
893 2223 1223 2273 proprietatibus

214 2302 495 2349 inlransitive,
533 2300 815 2351 intelligendo
855 2301 946 2340 illas
983 2302 1220 2351 proprieta¬

218 2382 298 2424 tes,
343 2382 391 2417 ut
435 2379 491 2417 sit
528 2379 786 2417 constructio
820 2378 1097 2423 inlransiliva,
1130 2387 1227 2415 cum

218 2455 370 2503 dicitur
401 2455 682 2503 proprietates
712 2463 995 2502 personarum
1003 2484 1011 2499 ,
1053 2453 1095 2492 id
1144 2457 1224 2500 est,

216 2531 500 2582 proprietates
531 2539 621 2578 quae
652 2532 751 2568 sunt
784 2538 998 2577 personae,
1026 2528 1227 2568 videlicet

218 2617 294 2658 pro
317 2606 529 2656 aliquibus
559 2606 723 2643 tantum
752 2603 974 2653 complexe
995 2603 1228 2644 formaliter

217 2682 287 2723 vel
305 2680 610 2731 aequivalenter
629 2677 983 2730 significantibus,
1010 2679 1226 2730 quomodo

222 2758 324 2798 dicit
350 2756 615 2807 Augustinus
657 2756 707 2794 de
741 2754 822 2802 fide
866 2756 922 2793 ad
960 2757 1146 2802 Petrum,
1187 2758 1228 2794 et

224 2833 397 2885 ponitur
431 2843 454 2870 a
488 2830 687 2881 Magistro
727 2830 820 2868 dist.
859 2829 924 2868 26.
972 2830 1088 2879 quod
1128 2840 1229 2878 pro¬

225 2910 364 2960 prium
386 2912 450 2947 est
469 2907 602 2946 Patris
624 2904 739 2956 quod
758 2915 892 2943 unum
907 2905 1049 2944 Filium
1065 2908 1230 2956 genuit,

228 2989 270 3026 et
315 2985 534 3034 proprium
572 2985 637 3022 est
674 2981 760 3021 Filii
799 2979 915 3031 quod
955 2980 1008 3020 de
1048 2982 1232 3021 essentia

227 3061 358 3100 Patris
404 3061 528 3098 natus
577 3060 655 3103 est,
705 3059 747 3094 et
795 3057 1013 3105 proprium
1057 3056 1233 3107 Spiritus

229 3135 364 3176 sancti
385 3133 501 3184 quod
521 3132 637 3171 solus
668 3130 721 3169 de
752 3130 872 3169 Patre
915 3131 1103 3181 Filioque
1134 3143 1236 3181 pro¬

229 3211 357 3253 cedit.
398 3210 572 3249 Constat
608 3211 755 3246 autem
788 3206 906 3256 quod
937 3206 1032 3245 talia
1066 3207 1236 3257 propria

229 3297 317 3329 non
383 3289 482 3325 sunt
530 3284 680 3334 aliquae
737 3285 938 3322 enliLales
997 3282 1237 3324 secundum

232 3375 278 3405 se
319 3367 434 3402 extra
472 3361 656 3400 animam
688 3361 871 3409 propriae
907 3360 1117 3408 personis,
1153 3371 1240 3399 non

234 3439 349 3480 enim
387 3441 452 3476 est
495 3438 649 3476 enlitas
688 3435 830 3484 aliqua
880 3437 888 3472 :
939 3437 1066 3473 Pater
1111 3445 1243 3474 unum

233 3514 386 3555 Filiam
414 3513 556 3561 genuit
565 3543 573 3558 ,
613 3522 696 3550 nec
719 3510 845 3549 etiam
885 3511 1016 3548 Filius
1053 3512 1245 3549 nascitur

233 3602 289 3632 ex
317 3593 457 3630 Patre.
483 3589 587 3627 Nam
619 3588 810 3638 quamvis
829 3587 952 3626 Filius
972 3588 1025 3625 sit
1050 3597 1135 3626 una
1158 3597 1241 3636 res,

1282 329 1324 363 et
1362 325 1555 363 nativitas
1592 335 1674 363 una
1715 335 1798 367 res,
1841 327 1883 363 et
1920 322 2113 363 similiter
2152 321 2290 367 Pater,

1281 414 1372 454 quae
1391 400 1687 453 significantur
1708 411 1783 442 per
1805 400 2007 439 terminos
2028 398 2083 436 hu
2102 408 2153 436 us
2176 407 2289 436 com¬

1282 481 1389 525 plexi
1418 481 1424 517 :
1453 478 1582 517 FUdus
1603 479 1720 516 nasci
1736 487 1789 514 ur
1809 487 1862 514 ec
1885 478 2006 514 Patre
2012 505 2020 515 ,
2046 484 2129 512 non
2150 475 2290 522 pnlpst

1283 561 1320 595 ta
1342 566 1424 593 nen
1448 554 1486 592 di
1520 556 1527 592 i
1552 565 1606 595 au
1629 551 1664 591 id
1690 554 1768 590 hoc
1792 556 1804 590 l
1824 556 1883 590 »lu
1901 554 1923 591 n
1949 550 2080 591 Filius
2101 561 2175 588 nas
2201 552 2218 588 i
2236 561 2288 587 ur

1280 641 1334 668 ex
1365 633 1487 668 Patre
1518 629 1572 668 sit
1601 629 1740 677 aliqua
1774 637 1858 670 res,
1901 626 1978 665 nisi
2012 625 2030 663 f
2046 631 2121 663 ,rte
2155 631 2289 664 mate¬

1279 705 1438 743 rialiter
1485 707 1528 743 et
1581 713 1670 741 non
1726 701 2001 753 significative
2049 711 2220 739 sumere
2243 712 2292 739 ur

1280 781 1392 820 istud
1434 781 1612 820 dictum.
1661 777 1765 817 Cum
1813 788 1916 828 ergo
1960 776 2127 821 dicitur,
2168 776 2286 826 quod

1281 858 1517 906 proprietas
1558 855 1687 892 Patris
1723 856 1788 892 est
1826 853 1941 903 quod
1976 862 2110 891 unum
2142 852 2292 902 genuit

1283 932 1441 977 Filium,
1484 932 1555 969 aut
1593 928 1707 980 quod
1750 928 1873 968 Filius
1914 927 2100 967 nascitur
2139 938 2189 966 ex
2222 937 2287 973 eo,

1280 1015 1368 1045 non
1400 1005 1628 1045 denotatur
1663 1003 1776 1053 quod
1813 1004 1955 1053 aliqua
1988 1003 2142 1041 enlitas
2171 1009 2290 1040 extra

1283 1082 1469 1120 animam
1492 1080 1677 1118 existens
1698 1078 1750 1116 sil
1771 1079 1939 1127 propria
1963 1077 2085 1119 Patri,
2107 1076 2183 1116 sed
2205 1080 2293 1116 tan¬

1285 1154 1506 1193 tummodo
1529 1153 1644 1205 quod
1664 1153 1734 1192 ille
1754 1154 1870 1192 solus
1899 1154 2048 1204 genuit
2069 1153 2229 1195 Filium,
2255 1155 2297 1191 et

1288 1229 1404 1281 quod
1441 1228 1556 1268 idem
1586 1233 1651 1266 est
1686 1227 1803 1277 quod
1836 1238 1888 1267 ex
1922 1238 1970 1266 eo
1993 1227 2180 1266 nascitur
2203 1230 2297 1265 tan¬

1291 1309 1377 1345 tum
1401 1306 1542 1350 Filius,
1583 1307 1624 1343 et
1662 1303 1742 1342 hoc
1781 1303 1908 1342 modo
1944 1302 2067 1342 Paler
2103 1306 2144 1342 et
2173 1303 2296 1342 Filius

1291 1382 1613 1432 distinguuntur
1641 1380 1692 1418 ab
1727 1381 1911 1419 invicem
1965 1379 2014 1417 Et
2047 1379 2179 1417 multa
2217 1379 2297 1418 alia

1292 1459 1393 1499 dicit
1417 1470 1488 1507 pro
1510 1459 1587 1497 ista
1612 1456 1839 1506 positione,
1864 1456 1940 1495 sed
1965 1466 2038 1503 pro
2072 1465 2184 1494 nunc
2217 1456 2295 1494 ista

1291 1534 1501 1574 sufficiant
1520 1532 1574 1571 ad
1594 1533 1860 1582 propositum
1881 1535 2088 1569 nostrum.

1343 1613 1392 1650 Et
1412 1612 1564 1661 probat
1585 1609 1699 1657 quod
1721 1608 1821 1647 dicit
1841 1609 1990 1658 primo,
2006 1608 2170 1646 scilicet
2184 1606 2300 1656 quod

1290 1698 1378 1728 non
1400 1688 1484 1725 sint
1504 1685 1667 1725 dabiles
1701 1685 1850 1734 aliquae
1886 1684 1990 1722 tales
2020 1683 2302 1732 proprietates

1293 1763 1543 1814 personales
1571 1761 1851 1810 incomplexae
1869 1766 1984 1798 extra
2008 1760 2192 1798 animam
2214 1760 2299 1796 exi-

1293 1844 1471 1885 stentes,
1502 1841 1550 1877 ut
1571 1838 1872 1887 paternitatem
1892 1836 1933 1876 in
1956 1845 2139 1885 persma
2168 1835 2300 1874 Patris

1295 1920 1413 1955 extra
1446 1917 1630 1954 animam
1665 1914 1906 1953 distinctam
1940 1913 1991 1952 ab
2025 1913 2225 1952 essentia.
2256 1914 2303 1952 Et

1295 1994 1449 2044 probat
1467 1993 1527 2031 sic
1558 1993 1708 2040 primo,
1744 1991 1841 2040 quia
1871 1991 1939 2029 vel
1969 1989 2073 2028 tales
2106 1991 2305 2029 enlitates

1297 2073 1443 2110 essent
1464 2069 1712 2108 extrinsecae
1739 2066 1951 2116 personis,
1981 2066 2050 2104 vel
2074 2066 2305 2104 intrinsece

1295 2146 1469 2185 inclusae
1487 2145 1528 2183 in
1552 2145 1631 2188 eis;
1658 2153 1743 2182 non
1765 2143 1900 2191 primo
1924 2140 2070 2187 modo,
2103 2140 2307 2191 quoniam

1296 2225 1398 2274 ipsae
1427 2226 1572 2261 essent
1605 2230 1682 2269 per
1723 2229 1769 2257 se
1805 2219 2107 2262 subsistentes,
2148 2219 2191 2255 et
2230 2227 2307 2266 per

1299 2308 1572 2348 consequens
1620 2299 1766 2334 essent
1805 2303 2018 2344 personae,
2067 2296 2167 2332 tunc
2195 2293 2307 2331 ultra

1299 2375 1494 2425 sequitur
1522 2370 1639 2422 quod
1670 2370 1714 2408 in
1747 2369 1898 2408 divinis
1928 2371 2074 2409 essent
2093 2367 2149 2407 ad
2168 2367 2309 2406 minus

1299 2462 1376 2490 sex
1397 2458 1614 2499 personae;
1637 2446 1706 2485 vel
1727 2447 1872 2484 essent
1894 2444 2088 2493 personis
2108 2443 2308 2483 inhaeren¬

1300 2528 1365 2564 tes
1390 2525 1458 2563 vel
1483 2522 1744 2565 insistentes,
1780 2520 1891 2558 sicut
1923 2518 2067 2558 formae
2096 2518 2139 2557 in
2170 2522 2306 2558 mate¬

1299 2602 1384 2646 riis,
1430 2597 1548 2650 quod
1591 2600 1657 2637 est
1698 2596 1961 2645 impossibile
2003 2594 2043 2633 in
2084 2596 2191 2641 Deo,
2237 2594 2310 2645 qui

1300 2676 1404 2716 nulli
1434 2675 1668 2715 subsistere
1700 2675 1857 2722 potest,
1888 2674 1935 2710 ut
1967 2670 2069 2710 dicit
2105 2672 2308 2722 Augusti¬

1300 2765 1382 2793 nus
1419 2754 1458 2792 7.
1488 2755 1537 2792 de
1569 2750 1784 2788 Trinitate.
1821 2747 1904 2787 Sed
1938 2757 2019 2786 nec
2051 2750 2196 2796 potest
2227 2747 2310 2786 dici

1304 2831 1418 2884 quod
1450 2831 1532 2869 sint
1562 2828 1711 2877 aliquae
1741 2827 1938 2865 entitates
1978 2827 2209 2865 intrinsece
2247 2828 2314 2865 in¬

1306 2909 1429 2947 clusae
1466 2908 1510 2946 in
1544 2904 1754 2954 personis,
1790 2902 2030 2942 secundum
2065 2912 2193 2951 quem
2220 2912 2311 2941 mo¬

1307 2984 1410 3023 dum
1438 2981 1661 3033 imaginari
1679 2979 1894 3024 videntur,
1927 2976 2188 3028 quicumque
2210 2977 2316 3016 tales

1305 3059 1589 3109 proprietates
1619 3057 1784 3104 ponunt
1811 3055 1854 3092 in
1877 3054 2087 3103 personis.
2122 3053 2208 3091 Hoc
2239 3062 2315 3090 au¬

1310 3139 1397 3175 tem
1427 3145 1523 3173 esse
1556 3131 1819 3181 impossibile
1841 3129 2046 3179 probatur
2074 3126 2314 3177 multiplici¬

1310 3216 1388 3253 ter.

2338 3281 2340 3316 Prima
1364 3291 1499 3329 Primo
1528 3286 1704 3339 quidem
1731 3295 1810 3335 per
1843 3292 2087 3333 expressam
2123 3281 2321 3322 determi-

1312 3370 1531 3409 nationem
1553 3363 1769 3408 Ecclesiae,
1791 3366 1916 3400 extra
1936 3361 1984 3399 de
2003 3369 2110 3398 sum.
2139 3360 2252 3398 Trin.
2286 3363 2322 3397 et

1313 3445 1386 3493 fid.
1421 3442 1536 3482 Cath.
1570 3450 1661 3487 cap.
1693 3440 1970 3481 Damnamus,
2012 3433 2083 3472 ubi
2121 3433 2274 3472 dicitur
2310 3446 2319 3472 :

1314 3520 1439 3557 Pater
1467 3517 1518 3555 ab
1553 3517 1716 3553 aeterno
1749 3512 1897 3550 Filium
1929 3509 2180 3561 generando
2203 3520 2324 3549 suam

1317 3593 1599 3633 substantiam
1647 3590 1684 3628 ei
1732 3586 1865 3634 dedit,
1904 3587 2027 3638 juxta
2066 3583 2184 3635 quod
2230 3587 2321 3634 ipse
