2653 3950
110 372 191 402 nus
212 374 342 414 super
360 362 464 403 illud
487 364 638 403 Psalm.
666 363 730 402 68.
763 363 921 410 Infixus
951 372 1044 400 sum
1074 363 1117 399 in

113 439 214 478 limo
242 441 464 489 profundi,
503 444 538 478 et
570 451 651 478 non
683 442 739 478 est
771 438 1018 483 substantia,
1042 447 1116 484 pro

115 517 290 554 entitate
329 515 483 565 accipit
523 515 798 554 substantiam
805 544 814 560 ,
856 511 973 550 unde
1012 512 1068 549 ait
1107 521 1116 547 :

115 592 262 630 Omnia
295 591 403 629 enim
433 591 666 629 substantia
695 592 785 628 sunt
813 599 859 627 eo
880 589 969 636 ipso
976 597 985 634 ,
1009 586 1120 634 quod

110 668 204 704 sunt
223 669 392 711 natura,
417 677 506 714 quae
538 665 659 704 nulla
674 667 766 704 sunt
794 664 837 703 in
865 662 1113 705 substantia,

111 742 279 779 omnino
304 741 411 780 nihil
439 744 546 780 sunt.
583 741 624 779 Si
658 751 760 791 ergo
794 738 934 787 aliqua
965 737 1119 775 entitas

113 817 229 852 esset
256 814 297 853 in
328 825 510 864 persona
533 825 623 864 quae
644 823 728 853 non
751 816 866 852 esset
886 813 1014 854 Deus,
1029 810 1120 860 jam

112 899 297 937 persona
319 892 550 938 composita
574 891 689 928 esset
710 899 762 927 ex
784 888 869 926 Deo
893 889 936 925 et
958 889 1122 925 creatu¬

113 975 173 1011 ra,
209 964 325 1014 quod
349 964 649 1013 blasphemum
671 967 736 1002 est
756 963 913 1002 dicere.

168 1041 284 1086 Item,
303 1041 421 1091 Hugo
444 1040 496 1079 de
519 1038 803 1078 Sacramentis
824 1038 895 1077 lib.
921 1038 937 1075 1
963 1040 972 1076 :
997 1040 1124 1076 Omne

114 1117 227 1164 quod
246 1117 287 1156 in
307 1118 390 1155 Deo
411 1120 483 1162 est,
506 1116 628 1155 aliud
648 1126 776 1165 quam
806 1117 915 1153 Deus
939 1124 1022 1152 esse
1043 1123 1124 1151 non

109 1193 270 1239 potest;
288 1192 366 1231 sed
387 1192 421 1230 si
444 1192 512 1230 illa
541 1191 696 1230 entitas
728 1189 900 1240 propria
933 1192 998 1228 est
1029 1187 1123 1226 Dei¬

116 1269 190 1312 tas,
224 1270 267 1305 et
293 1278 371 1317 per
396 1269 652 1316 positionem
682 1277 766 1306 non
796 1269 860 1305 est
881 1265 948 1304 illa
972 1263 1123 1304 divini¬

114 1345 176 1380 tas
209 1343 471 1388 communis;
496 1353 598 1393 ergo
621 1344 687 1382 est
706 1342 784 1381 alia
815 1341 1008 1380 divinitas
1029 1350 1122 1389 pro¬

114 1418 221 1467 pria,
243 1422 284 1457 et
303 1421 422 1468 patet
443 1418 770 1469 consequentia.
802 1418 843 1457 Si
875 1428 974 1456 vero
1011 1415 1123 1454 dice¬

113 1497 246 1540 retur,
283 1494 398 1544 quod
430 1495 502 1534 illa
536 1495 690 1534 entitas
723 1493 896 1544 propria
935 1502 1021 1531 non
1060 1494 1125 1530 est

116 1570 269 1608 entitas
310 1568 503 1609 distincta
544 1569 672 1609 modo
714 1570 856 1619 aliquo
895 1579 917 1606 a
956 1566 1122 1606 Deitate

116 1647 348 1692 communi,
364 1646 442 1685 sed
465 1648 529 1685 est
548 1647 654 1696 ipsa,
673 1650 772 1684 tunc
792 1645 988 1695 sequitur
1007 1641 1124 1694 quod

116 1722 231 1761 nulla
260 1722 475 1772 pluralitas
497 1723 722 1761 enlitatum
744 1725 809 1760 est
837 1721 879 1760 in
911 1720 1122 1770 personis,

120 1801 160 1836 et
189 1809 266 1846 per
291 1808 563 1848 consequens
595 1807 679 1836 non
710 1801 773 1836 est
805 1799 846 1837 in
881 1807 931 1835 ea
964 1794 1125 1846 aliquid

119 1884 203 1923 quo
235 1874 435 1912 convenit
456 1885 549 1912 cum
572 1872 650 1912 alia
672 1884 871 1923 persona,
895 1875 937 1912 et
967 1869 1126 1922 aliquid

120 1949 232 1989 aliud
264 1960 348 1999 quo
372 1949 645 1999 distinguitur
665 1950 716 1988 ab
740 1960 804 1988 ea.

172 2026 290 2070 Item,
315 2025 431 2075 quod
453 2025 567 2063 nulla
589 2025 828 2074 proprietas
855 2028 920 2063 est
952 2025 994 2061 in
1028 2034 1127 2072 per¬

119 2110 222 2139 sona
247 2100 315 2139 vel
336 2104 400 2139 est
421 2111 629 2149 personae,
653 2100 868 2139 transitive
890 2097 1126 2148 loquendo,

121 2185 203 2224 qua
241 2174 525 2227 distinguatur
572 2176 624 2214 ab
669 2176 748 2214 alia
797 2185 998 2225 persona,
1051 2174 1130 2213 sed

117 2248 299 2298 ip^amet
319 2260 503 2298 persona
524 2249 640 2288 nulla
664 2249 782 2298 plura
823 2246 1128 2298 quoquomodo

117 2324 360 2371 includens,
385 2325 525 2375 seipsa
549 2326 682 2374 primo
699 2325 825 2375 juxta
852 2335 1027 2363 sensum
1057 2334 1131 2361 su¬

120 2410 196 2448 pra
242 2401 430 2449 positum
469 2399 748 2450 distinguitur
786 2400 837 2439 ab
869 2399 965 2443 alia,
1000 2403 1044 2437 et
1072 2399 1131 2437 sic

120 2475 305 2514 habetur
328 2475 609 2524 propositum.

177 2551 348 2599 Quinto,
370 2549 612 2590 secundum
644 2550 754 2589 hanc
780 2550 908 2595 viam,
937 2549 1136 2598 sequitur

124 2625 241 2676 quod
270 2627 386 2664 nulla
427 2636 610 2675 persona
649 2626 702 2663 sit
737 2634 903 2663 summe
933 2624 1130 2673 simplex,

125 2702 241 2752 quod
281 2707 345 2741 est
384 2712 515 2740 error.
557 2700 871 2750 Consequentia
912 2700 1131 2750 probatur,

127 2777 225 2825 quia
244 2776 482 2815 secundum
508 2776 587 2816 hoc
615 2775 813 2826 quaelibet
843 2785 1028 2824 persona
1059 2774 1137 2812 ha¬

129 2852 202 2890 bet
221 2851 264 2890 in
283 2862 330 2891 se
352 2851 515 2902 aliquid
536 2850 654 2901 quod
673 2851 764 2900 ipsa
785 2860 872 2890 non
903 2855 980 2896 est,
1010 2860 1090 2888 nec
1112 2860 1135 2888 e

129 2931 290 2974 contra,
339 2927 418 2967 sed
466 2930 530 2966 est
575 2925 738 2977 aliquid
787 2925 894 2976 ejus.
946 2926 1135 2974 Simplex

129 3006 273 3042 autem
294 3003 408 3049 nihil,
431 3003 548 3053 quod
567 3002 705 3053 ipsum
728 3013 815 3041 non
845 3003 915 3048 sit,
945 3001 1076 3041 habet
1095 3003 1138 3041 in

128 3089 190 3127 se,
221 3078 337 3117 unde
371 3081 547 3127 propter
579 3078 703 3117 istam
736 3088 908 3117 causam
939 3077 1141 3127 Magister

130 3158 401 3202 determinat,
435 3156 552 3208 quod
583 3157 824 3206 proprietas
852 3164 1051 3205 personae
1075 3157 1141 3193 est

128 3235 221 3284 ipsa
242 3235 443 3283 persona,
465 3235 558 3272 dist.
582 3234 648 3272 23.
675 3232 709 3271 1.
741 3232 814 3271 lib.

182 3308 232 3346 Et
251 3305 564 3346 advertendum
597 3309 676 3354 est,
712 3305 829 3356 quod
861 3316 1012 3344 omnes
1033 3314 1141 3353 prae¬

133 3383 269 3422 missae
296 3381 482 3420 rationes
513 3381 755 3430 procedunt
789 3384 934 3420 contra
964 3380 1142 3430 quamli¬

136 3462 208 3500 bet
226 3460 471 3509 opinionem
496 3463 728 3508 ponentem
748 3459 933 3508 aliquam
953 3458 1143 3508 proprie¬

138 3539 282 3580 tatem,
312 3534 441 3573 modo
469 3544 598 3583 supra
632 3535 788 3584 posito,
818 3536 908 3573 sive
942 3533 1012 3571 illa
1042 3543 1144 3582 pro¬

136 3612 294 3661 prietas
331 3612 508 3649 vocetur
542 3619 623 3657 res,
662 3609 750 3658 sive
781 3609 1038 3658 formalilas,
1073 3607 1142 3646 vel

1191 361 1414 409 quiddilas,
1448 360 1515 400 vel
1545 360 1768 401 modalitas
1773 391 1781 408 ,
1809 361 1875 400 vel
1902 361 1982 402 alio
2005 362 2195 413 quolibet

1190 438 1378 485 nomine,
1398 438 1631 479 dummodo
1654 440 1795 490 aliqua
1811 441 2027 490 pluralitas
2051 443 2094 479 et
2115 440 2196 479 dis¬

1192 513 1334 552 tinctio
1374 518 1560 564 ponatur
1591 515 1699 554 intra
1733 526 1960 565 personam
1995 515 2196 565 divinam,

1193 598 1285 637 quae
1316 590 1456 628 omnia
1492 591 1666 629 nomine
1709 592 1889 630 entitatis
1924 591 2117 642 intelligo
2148 592 2199 630 si¬

1191 660 1397 712 gnificari.

1243 736 1319 774 Pro
1358 737 1436 774 hac
1485 739 1761 778 conclusione
1808 744 1907 779 sunt
1947 740 2199 780 Sanctorum

1194 813 1483 851 auctoritates.
1525 813 1590 851 Ait
1628 816 1742 854 enim
1778 815 1955 856 Hilarius
1992 817 2113 854 tertio
2152 818 2201 856 de

1196 889 1341 926 Trinit.
1364 899 1498 938 prope
1518 887 1648 927 finem
1681 893 1689 929 :
1722 891 1864 938 Audis,
1894 893 1978 940 Ego
2011 896 2047 930 et
2076 894 2202 930 Pater

1193 975 1326 1002 unum
1359 975 1515 1011 sumus,
1557 976 1688 1004 unum
1725 970 1832 1011 sunt,
1873 966 2027 1006 scilicet
2057 968 2094 1006 is
2126 969 2202 1016 qui

1195 1042 1266 1086 est,
1287 1038 1393 1077 nihil
1413 1039 1579 1086 habens,
1605 1043 1716 1088 quod
1730 1051 1811 1080 non
1841 1045 1892 1080 sit
1926 1044 2051 1082 etiam
2078 1045 2122 1082 in
2152 1054 2197 1082 eo

1196 1125 1222 1152 a
1253 1125 1334 1162 quo
1363 1118 1432 1153 est.

1250 1190 1368 1236 Item,
1410 1189 1526 1229 idem
1562 1193 1601 1230 7.
1641 1193 1691 1230 de
1731 1195 1878 1234 Trinit.
1923 1195 2060 1234 Indico
2099 1197 2200 1243 quid

1195 1270 1302 1312 sunt,
1333 1265 1487 1304 scilicet
1520 1269 1646 1307 Pater
1671 1271 1709 1306 et
1738 1270 1865 1308 Filius
1885 1281 1979 1309 cum
2000 1281 2130 1309 unum
2150 1282 2204 1310 ex

1194 1349 1277 1377 uno
1314 1343 1388 1385 est,
1428 1342 1527 1388 quia
1555 1352 1689 1390 neque
1725 1354 1833 1382 unus
1865 1345 1943 1383 uni
1973 1344 2096 1384 aliud
2123 1356 2204 1393 per

1195 1417 1506 1463 generationem
1535 1429 1663 1467 quam
1695 1422 1808 1468 quod
1836 1431 1961 1459 suum
1994 1425 2051 1461 est
2077 1422 2205 1468 dedit,

1193 1502 1326 1540 neque
1346 1504 1456 1531 unus
1475 1493 1526 1531 ab
1547 1505 1629 1532 uno
1653 1506 1734 1544 per
1759 1497 2023 1536 nativitatem
2051 1497 2204 1536 obtinet

1196 1577 1324 1615 quam
1344 1569 1457 1616 quod
1474 1579 1598 1610 unus.

1249 1643 1366 1688 Hem,
1387 1643 1574 1684 Isidorus
1592 1646 1641 1684 de
1660 1657 1822 1686 summo
1843 1649 1947 1687 bono
1968 1648 2038 1688 lib.
2062 1650 2094 1688 1.
2115 1650 2199 1688 ait:

1194 1719 1288 1757 Ideo
1302 1729 1432 1758 unum
1462 1725 1556 1759 sunt
1586 1724 1712 1760 Paler
1732 1727 1768 1760 et
1795 1723 1939 1770 Filius,
1962 1726 2065 1773 quia
2094 1726 2203 1764 nihil

1196 1793 1318 1831 habet
1350 1796 1476 1832 Pater
1503 1799 1616 1844 quod
1644 1808 1726 1836 non
1745 1798 1896 1837 habeat
1917 1799 2060 1840 Filius.
2085 1802 2201 1839 Insu¬

1197 1878 1273 1917 per
1302 1870 1566 1920 Augustinus
1599 1873 1648 1912 de
1673 1884 1780 1912 sum.
1807 1875 2001 1915 Trinitat.
2025 1875 2207 1925 loquens

1200 1944 1253 1983 de
1275 1945 1412 1984 Verbo
1436 1947 1806 1989 consubstantiali:
1832 1953 1876 1989 Et
1897 1951 2008 1990 idem
2036 1953 2207 1992 Verbum

1199 2019 1352 2072 (inquit
1354 2021 1367 2073 )
1385 2023 1470 2062 haec
1488 2026 1644 2063 veritas
1672 2030 1740 2072 est,
1770 2028 1973 2075 quoniam
2008 2029 2214 2078 quidquid

1202 2101 1259 2136 est
1278 2099 1319 2136 in
1339 2109 1389 2137 ea
1407 2100 1581 2138 scientia
1602 2102 1651 2139 de
1672 2112 1756 2150 qua
1775 2104 1960 2150 genitum
1996 2108 2052 2143 est
2084 2106 2210 2143 etiam

1201 2174 1245 2212 in
1276 2176 1365 2222 ipso
1398 2178 1467 2214 est.
1504 2175 1689 2215 Scientia
1734 2181 1877 2217 autem
1922 2178 1974 2217 de
2020 2190 2104 2228 qua
2144 2183 2210 2219 est

1202 2249 1413 2298 genitum,
1438 2252 1502 2288 est
1520 2249 1658 2296 Pater,
1680 2254 1726 2290 ut
1745 2251 1820 2290 ubi
1841 2255 1978 2301 patet;
2003 2253 2214 2304 quidquid

1204 2334 1307 2374 ergo
1348 2328 1412 2363 est
1448 2325 1490 2363 in
1529 2325 1651 2365 Patre
1691 2330 1755 2365 est
1786 2329 1828 2366 in
1866 2328 1956 2377 ejus
1978 2329 2131 2368 Verbo.
2154 2331 2212 2368 Ex

1205 2401 1358 2450 quibus
1392 2400 1590 2439 omnibus
1619 2404 1736 2449 palet
1762 2402 1878 2451 quod
1899 2404 2000 2442 nihil
2021 2405 2211 2451 omnino,

1204 2478 1277 2514 aut
1299 2476 1452 2514 entitas
1473 2476 1614 2525 aliqua
1635 2482 1700 2515 est
1718 2477 1760 2515 in
1781 2478 1917 2524 Patre,
1941 2489 2034 2528 quae
2053 2491 2139 2518 non
2161 2482 2215 2519 sit

2236 2572 2239 2604 N
1204 2553 1247 2590 in
1268 2551 1381 2597 Filio,
1403 2562 1485 2590 nec
1506 2563 1528 2590 e
1551 2556 1714 2593 contra.
1749 2553 1871 2601 Quod
1907 2555 2033 2594 etiam
2068 2555 2216 2606 hujus-

2237 2651 2239 2684 estinPaire
1206 2625 1320 2664 modi
1347 2626 1476 2664 verba
1510 2627 1594 2666 Filii
1627 2627 1880 2668 confirmant
1910 2630 2030 2669 Joan.
2064 2631 2126 2670 16.
2152 2630 2214 2669 di-

2237 2744 2239 2765 non
1209 2702 1344 2740 centis
1385 2705 1394 2740 :
1435 2704 1585 2740 Omnia
1624 2713 1888 2752 quaecumque
1933 2705 2056 2744 habet
2092 2707 2220 2744 Paler

1209 2787 1303 2814 mea
1329 2782 1434 2820 sunt,
1470 2780 1512 2816 et
1541 2777 1723 2826 proinde
1760 2782 1904 2818 cantat
1928 2780 2117 2820 Ecclesia
2141 2783 2149 2820 :
2176 2783 2218 2820 In

1208 2855 1334 2891 Patre
1365 2856 1471 2892 totus
1502 2854 1642 2898 Filius,
1670 2857 1706 2893 et
1733 2859 1840 2894 totus
1857 2856 1899 2894 in
1929 2857 2053 2895 Verbo
2076 2859 2215 2896 Pater.

1207 2930 1299 2968 Non
1322 2940 1425 2981 ergo
1447 2931 1489 2969 in
1511 2930 1707 2980 personis
1729 2930 1897 2978 divinis,
1920 2935 2080 2980 praeter
2101 2943 2216 2972 com¬

1210 3015 1386 3043 munem
1412 3005 1659 3048 essentiam,
1690 3009 1790 3044 sunt
1822 3006 1977 3055 aliquae
2011 3006 2220 3055 speciales

1212 3084 1253 3119 et
1274 3080 1453 3130 propriae
1474 3080 1557 3119 enti
1565 3083 1672 3119 tales
1706 3080 1964 3131 cogitandae,
1995 3086 2040 3120 ut
2073 3085 2138 3119 est
2167 3090 2221 3118 ex

1213 3155 1334 3194 dictis
1381 3158 1617 3194 ostensum.
1667 3154 1742 3194 Cui
1789 3166 1963 3206 quoque
2013 3158 2221 3194 consonat

1213 3231 1373 3270 dictum
1410 3232 1600 3281 Hugonis
1647 3232 1718 3270 lib.
1762 3234 1796 3272 1.
1837 3234 1888 3272 de
1933 3232 2223 3272 Sacramentis

1214 3306 1395 3346 dicentis
1431 3308 1440 3348 :
1473 3308 1588 3348 Nihil
1614 3308 1734 3347 aliud
1752 3319 1835 3347 esse
1856 3318 1984 3357 quam
2002 3310 2221 3349 essentiam

1212 3394 1357 3431 unam,
1379 3394 1507 3432 quam
1527 3384 1786 3432 confitemur.

1265 3460 1431 3498 Deinde
1476 3464 1617 3510 arguit
1655 3464 1800 3499 contra
1849 3471 1910 3507 se,
1960 3461 2095 3509 primo
2144 3456 2222 3510 per

1213 3533 1316 3573 illud
1339 3534 1514 3573 verbum
1536 3533 1791 3573 Praefationis
1815 3537 1824 3572 :
1848 3537 1892 3572 In
1908 3536 2100 3583 personis
2121 3543 2219 3582 pro¬

1210 3610 1373 3658 prietas
1401 3613 1437 3648 et
1467 3611 1509 3648 in
1537 3610 1711 3648 essentia
1739 3611 1891 3657 unitas,
1931 3613 1968 3648 et
2005 3610 2048 3648 in
2085 3609 2219 3658 maje-
