<?xml version="1.0" encoding="UTF-8" standalone="yes"?>
<PcGts xmlns="http://schema.primaresearch.org/PAGE/gts/pagecontent/2013-07-15" xmlns:xsi="http://www.w3.org/2001/XMLSchema-instance" xsi:schemaLocation="http://schema.primaresearch.org/PAGE/gts/pagecontent/2013-07-15 http://schema.primaresearch.org/PAGE/gts/pagecontent/2013-07-15/pagecontent.xsd">
    <Metadata>
        <Creator>Transkribus</Creator>
        <Created>2020-11-20T14:51:08.517+01:00</Created>
        <LastChange>2021-03-22T01:42:18.833+01:00</LastChange>
        <Comments>
                Measurement unit: pixel
                PrimaryLanguage: English
                Language: Latin
                Producer: Transkribus
            </Comments>
        <TranskribusMetadata docId="541769" pageId="22791769" pageNr="634" tsid="54015584" status="IN_PROGRESS" userId="25065" imgUrl="https://files.transkribus.eu/Get?id=SCPJPAAHCHUYUZTKGEESWXDU&amp;fileType=view" xmlUrl="https://files.transkribus.eu/Get?id=YDUWGRTBMSZOUSYNLJFIOAGG" imageId="17769228"/>
    </Metadata>
    <Page imageFilename="633.jpg" imageWidth="2653" imageHeight="3950">
        <ReadingOrder>
            <OrderedGroup id="ro_1616597236253" caption="Regions reading order">
                <RegionRefIndexed index="0" regionRef="TextRegion_1616373684520_6396"/>
                <RegionRefIndexed index="1" regionRef="TextRegion_1616373706989_6428"/>
            </OrderedGroup>
        </ReadingOrder>
        <TextRegion type="paragraph" id="TextRegion_1616373684520_6396" custom="readingOrder {index:0;}">
            <Coords points="286,285 313,260 1319,260 1321,410 1321,1750 1315,3576 286,3576"/>
            <TextLine id="tl_2" primaryLanguage="English" custom="readingOrder {index:0;}">
                <Coords points="314,261 1318,261 1318,316 314,316"/>
                <Baseline points="314,314 434,303 603,311 671,304 730,303 814,302 937,304 995,302 1055,312 1188,303 1250,312 1318,302"/>
                <Word id="w_w2aab1b3b2b1b1ab1" language="English" custom="readingOrder {index:0;}">
                    <Coords points="314,265 434,265 434,314 314,314"/>
                    <TextEquiv>
                        <Unicode>ponit</Unicode>
                    </TextEquiv>
                    <TextStyle fontFamily="Times New Roman" fontSize="9.5"/>
                </Word>
                <Word id="w_w2aab1b3b2b1b1ac13" language="English" custom="readingOrder {index:1;}">
                    <Coords points="453,265 603,265 603,311 453,311"/>
                    <TextEquiv>
                        <Unicode>soluta,</Unicode>
                    </TextEquiv>
                    <TextStyle fontFamily="Times New Roman" fontSize="9.5"/>
                </Word>
                <Word id="w_w2aab1b3b2b1b1ac29" language="English" custom="readingOrder {index:2;}">
                    <Coords points="625,269 671,269 671,304 625,304"/>
                    <TextEquiv>
                        <Unicode>ut</Unicode>
                    </TextEquiv>
                    <TextStyle fontFamily="Times New Roman" fontSize="9.5"/>
                </Word>
                <Word id="w_w2aab1b3b2b1b1ac35" language="English" custom="readingOrder {index:3;}">
                    <Coords points="689,266 730,266 730,304 689,304"/>
                    <TextEquiv>
                        <Unicode>in</Unicode>
                    </TextEquiv>
                    <TextStyle fontFamily="Times New Roman" fontSize="9.5"/>
                </Word>
                <Word id="w_w2aab1b3b2b1b1ac41" language="English" custom="readingOrder {index:4;}">
                    <Coords points="752,264 887,264 887,314 752,314"/>
                    <TextEquiv>
                        <Unicode>primo</Unicode>
                    </TextEquiv>
                    <TextStyle fontFamily="Times New Roman" fontSize="9.5"/>
                </Word>
                <Word id="w_w2aab1b3b2b1b1b1b1" language="English" custom="readingOrder {index:5;}">
                    <Coords points="909,266 948,266 948,304 909,304"/>
                    <TextEquiv>
                        <Unicode>d.</Unicode>
                    </TextEquiv>
                    <TextStyle fontFamily="Times New Roman" fontSize="9.5" italic="true"/>
                </Word>
                <Word id="w_w2aab1b3b2b1b1b2b3" language="English" custom="readingOrder {index:6;}">
                    <Coords points="970,264 1007,264 1007,312 970,312"/>
                    <TextEquiv>
                        <Unicode>2.</Unicode>
                    </TextEquiv>
                    <TextStyle fontFamily="Times New Roman" fontSize="9.5"/>
                </Word>
                <Word id="w_w2aab1b3b2b1b1b3b1" language="English" custom="readingOrder {index:7;}">
                    <Coords points="1025,268 1140,268 1140,312 1025,312"/>
                    <TextEquiv>
                        <Unicode>part.</Unicode>
                    </TextEquiv>
                    <TextStyle fontFamily="Times New Roman" fontSize="9.5" italic="true"/>
                </Word>
                <Word id="w_w2aab1b3b2b1b1b4b3" language="English" custom="readingOrder {index:8;}">
                    <Coords points="1163,265 1200,265 1200,312 1163,312"/>
                    <TextEquiv>
                        <Unicode>2.</Unicode>
                    </TextEquiv>
                    <TextStyle fontFamily="Times New Roman" fontSize="9.5"/>
                </Word>
                <Word id="w_w2aab1b3b2b1b1b5b1" language="English" custom="readingOrder {index:9;}">
                    <Coords points="1225,274 1264,274 1264,312 1225,312"/>
                    <TextEquiv>
                        <Unicode>q.</Unicode>
                    </TextEquiv>
                    <TextStyle fontFamily="Times New Roman" fontSize="9.5" italic="true"/>
                </Word>
                <Word id="w_w2aab1b3b2b1b1b6b3" language="English" custom="readingOrder {index:10;}">
                    <Coords points="1283,263 1318,263 1318,302 1283,302"/>
                    <TextEquiv>
                        <Unicode>1.</Unicode>
                    </TextEquiv>
                    <TextStyle fontFamily="Times New Roman" fontSize="9.5"/>
                </Word>
                <TextEquiv>
                    <Unicode>ponit soluta, ut in primo d. 2. part. 2. q. 1.</Unicode>
                </TextEquiv>
            </TextLine>
            <TextLine id="tl_3" primaryLanguage="English" custom="readingOrder {index:1;}">
                <Coords points="315,336 1044,336 1044,389 315,389"/>
                <Baseline points="315,377 342,377 463,377 543,388 613,378 694,380 770,378 889,376 1044,376"/>
                <Word id="w_w2aab1b3b2b1b3ab1" language="English" custom="readingOrder {index:0;}">
                    <Coords points="315,339 408,339 408,378 315,378"/>
                    <TextEquiv>
                        <Unicode>dist.</Unicode>
                    </TextEquiv>
                    <TextStyle fontFamily="Times New Roman" fontSize="9.5" italic="true"/>
                </Word>
                <Word id="w_w2aab1b3b2b1b3b1b3" language="English" custom="readingOrder {index:1;}">
                    <Coords points="439,339 477,339 477,388 439,388"/>
                    <TextEquiv>
                        <Unicode>5.</Unicode>
                    </TextEquiv>
                    <TextStyle fontFamily="Times New Roman" fontSize="9.5"/>
                </Word>
                <Word id="w_w2aab1b3b2b1b3b2b1" language="English" custom="readingOrder {index:2;}">
                    <Coords points="518,350 557,350 557,388 518,388"/>
                    <TextEquiv>
                        <Unicode>q.</Unicode>
                    </TextEquiv>
                    <TextStyle fontFamily="Times New Roman" fontSize="9.5" italic="true"/>
                </Word>
                <Word id="w_w2aab1b3b2b1b3b3b3" language="English" custom="readingOrder {index:3;}">
                    <Coords points="588,340 626,340 626,380 588,380"/>
                    <TextEquiv>
                        <Unicode>2.</Unicode>
                    </TextEquiv>
                    <TextStyle fontFamily="Times New Roman" fontSize="9.5"/>
                </Word>
                <Word id="w_w2aab1b3b2b1b3b4b1" language="English" custom="readingOrder {index:4;}">
                    <Coords points="667,341 706,341 706,380 667,380"/>
                    <TextEquiv>
                        <Unicode>d.</Unicode>
                    </TextEquiv>
                    <TextStyle fontFamily="Times New Roman" fontSize="9.5" italic="true"/>
                </Word>
                <Word id="w_w2aab1b3b2b1b3b5b3" language="English" custom="readingOrder {index:5;}">
                    <Coords points="746,339 809,339 809,378 746,378"/>
                    <TextEquiv>
                        <Unicode>26.</Unicode>
                    </TextEquiv>
                    <TextStyle fontFamily="Times New Roman" fontSize="9.5"/>
                </Word>
                <Word id="w_w2aab1b3b2b1b3b6b1" language="English" custom="readingOrder {index:6;}">
                    <Coords points="854,342 889,342 889,376 854,376"/>
                    <TextEquiv>
                        <Unicode>et</Unicode>
                    </TextEquiv>
                    <TextStyle fontFamily="Times New Roman" fontSize="9.5" italic="true"/>
                </Word>
                <Word id="w_w2aab1b3b2b1b3b6b7" language="English" custom="readingOrder {index:7;}">
                    <Coords points="927,337 1044,337 1044,376 927,376"/>
                    <TextEquiv>
                        <Unicode>alibi.</Unicode>
                    </TextEquiv>
                    <TextStyle fontFamily="Times New Roman" fontSize="9.5" italic="true"/>
                </Word>
                <TextEquiv>
                    <Unicode>dist. 5. q. 2. d. 26. et alibi.</Unicode>
                </TextEquiv>
            </TextLine>
            <TextLine id="line_1616373684759_6399" primaryLanguage="English" custom="readingOrder {index:2;}">
                <Coords points="286,411 1317,411 1317,464 286,464"/>
                <Baseline points="286,453 427,453 619,452 903,460 971,451 1118,452 1317,440"/>
                <Word id="w_w2aab1b3b2b3b1ac11" language="English" custom="readingOrder {index:0;}">
                    <Coords points="365,413 427,413 427,453 365,453"/>
                    <TextEquiv>
                        <Unicode>Ad</Unicode>
                    </TextEquiv>
                    <TextStyle fontFamily="Times New Roman" fontSize="9.5"/>
                </Word>
                <Word id="w_w2aab1b3b2b3b1ac17" language="English" custom="readingOrder {index:1;}">
                    <Coords points="448,416 619,416 619,454 448,454"/>
                    <TextEquiv>
                        <Unicode>tertium</Unicode>
                    </TextEquiv>
                    <TextStyle fontFamily="Times New Roman" fontSize="9.5"/>
                </Word>
                <Word id="w_w2aab1b3b2b3b1ac33" language="English" custom="readingOrder {index:2;}">
                    <Coords points="639,413 903,413 903,463 639,463"/>
                    <TextEquiv>
                        <Unicode>respondeo,</Unicode>
                    </TextEquiv>
                    <TextStyle fontFamily="Times New Roman" fontSize="9.5"/>
                </Word>
                <Word id="w_w2aab1b3b2b3b1ac55" language="English" custom="readingOrder {index:3;}">
                    <Coords points="925,416 971,416 971,451 925,451"/>
                    <TextEquiv>
                        <Unicode>ut</Unicode>
                    </TextEquiv>
                    <TextStyle fontFamily="Times New Roman" fontSize="9.5"/>
                </Word>
                <Word id="w_w2aab1b3b2b3b1ac61" language="English" custom="readingOrder {index:4;}">
                    <Coords points="990,422 1118,422 1118,462 990,462"/>
                    <TextEquiv>
                        <Unicode>supra</Unicode>
                    </TextEquiv>
                    <TextStyle fontFamily="Times New Roman" fontSize="9.5"/>
                </Word>
                <Word id="w_w2aab1b3b2b3b1ac73" language="English" custom="readingOrder {index:5;}">
                    <Coords points="1138,423 1317,423 1317,462 1138,462"/>
                    <TextEquiv>
                        <Unicode>respon¬</Unicode>
                    </TextEquiv>
                    <TextStyle fontFamily="Times New Roman" fontSize="9.5"/>
                </Word>
                <TextEquiv>
                    <Unicode>136. Ad tertium respondeo, ut supra respon¬</Unicode>
                </TextEquiv>
                <TextStyle fontFamily="Times New Roman" fontSize="9.5"/>
            </TextLine>
            <TextLine id="tl_5" primaryLanguage="English" custom="readingOrder {index:3;}">
                <Coords points="312,486 1320,486 1320,541 312,541"/>
                <Baseline points="312,530 404,528 500,529 574,529 835,528 1180,534 1320,526"/>
                <Word id="w_w2aab1b3b2b3b3ab1" language="English" custom="readingOrder {index:0;}">
                    <Coords points="312,501 404,501 404,530 312,530"/>
                    <TextEquiv>
                        <Unicode>sum</Unicode>
                    </TextEquiv>
                    <TextStyle fontFamily="Times New Roman" fontSize="9.5"/>
                </Word>
                <Word id="w_w2aab1b3b2b3b3ab9" language="English" custom="readingOrder {index:1;}">
                    <Coords points="435,494 500,494 500,530 435,530"/>
                    <TextEquiv>
                        <Unicode>est</Unicode>
                    </TextEquiv>
                    <TextStyle fontFamily="Times New Roman" fontSize="9.5"/>
                </Word>
                <Word id="w_w2aab1b3b2b3b3ac17" language="English" custom="readingOrder {index:2;}">
                    <Coords points="521,490 574,490 574,529 521,529"/>
                    <TextEquiv>
                        <Unicode>ad</Unicode>
                    </TextEquiv>
                    <TextStyle fontFamily="Times New Roman" fontSize="9.5"/>
                </Word>
                <Word id="w_w2aab1b3b2b3b3ac23" language="English" custom="readingOrder {index:3;}">
                    <Coords points="595,490 835,490 835,530 595,530"/>
                    <TextEquiv>
                        <Unicode>secundum</Unicode>
                    </TextEquiv>
                    <TextStyle fontFamily="Times New Roman" fontSize="9.5"/>
                </Word>
                <Word id="w_w2aab1b3b2b3b3ac41" language="English" custom="readingOrder {index:4;}">
                    <Coords points="862,492 1180,492 1180,540 862,540"/>
                    <TextEquiv>
                        <Unicode>argumentum,</Unicode>
                    </TextEquiv>
                    <TextStyle fontFamily="Times New Roman" fontSize="9.5"/>
                </Word>
                <Word id="w_w2aab1b3b2b3b3ac65" language="English" custom="readingOrder {index:5;}">
                    <Coords points="1202,488 1320,488 1320,539 1202,539"/>
                    <TextEquiv>
                        <Unicode>quod</Unicode>
                    </TextEquiv>
                    <TextStyle fontFamily="Times New Roman" fontSize="9.5"/>
                </Word>
                <TextEquiv>
                    <Unicode>sum est ad secundum argumentum, quod</Unicode>
                </TextEquiv>
                <TextStyle fontFamily="Times New Roman" fontSize="9.5"/>
            </TextLine>
            <TextLine id="tl_6" primaryLanguage="English" custom="readingOrder {index:4;}">
                <Coords points="310,563 1316,563 1316,619 310,619"/>
                <Baseline points="310,605 382,605 676,606 773,605 928,604 1024,603 1315,612"/>
                <Word id="w_w2aab1b3b2b3b5ab1" language="English" custom="readingOrder {index:0;}">
                    <Coords points="310,567 382,567 382,606 310,606"/>
                    <TextEquiv>
                        <Unicode>illa</Unicode>
                    </TextEquiv>
                    <TextStyle fontFamily="Times New Roman" fontSize="9.5"/>
                </Word>
                <Word id="w_w2aab1b3b2b3b5ac11" language="English" custom="readingOrder {index:1;}">
                    <Coords points="419,571 676,571 676,617 419,617"/>
                    <TextEquiv>
                        <Unicode>argumenta</Unicode>
                    </TextEquiv>
                    <TextStyle fontFamily="Times New Roman" fontSize="9.5"/>
                </Word>
                <Word id="w_w2aab1b3b2b3b5ac31" language="English" custom="readingOrder {index:2;}">
                    <Coords points="716,567 773,567 773,606 716,606"/>
                    <TextEquiv>
                        <Unicode>ibi</Unicode>
                    </TextEquiv>
                    <TextStyle fontFamily="Times New Roman" fontSize="9.5"/>
                </Word>
                <Word id="w_w2aab1b3b2b3b5ac39" language="English" custom="readingOrder {index:3;}">
                    <Coords points="820,566 928,566 928,605 820,605"/>
                    <TextEquiv>
                        <Unicode>facta</Unicode>
                    </TextEquiv>
                    <TextStyle fontFamily="Times New Roman" fontSize="9.5"/>
                </Word>
                <Word id="w_w2aab1b3b2b3b5ac51" language="English" custom="readingOrder {index:4;}">
                    <Coords points="981,566 1024,566 1024,604 981,604"/>
                    <TextEquiv>
                        <Unicode>in</Unicode>
                    </TextEquiv>
                    <TextStyle fontFamily="Times New Roman" fontSize="9.5"/>
                </Word>
                <Word id="w_w2aab1b3b2b3b5ac57" language="English" custom="readingOrder {index:5;}">
                    <Coords points="1060,565 1315,565 1315,614 1060,614"/>
                    <TextEquiv>
                        <Unicode>Reportatis,</Unicode>
                    </TextEquiv>
                    <TextStyle fontFamily="Times New Roman" fontSize="9.5"/>
                </Word>
                <TextEquiv>
                    <Unicode>illa argumenta ibi facta in Reportatis,</Unicode>
                </TextEquiv>
                <TextStyle fontFamily="Times New Roman" fontSize="9.5"/>
            </TextLine>
            <TextLine id="tl_7" primaryLanguage="English" custom="readingOrder {index:5;}">
                <Coords points="312,639 1314,639 1314,695 312,695"/>
                <Baseline points="312,693 505,680 597,680 718,681 904,688 1227,679 1314,669"/>
                <Word id="w_w2aab1b3b2b3b7ab1" language="English" custom="readingOrder {index:0;}">
                    <Coords points="312,643 505,643 505,693 312,693"/>
                    <TextEquiv>
                        <Unicode>quamvis</Unicode>
                    </TextEquiv>
                    <TextStyle fontFamily="Times New Roman" fontSize="9.5"/>
                </Word>
                <Word id="w_w2aab1b3b2b3b7ac17" language="English" custom="readingOrder {index:1;}">
                    <Coords points="541,642 597,642 597,682 541,682"/>
                    <TextEquiv>
                        <Unicode>ibi</Unicode>
                    </TextEquiv>
                    <TextStyle fontFamily="Times New Roman" fontSize="9.5"/>
                </Word>
                <Word id="w_w2aab1b3b2b3b7ac25" language="English" custom="readingOrder {index:2;}">
                    <Coords points="632,651 718,651 718,681 632,681"/>
                    <TextEquiv>
                        <Unicode>non</Unicode>
                    </TextEquiv>
                    <TextStyle fontFamily="Times New Roman" fontSize="9.5"/>
                </Word>
                <Word id="w_w2aab1b3b2b3b7ac33" language="English" custom="readingOrder {index:3;}">
                    <Coords points="755,641 904,641 904,688 755,688"/>
                    <TextEquiv>
                        <Unicode>solvat,</Unicode>
                    </TextEquiv>
                    <TextStyle fontFamily="Times New Roman" fontSize="9.5"/>
                </Word>
                <Word id="w_w2aab1b3b2b3b7ac49" language="English" custom="readingOrder {index:4;}">
                    <Coords points="938,641 1227,641 1227,689 938,689"/>
                    <TextEquiv>
                        <Unicode>praesupponil</Unicode>
                    </TextEquiv>
                    <TextStyle fontFamily="Times New Roman" fontSize="9.5"/>
                </Word>
                <Word id="w_w2aab1b3b2b3b7ac75" language="English" custom="readingOrder {index:5;}">
                    <Coords points="1256,643 1314,643 1314,678 1256,678"/>
                    <TextEquiv>
                        <Unicode>ta¬</Unicode>
                    </TextEquiv>
                    <TextStyle fontFamily="Times New Roman" fontSize="9.5"/>
                </Word>
                <TextEquiv>
                    <Unicode>quamvis ibi non solvat, praesupponil ta¬</Unicode>
                </TextEquiv>
                <TextStyle fontFamily="Times New Roman" fontSize="9.5"/>
            </TextLine>
            <TextLine id="tl_8" primaryLanguage="English" custom="readingOrder {index:6;}">
                <Coords points="310,714 1319,714 1319,762 310,762"/>
                <Baseline points="310,757 408,758 530,756 592,756 742,754 872,755 1057,761 1211,754 1319,756"/>
                <Word id="w_w2aab1b3b2b3b9ab1" language="English" custom="readingOrder {index:0;}">
                    <Coords points="310,729 408,729 408,758 310,758"/>
                    <TextEquiv>
                        <Unicode>men</Unicode>
                    </TextEquiv>
                    <TextStyle fontFamily="Times New Roman" fontSize="9.5"/>
                </Word>
                <Word id="w_w2aab1b3b2b3b9ab9" language="English" custom="readingOrder {index:1;}">
                    <Coords points="432,717 530,717 530,757 432,757"/>
                    <TextEquiv>
                        <Unicode>alibi</Unicode>
                    </TextEquiv>
                    <TextStyle fontFamily="Times New Roman" fontSize="9.5"/>
                </Word>
                <Word id="w_w2aab1b3b2b3b9ac21" language="English" custom="readingOrder {index:2;}">
                    <Coords points="550,718 592,718 592,757 550,757"/>
                    <TextEquiv>
                        <Unicode>in</Unicode>
                    </TextEquiv>
                    <TextStyle fontFamily="Times New Roman" fontSize="9.5"/>
                </Word>
                <Word id="w_w2aab1b3b2b3b9ac27" language="English" custom="readingOrder {index:3;}">
                    <Coords points="619,718 742,718 742,757 619,757"/>
                    <TextEquiv>
                        <Unicode>simili</Unicode>
                    </TextEquiv>
                    <TextStyle fontFamily="Times New Roman" fontSize="9.5"/>
                </Word>
                <Word id="w_w2aab1b3b2b3b9ac41" language="English" custom="readingOrder {index:4;}">
                    <Coords points="776,727 872,727 872,756 776,756"/>
                    <TextEquiv>
                        <Unicode>esse</Unicode>
                    </TextEquiv>
                    <TextStyle fontFamily="Times New Roman" fontSize="9.5"/>
                </Word>
                <Word id="w_w2aab1b3b2b3b9ac51" language="English" custom="readingOrder {index:5;}">
                    <Coords points="901,716 1057,716 1057,761 901,761"/>
                    <TextEquiv>
                        <Unicode>soluta,</Unicode>
                    </TextEquiv>
                    <TextStyle fontFamily="Times New Roman" fontSize="9.5"/>
                </Word>
                <Word id="w_w2aab1b3b2b3b9ac67" language="English" custom="readingOrder {index:6;}">
                    <Coords points="1088,716 1211,716 1211,754 1088,754"/>
                    <TextEquiv>
                        <Unicode>aliter</Unicode>
                    </TextEquiv>
                    <TextStyle fontFamily="Times New Roman" fontSize="9.5"/>
                </Word>
                <Word id="w_w2aab1b3b2b3b9ac81" language="English" custom="readingOrder {index:7;}">
                    <Coords points="1238,716 1319,716 1319,756 1238,756"/>
                    <TextEquiv>
                        <Unicode>sibi</Unicode>
                    </TextEquiv>
                    <TextStyle fontFamily="Times New Roman" fontSize="9.5"/>
                </Word>
                <TextEquiv>
                    <Unicode>men alibi in simili esse soluta, aliter sibi</Unicode>
                </TextEquiv>
                <TextStyle fontFamily="Times New Roman" fontSize="9.5"/>
            </TextLine>
            <TextLine id="tl_9" primaryLanguage="English" custom="readingOrder {index:7;}">
                <Coords points="311,789 1318,789 1318,842 311,842"/>
                <Baseline points="311,832 627,831 682,831 962,829 1026,829 1170,829 1318,830"/>
                <Word id="w_w2aab1b3b2b3c11ab1" language="English" custom="readingOrder {index:0;}">
                    <Coords points="311,793 627,793 627,834 311,834"/>
                    <TextEquiv>
                        <Unicode>contradiceret</Unicode>
                    </TextEquiv>
                    <TextStyle fontFamily="Times New Roman" fontSize="9.5"/>
                </Word>
                <Word id="w_w2aab1b3b2b3c11ac29" language="English" custom="readingOrder {index:1;}">
                    <Coords points="670,793 714,793 714,841 670,841"/>
                    <TextEquiv>
                        <Unicode>in</Unicode>
                    </TextEquiv>
                    <TextStyle fontFamily="Times New Roman" fontSize="9.5"/>
                </Word>
                <Word id="w_w2aab1b3b2b3c11b1b1" language="English" custom="readingOrder {index:2;}">
                    <Coords points="764,792 962,792 962,841 764,841"/>
                    <TextEquiv>
                        <Unicode>praesenti</Unicode>
                    </TextEquiv>
                    <TextStyle fontFamily="Times New Roman" fontSize="9.5" italic="true"/>
                </Word>
                <Word id="w_w2aab1b3b2b3c11b1c21" language="English" custom="readingOrder {index:3;}">
                    <Coords points="999,792 1090,792 1090,829 999,829"/>
                    <TextEquiv>
                        <Unicode>dist.</Unicode>
                    </TextEquiv>
                    <TextStyle fontFamily="Times New Roman" fontSize="9.5" italic="true"/>
                </Word>
                <Word id="w_w2aab1b3b2b3c11b2b3" language="English" custom="readingOrder {index:4;}">
                    <Coords points="1129,795 1170,795 1170,829 1129,829"/>
                    <TextEquiv>
                        <Unicode>et</Unicode>
                    </TextEquiv>
                    <TextStyle fontFamily="Times New Roman" fontSize="9.5"/>
                </Word>
                <Word id="w_w2aab1b3b2b3c11b2b9" language="English" custom="readingOrder {index:5;}">
                    <Coords points="1209,791 1318,791 1318,830 1209,830"/>
                    <TextEquiv>
                        <Unicode>infra</Unicode>
                    </TextEquiv>
                    <TextStyle fontFamily="Times New Roman" fontSize="9.5"/>
                </Word>
                <TextEquiv>
                    <Unicode>contradiceret in praesenti dist. et infra</Unicode>
                </TextEquiv>
            </TextLine>
            <TextLine id="tl_10" primaryLanguage="English" custom="readingOrder {index:8;}">
                <Coords points="310,864 1319,864 1319,919 310,919"/>
                <Baseline points="310,909 338,909 447,908 520,917 592,906 687,908 762,906 1065,905 1319,904"/>
                <Word id="w_w2aab1b3b2b3c13ab1" language="English" custom="readingOrder {index:0;}">
                    <Coords points="310,871 401,871 401,909 310,909"/>
                    <TextEquiv>
                        <Unicode>dist.</Unicode>
                    </TextEquiv>
                    <TextStyle fontFamily="Times New Roman" fontSize="9.5" italic="true"/>
                </Word>
                <Word id="w_w2aab1b3b2b3c13b1b3" language="English" custom="readingOrder {index:1;}">
                    <Coords points="423,869 460,869 460,917 423,917"/>
                    <TextEquiv>
                        <Unicode>8.</Unicode>
                    </TextEquiv>
                    <TextStyle fontFamily="Times New Roman" fontSize="9.5"/>
                </Word>
                <Word id="w_w2aab1b3b2b3c13b2b1" language="English" custom="readingOrder {index:2;}">
                    <Coords points="494,879 534,879 534,917 494,917"/>
                    <TextEquiv>
                        <Unicode>q.</Unicode>
                    </TextEquiv>
                    <TextStyle fontFamily="Times New Roman" fontSize="9.5" italic="true"/>
                </Word>
                <Word id="w_w2aab1b3b2b3c13b3b3" language="English" custom="readingOrder {index:3;}">
                    <Coords points="555,868 592,868 592,906 555,906"/>
                    <TextEquiv>
                        <Unicode>3.</Unicode>
                    </TextEquiv>
                    <TextStyle fontFamily="Times New Roman" fontSize="9.5"/>
                </Word>
                <Word id="w_w2aab1b3b2b3c13b3b9" language="English" custom="readingOrder {index:4;}">
                    <Coords points="614,868 687,868 687,908 614,908"/>
                    <TextEquiv>
                        <Unicode>ubi</Unicode>
                    </TextEquiv>
                    <TextStyle fontFamily="Times New Roman" fontSize="9.5"/>
                </Word>
                <Word id="w_w2aab1b3b2b3c13b3c17" language="English" custom="readingOrder {index:5;}">
                    <Coords points="720,869 762,869 762,906 720,906"/>
                    <TextEquiv>
                        <Unicode>in</Unicode>
                    </TextEquiv>
                    <TextStyle fontFamily="Times New Roman" fontSize="9.5"/>
                </Word>
                <Word id="w_w2aab1b3b2b3c13b3c23" language="English" custom="readingOrder {index:6;}">
                    <Coords points="782,866 1065,866 1065,916 782,916"/>
                    <TextEquiv>
                        <Unicode>responsione</Unicode>
                    </TextEquiv>
                    <TextStyle fontFamily="Times New Roman" fontSize="9.5"/>
                </Word>
                <Word id="w_w2aab1b3b2b3c13b3c47" language="English" custom="readingOrder {index:7;}">
                    <Coords points="1093,866 1319,866 1319,917 1093,917"/>
                    <TextEquiv>
                        <Unicode>cujusdam</Unicode>
                    </TextEquiv>
                    <TextStyle fontFamily="Times New Roman" fontSize="9.5"/>
                </Word>
                <TextEquiv>
                    <Unicode>dist. 8. q. 3. ubi in responsione cujusdam</Unicode>
                </TextEquiv>
            </TextLine>
            <TextLine id="tl_11" primaryLanguage="English" custom="readingOrder {index:9;}">
                <Coords points="311,940 1318,940 1318,997 311,997"/>
                <Baseline points="311,983 566,987 706,981 851,981 1076,980 1184,980 1318,970"/>
                <Word id="w_w2aab1b3b2b3c15ab1" language="English" custom="readingOrder {index:0;}">
                    <Coords points="311,943 566,943 566,995 311,995"/>
                    <TextEquiv>
                        <Unicode>argumenti,</Unicode>
                    </TextEquiv>
                    <TextStyle fontFamily="Times New Roman" fontSize="9.5"/>
                </Word>
                <Word id="w_w2aab1b3b2b3c15ac23" language="English" custom="readingOrder {index:1;}">
                    <Coords points="607,942 706,942 706,983 607,983"/>
                    <TextEquiv>
                        <Unicode>dicit</Unicode>
                    </TextEquiv>
                    <TextStyle fontFamily="Times New Roman" fontSize="9.5"/>
                </Word>
                <Word id="w_w2aab1b3b2b3c15ac35" language="English" custom="readingOrder {index:2;}">
                    <Coords points="735,941 851,941 851,993 735,993"/>
                    <TextEquiv>
                        <Unicode>quod</Unicode>
                    </TextEquiv>
                    <TextStyle fontFamily="Times New Roman" fontSize="9.5"/>
                </Word>
                <Word id="w_w2aab1b3b2b3c15ac45" language="English" custom="readingOrder {index:3;}">
                    <Coords points="894,952 1076,952 1076,981 894,981"/>
                    <TextEquiv>
                        <Unicode>necesse</Unicode>
                    </TextEquiv>
                    <TextStyle fontFamily="Times New Roman" fontSize="9.5"/>
                </Word>
                <Word id="w_w2aab1b3b2b3c15ac61" language="English" custom="readingOrder {index:4;}">
                    <Coords points="1118,945 1184,945 1184,980 1118,980"/>
                    <TextEquiv>
                        <Unicode>est</Unicode>
                    </TextEquiv>
                    <TextStyle fontFamily="Times New Roman" fontSize="9.5"/>
                </Word>
                <Word id="w_w2aab1b3b2b3c15ac69" language="English" custom="readingOrder {index:5;}">
                    <Coords points="1216,952 1318,952 1318,992 1216,992"/>
                    <TextEquiv>
                        <Unicode>pro¬</Unicode>
                    </TextEquiv>
                    <TextStyle fontFamily="Times New Roman" fontSize="9.5"/>
                </Word>
                <TextEquiv>
                    <Unicode>argumenti, dicit quod necesse est pro¬</Unicode>
                </TextEquiv>
                <TextStyle fontFamily="Times New Roman" fontSize="9.5"/>
            </TextLine>
            <TextLine id="tl_12" primaryLanguage="English" custom="readingOrder {index:10;}">
                <Coords points="309,1015 1317,1015 1317,1072 309,1072"/>
                <Baseline points="309,1070 536,1056 886,1056 1128,1058 1317,1045"/>
                <Word id="w_w2aab1b3b2b3c17ab1" language="English" custom="readingOrder {index:0;}">
                    <Coords points="309,1020 536,1020 536,1070 309,1070"/>
                    <TextEquiv>
                        <Unicode>prietatem</Unicode>
                    </TextEquiv>
                    <TextStyle fontFamily="Times New Roman" fontSize="9.5"/>
                </Word>
                <Word id="w_w2aab1b3b2b3c17ac21" language="English" custom="readingOrder {index:1;}">
                    <Coords points="571,1018 886,1018 886,1069 571,1069"/>
                    <TextEquiv>
                        <Unicode>hypostaticam</Unicode>
                    </TextEquiv>
                    <TextStyle fontFamily="Times New Roman" fontSize="9.5"/>
                </Word>
                <Word id="w_w2aab1b3b2b3c17ac47" language="English" custom="readingOrder {index:2;}">
                    <Coords points="924,1016 1128,1016 1128,1068 924,1068"/>
                    <TextEquiv>
                        <Unicode>distingui</Unicode>
                    </TextEquiv>
                    <TextStyle fontFamily="Times New Roman" fontSize="9.5"/>
                </Word>
                <Word id="w_w2aab1b3b2b3c17ac67" language="English" custom="readingOrder {index:3;}">
                    <Coords points="1165,1017 1317,1017 1317,1056 1165,1056"/>
                    <TextEquiv>
                        <Unicode>forma¬</Unicode>
                    </TextEquiv>
                    <TextStyle fontFamily="Times New Roman" fontSize="9.5"/>
                </Word>
                <TextEquiv>
                    <Unicode>prietatem hypostaticam distingui forma¬</Unicode>
                </TextEquiv>
                <TextStyle fontFamily="Times New Roman" fontSize="9.5"/>
            </TextLine>
            <TextLine id="tl_13" primaryLanguage="English" custom="readingOrder {index:11;}">
                <Coords points="309,1090 1316,1090 1316,1140 309,1140"/>
                <Baseline points="309,1133 334,1133 405,1132 482,1133 703,1132 893,1139 1022,1131 1136,1132 1216,1131 1316,1131"/>
                <Word id="w_w2aab1b3b2b3c19ab1" language="English" custom="readingOrder {index:0;}">
                    <Coords points="309,1095 334,1095 334,1133 309,1133"/>
                    <TextEquiv>
                        <Unicode>li</Unicode>
                    </TextEquiv>
                    <TextStyle fontFamily="Times New Roman" fontSize="9.5"/>
                </Word>
                <Word id="w_w2aab1b3b2b3c19ab7" language="English" custom="readingOrder {index:1;}">
                    <Coords points="342,1099 405,1099 405,1134 342,1134"/>
                    <TextEquiv>
                        <Unicode>ter</Unicode>
                    </TextEquiv>
                    <TextStyle fontFamily="Times New Roman" fontSize="9.5"/>
                </Word>
                <Word id="w_w2aab1b3b2b3c19ac15" language="English" custom="readingOrder {index:2;}">
                    <Coords points="431,1094 482,1094 482,1133 431,1133"/>
                    <TextEquiv>
                        <Unicode>ab</Unicode>
                    </TextEquiv>
                    <TextStyle fontFamily="Times New Roman" fontSize="9.5"/>
                </Word>
                <Word id="w_w2aab1b3b2b3c19ac21" language="English" custom="readingOrder {index:3;}">
                    <Coords points="518,1094 703,1094 703,1133 518,1133"/>
                    <TextEquiv>
                        <Unicode>essentia</Unicode>
                    </TextEquiv>
                    <TextStyle fontFamily="Times New Roman" fontSize="9.5"/>
                </Word>
                <Word id="w_w2aab1b3b2b3c19ac39" language="English" custom="readingOrder {index:4;}">
                    <Coords points="738,1093 893,1093 893,1139 738,1139"/>
                    <TextEquiv>
                        <Unicode>divina,</Unicode>
                    </TextEquiv>
                    <TextStyle fontFamily="Times New Roman" fontSize="9.5"/>
                </Word>
                <Word id="w_w2aab1b3b2b3c19ac55" language="English" custom="readingOrder {index:5;}">
                    <Coords points="926,1092 1022,1092 1022,1132 926,1132"/>
                    <TextEquiv>
                        <Unicode>vide</Unicode>
                    </TextEquiv>
                    <TextStyle fontFamily="Times New Roman" fontSize="9.5"/>
                </Word>
                <Word id="w_w2aab1b3b2b3c19ac65" language="English" custom="readingOrder {index:6;}">
                    <Coords points="1065,1092 1136,1092 1136,1132 1065,1132"/>
                    <TextEquiv>
                        <Unicode>ibi.</Unicode>
                    </TextEquiv>
                    <TextStyle fontFamily="Times New Roman" fontSize="9.5"/>
                </Word>
                <Word id="w_w2aab1b3b2b3c19ac75" language="English" custom="readingOrder {index:7;}">
                    <Coords points="1168,1093 1216,1093 1216,1131 1168,1131"/>
                    <TextEquiv>
                        <Unicode>Et</Unicode>
                    </TextEquiv>
                    <TextStyle fontFamily="Times New Roman" fontSize="9.5"/>
                </Word>
                <Word id="w_w2aab1b3b2b3c19ac81" language="English" custom="readingOrder {index:8;}">
                    <Coords points="1254,1092 1316,1092 1316,1131 1254,1131"/>
                    <TextEquiv>
                        <Unicode>sic</Unicode>
                    </TextEquiv>
                    <TextStyle fontFamily="Times New Roman" fontSize="9.5"/>
                </Word>
                <TextEquiv>
                    <Unicode>li ter ab essentia divina, vide ibi. Et sic</Unicode>
                </TextEquiv>
                <TextStyle fontFamily="Times New Roman" fontSize="9.5"/>
            </TextLine>
            <TextLine id="tl_14" primaryLanguage="English" custom="readingOrder {index:12;}">
                <Coords points="310,1166 1318,1166 1318,1222 310,1222"/>
                <Baseline points="310,1210 363,1210 582,1209 732,1208 954,1208 1119,1208 1318,1208"/>
                <Word id="w_w2aab1b3b2b3c21ab1" language="English" custom="readingOrder {index:0;}">
                    <Coords points="310,1171 363,1171 363,1210 310,1210"/>
                    <TextEquiv>
                        <Unicode>ad</Unicode>
                    </TextEquiv>
                    <TextStyle fontFamily="Times New Roman" fontSize="9.5"/>
                </Word>
                <Word id="w_w2aab1b3b2b3c21ab7" language="English" custom="readingOrder {index:1;}">
                    <Coords points="393,1174 582,1174 582,1210 393,1210"/>
                    <TextEquiv>
                        <Unicode>mentem</Unicode>
                    </TextEquiv>
                    <TextStyle fontFamily="Times New Roman" fontSize="9.5"/>
                </Word>
                <Word id="w_w2aab1b3b2b3c21ac21" language="English" custom="readingOrder {index:2;}">
                    <Coords points="604,1170 732,1170 732,1221 604,1221"/>
                    <TextEquiv>
                        <Unicode>hujus</Unicode>
                    </TextEquiv>
                    <TextStyle fontFamily="Times New Roman" fontSize="9.5"/>
                </Word>
                <Word id="w_w2aab1b3b2b3c21ac33" language="English" custom="readingOrder {index:3;}">
                    <Coords points="762,1171 954,1171 954,1208 762,1208"/>
                    <TextEquiv>
                        <Unicode>Doctoris</Unicode>
                    </TextEquiv>
                    <TextStyle fontFamily="Times New Roman" fontSize="9.5"/>
                </Word>
                <Word id="w_w2aab1b3b2b3c21ac51" language="English" custom="readingOrder {index:4;}">
                    <Coords points="977,1172 1119,1172 1119,1218 977,1218"/>
                    <TextEquiv>
                        <Unicode>potest</Unicode>
                    </TextEquiv>
                    <TextStyle fontFamily="Times New Roman" fontSize="9.5"/>
                </Word>
                <Word id="w_w2aab1b3b2b3c21ac65" language="English" custom="readingOrder {index:5;}">
                    <Coords points="1138,1168 1318,1168 1318,1208 1138,1208"/>
                    <TextEquiv>
                        <Unicode>faciliter</Unicode>
                    </TextEquiv>
                    <TextStyle fontFamily="Times New Roman" fontSize="9.5"/>
                </Word>
                <TextEquiv>
                    <Unicode>ad mentem hujus Doctoris potest faciliter</Unicode>
                </TextEquiv>
                <TextStyle fontFamily="Times New Roman" fontSize="9.5"/>
            </TextLine>
            <TextLine id="tl_15" primaryLanguage="English" custom="readingOrder {index:13;}">
                <Coords points="307,1241 1315,1241 1315,1297 307,1297"/>
                <Baseline points="307,1283 574,1282 767,1289 915,1281 1050,1281 1315,1281"/>
                <Word id="w_w2aab1b3b2b3c23ab1" language="English" custom="readingOrder {index:0;}">
                    <Coords points="307,1245 574,1245 574,1295 307,1295"/>
                    <TextEquiv>
                        <Unicode>responderi.</Unicode>
                    </TextEquiv>
                    <TextStyle fontFamily="Times New Roman" fontSize="9.5"/>
                </Word>
                <Word id="w_w2aab1b3b2b3c23ac25" language="English" custom="readingOrder {index:1;}">
                    <Coords points="614,1244 767,1244 767,1289 614,1289"/>
                    <TextEquiv>
                        <Unicode>Primo,</Unicode>
                    </TextEquiv>
                    <TextStyle fontFamily="Times New Roman" fontSize="9.5"/>
                </Word>
                <Word id="w_w2aab1b3b2b3c23ac39" language="English" custom="readingOrder {index:2;}">
                    <Coords points="800,1242 915,1242 915,1293 800,1293"/>
                    <TextEquiv>
                        <Unicode>quod</Unicode>
                    </TextEquiv>
                    <TextStyle fontFamily="Times New Roman" fontSize="9.5"/>
                </Word>
                <Word id="w_w2aab1b3b2b3c23ac49" language="English" custom="readingOrder {index:3;}">
                    <Coords points="950,1243 1050,1243 1050,1281 950,1281"/>
                    <TextEquiv>
                        <Unicode>licet</Unicode>
                    </TextEquiv>
                    <TextStyle fontFamily="Times New Roman" fontSize="9.5"/>
                </Word>
                <Word id="w_w2aab1b3b2b3c23ac61" language="English" custom="readingOrder {index:4;}">
                    <Coords points="1076,1244 1315,1244 1315,1292 1076,1292"/>
                    <TextEquiv>
                        <Unicode>proprietas</Unicode>
                    </TextEquiv>
                    <TextStyle fontFamily="Times New Roman" fontSize="9.5"/>
                </Word>
                <TextEquiv>
                    <Unicode>responderi. Primo, quod licet proprietas</Unicode>
                </TextEquiv>
                <TextStyle fontFamily="Times New Roman" fontSize="9.5"/>
            </TextLine>
            <TextLine id="tl_16" primaryLanguage="English" custom="readingOrder {index:14;}">
                <Coords points="305,1314 1315,1314 1315,1367 305,1367"/>
                <Baseline points="305,1358 391,1359 491,1359 771,1366 899,1357 1184,1365 1315,1358"/>
                <Word id="w_w2aab1b3b2b3c25ab1" language="English" custom="readingOrder {index:0;}">
                    <Coords points="305,1331 391,1331 391,1359 305,1359"/>
                    <TextEquiv>
                        <Unicode>non</Unicode>
                    </TextEquiv>
                    <TextStyle fontFamily="Times New Roman" fontSize="9.5"/>
                </Word>
                <Word id="w_w2aab1b3b2b3c25ab9" language="English" custom="readingOrder {index:1;}">
                    <Coords points="439,1322 491,1322 491,1359 439,1359"/>
                    <TextEquiv>
                        <Unicode>sit</Unicode>
                    </TextEquiv>
                    <TextStyle fontFamily="Times New Roman" fontSize="9.5"/>
                </Word>
                <Word id="w_w2aab1b3b2b3c25ac17" language="English" custom="readingOrder {index:2;}">
                    <Coords points="521,1317 771,1317 771,1366 521,1366"/>
                    <TextEquiv>
                        <Unicode>informans,</Unicode>
                    </TextEquiv>
                    <TextStyle fontFamily="Times New Roman" fontSize="9.5"/>
                </Word>
                <Word id="w_w2aab1b3b2b3c25ac39" language="English" custom="readingOrder {index:3;}">
                    <Coords points="819,1328 899,1328 899,1357 819,1357"/>
                    <TextEquiv>
                        <Unicode>nec</Unicode>
                    </TextEquiv>
                    <TextStyle fontFamily="Times New Roman" fontSize="9.5"/>
                </Word>
                <Word id="w_w2aab1b3b2b3c25ac47" language="English" custom="readingOrder {index:4;}">
                    <Coords points="945,1315 1184,1315 1184,1365 945,1365"/>
                    <TextEquiv>
                        <Unicode>informata,</Unicode>
                    </TextEquiv>
                    <TextStyle fontFamily="Times New Roman" fontSize="9.5"/>
                </Word>
                <Word id="w_w2aab1b3b2b3c25ac69" language="English" custom="readingOrder {index:5;}">
                    <Coords points="1235,1328 1315,1328 1315,1358 1235,1358"/>
                    <TextEquiv>
                        <Unicode>nec</Unicode>
                    </TextEquiv>
                    <TextStyle fontFamily="Times New Roman" fontSize="9.5"/>
                </Word>
                <TextEquiv>
                    <Unicode>non sit informans, nec informata, nec</Unicode>
                </TextEquiv>
                <TextStyle fontFamily="Times New Roman" fontSize="9.5"/>
            </TextLine>
            <TextLine id="tl_17" primaryLanguage="English" custom="readingOrder {index:15;}">
                <Coords points="305,1391 1312,1391 1312,1447 305,1447"/>
                <Baseline points="305,1445 383,1434 466,1434 762,1440 870,1433 1046,1432 1191,1434 1312,1422"/>
                <Word id="w_w2aab1b3b2b3c27ab1" language="English" custom="readingOrder {index:0;}">
                    <Coords points="305,1407 383,1407 383,1445 305,1445"/>
                    <TextEquiv>
                        <Unicode>per</Unicode>
                    </TextEquiv>
                    <TextStyle fontFamily="Times New Roman" fontSize="9.5"/>
                </Word>
                <Word id="w_w2aab1b3b2b3c27ab9" language="English" custom="readingOrder {index:1;}">
                    <Coords points="419,1405 466,1405 466,1434 419,1434"/>
                    <TextEquiv>
                        <Unicode>se</Unicode>
                    </TextEquiv>
                    <TextStyle fontFamily="Times New Roman" fontSize="9.5"/>
                </Word>
                <Word id="w_w2aab1b3b2b3c27ac15" language="English" custom="readingOrder {index:2;}">
                    <Coords points="507,1396 762,1396 762,1440 507,1440"/>
                    <TextEquiv>
                        <Unicode>subsistens,</Unicode>
                    </TextEquiv>
                    <TextStyle fontFamily="Times New Roman" fontSize="9.5"/>
                </Word>
                <Word id="w_w2aab1b3b2b3c27ac39" language="English" custom="readingOrder {index:3;}">
                    <Coords points="805,1397 870,1397 870,1433 805,1433"/>
                    <TextEquiv>
                        <Unicode>est</Unicode>
                    </TextEquiv>
                    <TextStyle fontFamily="Times New Roman" fontSize="9.5"/>
                </Word>
                <Word id="w_w2aab1b3b2b3c27ac47" language="English" custom="readingOrder {index:4;}">
                    <Coords points="905,1395 1046,1395 1046,1432 905,1432"/>
                    <TextEquiv>
                        <Unicode>tamen</Unicode>
                    </TextEquiv>
                    <TextStyle fontFamily="Times New Roman" fontSize="9.5"/>
                </Word>
                <Word id="w_w2aab1b3b2b3c27ac59" language="English" custom="readingOrder {index:5;}">
                    <Coords points="1085,1396 1191,1396 1191,1434 1085,1434"/>
                    <TextEquiv>
                        <Unicode>ratio</Unicode>
                    </TextEquiv>
                    <TextStyle fontFamily="Times New Roman" fontSize="9.5"/>
                </Word>
                <Word id="w_w2aab1b3b2b3c27ac71" language="English" custom="readingOrder {index:6;}">
                    <Coords points="1227,1393 1312,1393 1312,1433 1227,1433"/>
                    <TextEquiv>
                        <Unicode>for¬</Unicode>
                    </TextEquiv>
                    <TextStyle fontFamily="Times New Roman" fontSize="9.5"/>
                </Word>
                <TextEquiv>
                    <Unicode>per se subsistens, est tamen ratio for¬</Unicode>
                </TextEquiv>
                <TextStyle fontFamily="Times New Roman" fontSize="9.5"/>
            </TextLine>
            <TextLine id="tl_18" primaryLanguage="English" custom="readingOrder {index:16;}">
                <Coords points="301,1467 1315,1467 1315,1521 301,1521"/>
                <Baseline points="302,1510 424,1510 532,1509 609,1509 916,1515 981,1508 1103,1508 1221,1507 1315,1498"/>
                <Word id="w_w2aab1b3b2b3c29ab1" language="English" custom="readingOrder {index:0;}">
                    <Coords points="302,1472 424,1472 424,1511 302,1511"/>
                    <TextEquiv>
                        <Unicode>malis</Unicode>
                    </TextEquiv>
                    <TextStyle fontFamily="Times New Roman" fontSize="9.5"/>
                </Word>
                <Word id="w_w2aab1b3b2b3c29ac13" language="English" custom="readingOrder {index:1;}">
                    <Coords points="456,1481 532,1481 532,1519 456,1519"/>
                    <TextEquiv>
                        <Unicode>per</Unicode>
                    </TextEquiv>
                    <TextStyle fontFamily="Times New Roman" fontSize="9.5"/>
                </Word>
                <Word id="w_w2aab1b3b2b3c29ac21" language="English" custom="readingOrder {index:2;}">
                    <Coords points="562,1481 609,1481 609,1509 562,1509"/>
                    <TextEquiv>
                        <Unicode>se</Unicode>
                    </TextEquiv>
                    <TextStyle fontFamily="Times New Roman" fontSize="9.5"/>
                </Word>
                <Word id="w_w2aab1b3b2b3c29ac27" language="English" custom="readingOrder {index:3;}">
                    <Coords points="639,1469 916,1469 916,1515 639,1515"/>
                    <TextEquiv>
                        <Unicode>subsistendi,</Unicode>
                    </TextEquiv>
                    <TextStyle fontFamily="Times New Roman" fontSize="9.5"/>
                </Word>
                <Word id="w_w2aab1b3b2b3c29ac53" language="English" custom="readingOrder {index:4;}">
                    <Coords points="940,1473 981,1473 981,1508 940,1508"/>
                    <TextEquiv>
                        <Unicode>et</Unicode>
                    </TextEquiv>
                    <TextStyle fontFamily="Times New Roman" fontSize="9.5"/>
                </Word>
                <Word id="w_w2aab1b3b2b3c29ac59" language="English" custom="readingOrder {index:5;}">
                    <Coords points="1011,1469 1103,1469 1103,1508 1011,1508"/>
                    <TextEquiv>
                        <Unicode>talis</Unicode>
                    </TextEquiv>
                    <TextStyle fontFamily="Times New Roman" fontSize="9.5"/>
                </Word>
                <Word id="w_w2aab1b3b2b3c29ac71" language="English" custom="readingOrder {index:6;}">
                    <Coords points="1135,1479 1221,1479 1221,1508 1135,1508"/>
                    <TextEquiv>
                        <Unicode>non</Unicode>
                    </TextEquiv>
                    <TextStyle fontFamily="Times New Roman" fontSize="9.5"/>
                </Word>
                <Word id="w_w2aab1b3b2b3c29ac79" language="English" custom="readingOrder {index:7;}">
                    <Coords points="1256,1469 1315,1469 1315,1508 1256,1508"/>
                    <TextEquiv>
                        <Unicode>di¬</Unicode>
                    </TextEquiv>
                    <TextStyle fontFamily="Times New Roman" fontSize="9.5"/>
                </Word>
                <TextEquiv>
                    <Unicode>malis per se subsistendi, et talis non di¬</Unicode>
                </TextEquiv>
                <TextStyle fontFamily="Times New Roman" fontSize="9.5"/>
            </TextLine>
            <TextLine id="tl_19" primaryLanguage="English" custom="readingOrder {index:17;}">
                <Coords points="304,1544 1311,1544 1311,1598 304,1598"/>
                <Baseline points="304,1586 412,1585 603,1585 746,1586 964,1592 1035,1583 1186,1584 1311,1573"/>
                <Word id="w_w2aab1b3b2b3c31ab1" language="English" custom="readingOrder {index:0;}">
                    <Coords points="304,1548 412,1548 412,1587 304,1587"/>
                    <TextEquiv>
                        <Unicode>citur</Unicode>
                    </TextEquiv>
                    <TextStyle fontFamily="Times New Roman" fontSize="9.5"/>
                </Word>
                <Word id="w_w2aab1b3b2b3c31ac13" language="English" custom="readingOrder {index:1;}">
                    <Coords points="433,1547 603,1547 603,1596 433,1596"/>
                    <TextEquiv>
                        <Unicode>proprie</Unicode>
                    </TextEquiv>
                    <TextStyle fontFamily="Times New Roman" fontSize="9.5"/>
                </Word>
                <Word id="w_w2aab1b3b2b3c31ac29" language="English" custom="readingOrder {index:2;}">
                    <Coords points="626,1550 746,1550 746,1586 626,1586"/>
                    <TextEquiv>
                        <Unicode>actus</Unicode>
                    </TextEquiv>
                    <TextStyle fontFamily="Times New Roman" fontSize="9.5"/>
                </Word>
                <Word id="w_w2aab1b3b2b3c31ac41" language="English" custom="readingOrder {index:3;}">
                    <Coords points="768,1545 964,1545 964,1596 768,1596"/>
                    <TextEquiv>
                        <Unicode>alicujus,</Unicode>
                    </TextEquiv>
                    <TextStyle fontFamily="Times New Roman" fontSize="9.5"/>
                </Word>
                <Word id="w_w2aab1b3b2b3c31ac61" language="English" custom="readingOrder {index:4;}">
                    <Coords points="987,1548 1035,1548 1035,1583 987,1583"/>
                    <TextEquiv>
                        <Unicode>ut</Unicode>
                    </TextEquiv>
                    <TextStyle fontFamily="Times New Roman" fontSize="9.5"/>
                </Word>
                <Word id="w_w2aab1b3b2b3c31ac67" language="English" custom="readingOrder {index:5;}">
                    <Coords points="1065,1548 1186,1548 1186,1594 1065,1594"/>
                    <TextEquiv>
                        <Unicode>palet</Unicode>
                    </TextEquiv>
                    <TextStyle fontFamily="Times New Roman" fontSize="9.5"/>
                </Word>
                <Word id="w_w2aab1b3b2b3c31ac79" language="English" custom="readingOrder {index:6;}">
                    <Coords points="1210,1546 1311,1546 1311,1585 1210,1585"/>
                    <TextEquiv>
                        <Unicode>sub¬</Unicode>
                    </TextEquiv>
                    <TextStyle fontFamily="Times New Roman" fontSize="9.5"/>
                </Word>
                <TextEquiv>
                    <Unicode>citur proprie actus alicujus, ut palet sub¬</Unicode>
                </TextEquiv>
                <TextStyle fontFamily="Times New Roman" fontSize="9.5"/>
            </TextLine>
            <TextLine id="tl_20" primaryLanguage="English" custom="readingOrder {index:18;}">
                <Coords points="304,1620 1311,1620 1311,1672 304,1672"/>
                <Baseline points="304,1661 432,1662 483,1661 530,1661 696,1661 853,1660 911,1661 1024,1661 1123,1662 1249,1662 1311,1661"/>
                <Word id="w_w2aab1b3b2b3c33ab1" language="English" custom="readingOrder {index:0;}">
                    <Coords points="304,1623 432,1623 432,1662 304,1662"/>
                    <TextEquiv>
                        <Unicode>tiliter</Unicode>
                    </TextEquiv>
                    <TextStyle fontFamily="Times New Roman" fontSize="9.5"/>
                </Word>
                <Word id="w_w2aab1b3b2b3c33ac17" language="English" custom="readingOrder {index:1;}">
                    <Coords points="461,1633 483,1633 483,1661 461,1661"/>
                    <TextEquiv>
                        <Unicode>a</Unicode>
                    </TextEquiv>
                    <TextStyle fontFamily="Times New Roman" fontSize="9.5"/>
                </Word>
                <Word id="w_w2aab1b3b2b3c33ac21" language="English" custom="readingOrder {index:2;}">
                    <Coords points="505,1623 629,1623 629,1662 505,1662"/>
                    <TextEquiv>
                        <Unicode>Scolo</Unicode>
                    </TextEquiv>
                    <TextStyle fontFamily="Times New Roman" fontSize="9.5"/>
                </Word>
                <Word id="w_w2aab1b3b2b3c33b1b1" language="English" custom="readingOrder {index:3;}">
                    <Coords points="653,1624 696,1624 696,1661 653,1661"/>
                    <TextEquiv>
                        <Unicode>in</Unicode>
                    </TextEquiv>
                    <TextStyle fontFamily="Times New Roman" fontSize="9.5" italic="true"/>
                </Word>
                <Word id="w_w2aab1b3b2b3c33b1b7" language="English" custom="readingOrder {index:4;}">
                    <Coords points="708,1624 853,1624 853,1671 708,1671"/>
                    <TextEquiv>
                        <Unicode>primo</Unicode>
                    </TextEquiv>
                    <TextStyle fontFamily="Times New Roman" fontSize="9.5" italic="true"/>
                </Word>
                <Word id="w_w2aab1b3b2b3c33b1c19" language="English" custom="readingOrder {index:5;}">
                    <Coords points="883,1623 977,1623 977,1661 883,1661"/>
                    <TextEquiv>
                        <Unicode>dist.</Unicode>
                    </TextEquiv>
                    <TextStyle fontFamily="Times New Roman" fontSize="9.5" italic="true"/>
                </Word>
                <Word id="w_w2aab1b3b2b3c33b2b3" language="English" custom="readingOrder {index:6;}">
                    <Coords points="1000,1621 1064,1621 1064,1661 1000,1661"/>
                    <TextEquiv>
                        <Unicode>26.</Unicode>
                    </TextEquiv>
                    <TextStyle fontFamily="Times New Roman" fontSize="9.5"/>
                </Word>
                <Word id="w_w2aab1b3b2b3c33b3b1" language="English" custom="readingOrder {index:7;}">
                    <Coords points="1088,1627 1123,1627 1123,1662 1088,1662"/>
                    <TextEquiv>
                        <Unicode>et</Unicode>
                    </TextEquiv>
                    <TextStyle fontFamily="Times New Roman" fontSize="9.5" italic="true"/>
                </Word>
                <Word id="w_w2aab1b3b2b3c33b3b7" language="English" custom="readingOrder {index:8;}">
                    <Coords points="1157,1623 1249,1623 1249,1662 1157,1662"/>
                    <TextEquiv>
                        <Unicode>dist.</Unicode>
                    </TextEquiv>
                    <TextStyle fontFamily="Times New Roman" fontSize="9.5" italic="true"/>
                </Word>
                <Word id="w_w2aab1b3b2b3c33b3c19" language="English" custom="readingOrder {index:9;}">
                    <Coords points="1272,1624 1311,1624 1311,1662 1272,1662"/>
                    <TextEquiv>
                        <Unicode>5.</Unicode>
                    </TextEquiv>
                    <TextStyle fontFamily="Times New Roman" fontSize="9.5" italic="true"/>
                </Word>
                <TextEquiv>
                    <Unicode>tiliter a Scolo in primo dist. 26. et dist. 5.</Unicode>
                </TextEquiv>
            </TextLine>
            <TextLine id="tl_21" primaryLanguage="English" custom="readingOrder {index:19;}">
                <Coords points="304,1700 507,1700 507,1749 304,1749"/>
                <Baseline points="304,1749 378,1738 507,1738"/>
                <Word id="w_w2aab1b3b2b3c35ab1" language="English" custom="readingOrder {index:0;}">
                    <Coords points="304,1703 441,1703 441,1749 304,1749"/>
                    <TextEquiv>
                        <Unicode>quaest.</Unicode>
                    </TextEquiv>
                    <TextStyle fontFamily="Times New Roman" fontSize="9.5" italic="true"/>
                </Word>
                <Word id="w_w2aab1b3b2b3c35b1b3" language="English" custom="readingOrder {index:1;}">
                    <Coords points="470,1700 507,1700 507,1738 470,1738"/>
                    <TextEquiv>
                        <Unicode>3.</Unicode>
                    </TextEquiv>
                    <TextStyle fontFamily="Times New Roman" fontSize="9.5"/>
                </Word>
                <TextEquiv>
                    <Unicode>quaest. 3.</Unicode>
                </TextEquiv>
            </TextLine>
            <TextLine id="line_1616373684761_6401" primaryLanguage="English" custom="readingOrder {index:20;}">
                <Coords points="286,1772 1314,1772 1314,1825 286,1825"/>
                <Baseline points="286,1818 502,1814 724,1814 838,1814 984,1814 1057,1814 1314,1814"/>
                <Word id="w_w2aab1b3b2b5b1b1b1" language="English" custom="readingOrder {index:0;}">
                    <Coords points="358,1775 502,1775 502,1815 358,1815"/>
                    <TextEquiv>
                        <Unicode>Potest</Unicode>
                    </TextEquiv>
                    <TextStyle fontFamily="Times New Roman" fontSize="9.5"/>
                </Word>
                <Word id="w_w2aab1b3b2b5b1b1c15" language="English" custom="readingOrder {index:1;}">
                    <Coords points="530,1774 724,1774 724,1815 530,1815"/>
                    <TextEquiv>
                        <Unicode>secundo</Unicode>
                    </TextEquiv>
                    <TextStyle fontFamily="Times New Roman" fontSize="9.5"/>
                </Word>
                <Word id="w_w2aab1b3b2b5b1b1c31" language="English" custom="readingOrder {index:2;}">
                    <Coords points="756,1774 838,1774 838,1814 756,1814"/>
                    <TextEquiv>
                        <Unicode>dici</Unicode>
                    </TextEquiv>
                    <TextStyle fontFamily="Times New Roman" fontSize="9.5"/>
                </Word>
                <Word id="w_w2aab1b3b2b5b1b1c41" language="English" custom="readingOrder {index:3;}">
                    <Coords points="858,1776 984,1776 984,1815 858,1815"/>
                    <TextEquiv>
                        <Unicode>simul</Unicode>
                    </TextEquiv>
                    <TextStyle fontFamily="Times New Roman" fontSize="9.5"/>
                </Word>
                <Word id="w_w2aab1b3b2b5b1b1c53" language="English" custom="readingOrder {index:4;}">
                    <Coords points="1004,1774 1057,1774 1057,1814 1004,1814"/>
                    <TextEquiv>
                        <Unicode>ad</Unicode>
                    </TextEquiv>
                    <TextStyle fontFamily="Times New Roman" fontSize="9.5"/>
                </Word>
                <Word id="w_w2aab1b3b2b5b1b1c59" language="English" custom="readingOrder {index:5;}">
                    <Coords points="1073,1775 1314,1775 1314,1815 1073,1815"/>
                    <TextEquiv>
                        <Unicode>secundum</Unicode>
                    </TextEquiv>
                    <TextStyle fontFamily="Times New Roman" fontSize="9.5"/>
                </Word>
                <TextEquiv>
                    <Unicode>Quomodo Potest secundo dici simul ad secundum</Unicode>
                </TextEquiv>
            </TextLine>
            <TextLine id="line_1616373684761_6403" primaryLanguage="English" custom="readingOrder {index:21;}">
                <Coords points="286,1850 1314,1850 1314,1903 286,1903"/>
                <Baseline points="286,1892 351,1890 568,1889 955,1895 1120,1892 1314,1890"/>
                <Word id="w_w2aab1b3b2b5b3b1b1" language="English" custom="readingOrder {index:0;}">
                    <Coords points="308,1854 351,1854 351,1890 308,1890"/>
                    <TextEquiv>
                        <Unicode>et</Unicode>
                    </TextEquiv>
                    <TextStyle fontFamily="Times New Roman" fontSize="9.5"/>
                </Word>
                <Word id="w_w2aab1b3b2b5b3b1b7" language="English" custom="readingOrder {index:1;}">
                    <Coords points="399,1851 568,1851 568,1891 399,1891"/>
                    <TextEquiv>
                        <Unicode>tertium</Unicode>
                    </TextEquiv>
                    <TextStyle fontFamily="Times New Roman" fontSize="9.5"/>
                </Word>
                <Word id="w_w2aab1b3b2b5b3b1c23" language="English" custom="readingOrder {index:2;}">
                    <Coords points="624,1855 955,1855 955,1902 624,1902"/>
                    <TextEquiv>
                        <Unicode>argumentum,</Unicode>
                    </TextEquiv>
                    <TextStyle fontFamily="Times New Roman" fontSize="9.5"/>
                </Word>
                <Word id="w_w2aab1b3b2b5b3b1c47" language="English" custom="readingOrder {index:3;}">
                    <Coords points="1004,1852 1120,1852 1120,1901 1004,1901"/>
                    <TextEquiv>
                        <Unicode>quod</Unicode>
                    </TextEquiv>
                    <TextStyle fontFamily="Times New Roman" fontSize="9.5"/>
                </Word>
                <Word id="w_w2aab1b3b2b5b3b1c57" language="English" custom="readingOrder {index:4;}">
                    <Coords points="1163,1853 1314,1853 1314,1892 1163,1892"/>
                    <TextEquiv>
                        <Unicode>Scotus</Unicode>
                    </TextEquiv>
                    <TextStyle fontFamily="Times New Roman" fontSize="9.5"/>
                </Word>
                <TextEquiv>
                    <Unicode>in divinis et tertium argumentum, quod Scotus</Unicode>
                </TextEquiv>
            </TextLine>
            <TextLine id="line_1616373684762_6405" primaryLanguage="English" custom="readingOrder {index:22;}">
                <Coords points="286,1911 1314,1911 1314,1979 286,1979"/>
                <Baseline points="286,1937 393,1965 500,1965 635,1966 925,1965 978,1965 1314,1965"/>
                <Word id="w_w2aab1b3b2b5b5b1c17" language="English" custom="readingOrder {index:0;}">
                    <Coords points="306,1927 457,1927 457,1976 306,1976"/>
                    <TextEquiv>
                        <Unicode>accipit</Unicode>
                    </TextEquiv>
                    <TextStyle fontFamily="Times New Roman" fontSize="9.5"/>
                </Word>
                <Word id="word_1616373684762_6407" language="English" custom="readingOrder {index:1;}">
                    <Coords points="167,1912 286,1912 286,1940 167,1940"/>
                    <TextEquiv>
                        <Unicode>sitres.</Unicode>
                    </TextEquiv>
                    <TextStyle fontFamily="Times New Roman" fontSize="9.5"/>
                </Word>
                <Word id="w_w2aab1b3b2b5b5b2b1" language="English" custom="readingOrder {index:2;}">
                    <Coords points="477,1937 570,1937 570,1965 477,1965"/>
                    <TextEquiv>
                        <Unicode>rem</Unicode>
                    </TextEquiv>
                    <TextStyle fontFamily="Times New Roman" fontSize="9.5" italic="true"/>
                </Word>
                <Word id="w_w2aab1b3b2b5b5b3b3" language="English" custom="readingOrder {index:3;}">
                    <Coords points="587,1929 635,1929 635,1966 587,1966"/>
                    <TextEquiv>
                        <Unicode>ut</Unicode>
                    </TextEquiv>
                    <TextStyle fontFamily="Times New Roman" fontSize="9.5"/>
                </Word>
                <Word id="w_w2aab1b3b2b5b5b3b9" language="English" custom="readingOrder {index:4;}">
                    <Coords points="654,1927 925,1927 925,1978 654,1978"/>
                    <TextEquiv>
                        <Unicode>distinguitur</Unicode>
                    </TextEquiv>
                    <TextStyle fontFamily="Times New Roman" fontSize="9.5"/>
                </Word>
                <Word id="w_w2aab1b3b2b5b5b3c35" language="English" custom="readingOrder {index:5;}">
                    <Coords points="957,1931 1104,1931 1104,1966 957,1966"/>
                    <TextEquiv>
                        <Unicode>contra</Unicode>
                    </TextEquiv>
                    <TextStyle fontFamily="Times New Roman" fontSize="9.5"/>
                </Word>
                <Word id="w_w2aab1b3b2b5b5b4b1" language="English" custom="readingOrder {index:6;}">
                    <Coords points="1141,1929 1314,1929 1314,1967 1141,1967"/>
                    <TextEquiv>
                        <Unicode>modum</Unicode>
                    </TextEquiv>
                    <TextStyle fontFamily="Times New Roman" fontSize="9.5" italic="true"/>
                </Word>
                <TextEquiv>
                    <Unicode>non sitres. accipit rem ut distinguitur contra modum</Unicode>
                </TextEquiv>
            </TextLine>
            <TextLine id="tl_25" primaryLanguage="English" custom="readingOrder {index:23;}">
                <Coords points="302,2002 1312,2002 1312,2052 302,2052"/>
                <Baseline points="302,2043 328,2043 455,2041 549,2041 734,2043 811,2042 1005,2041 1131,2042 1312,2042"/>
                <Word id="w_w2aab1b3b2b5b7ab1" language="English" custom="readingOrder {index:0;}">
                    <Coords points="302,2004 380,2004 380,2050 302,2050"/>
                    <TextEquiv>
                        <Unicode>rei,</Unicode>
                    </TextEquiv>
                    <TextStyle fontFamily="Times New Roman" fontSize="9.5" italic="true"/>
                </Word>
                <Word id="w_w2aab1b3b2b5b7b1b3" language="English" custom="readingOrder {index:1;}">
                    <Coords points="413,2006 455,2006 455,2041 413,2041"/>
                    <TextEquiv>
                        <Unicode>et</Unicode>
                    </TextEquiv>
                    <TextStyle fontFamily="Times New Roman" fontSize="9.5"/>
                </Word>
                <Word id="w_w2aab1b3b2b5b7b1b9" language="English" custom="readingOrder {index:2;}">
                    <Coords points="489,2006 549,2006 549,2041 489,2041"/>
                    <TextEquiv>
                        <Unicode>sic</Unicode>
                    </TextEquiv>
                    <TextStyle fontFamily="Times New Roman" fontSize="9.5"/>
                </Word>
                <Word id="w_w2aab1b3b2b5b7b1c17" language="English" custom="readingOrder {index:3;}">
                    <Coords points="587,2004 734,2004 734,2043 587,2043"/>
                    <TextEquiv>
                        <Unicode>relatio</Unicode>
                    </TextEquiv>
                    <TextStyle fontFamily="Times New Roman" fontSize="9.5"/>
                </Word>
                <Word id="w_w2aab1b3b2b5b7b1c33" language="English" custom="readingOrder {index:4;}">
                    <Coords points="768,2003 811,2003 811,2042 768,2042"/>
                    <TextEquiv>
                        <Unicode>in</Unicode>
                    </TextEquiv>
                    <TextStyle fontFamily="Times New Roman" fontSize="9.5"/>
                </Word>
                <Word id="w_w2aab1b3b2b5b7b1c39" language="English" custom="readingOrder {index:5;}">
                    <Coords points="856,2003 1005,2003 1005,2043 856,2043"/>
                    <TextEquiv>
                        <Unicode>divinis</Unicode>
                    </TextEquiv>
                    <TextStyle fontFamily="Times New Roman" fontSize="9.5"/>
                </Word>
                <Word id="w_w2aab1b3b2b5b7b1c55" language="English" custom="readingOrder {index:6;}">
                    <Coords points="1043,2013 1131,2013 1131,2042 1043,2042"/>
                    <TextEquiv>
                        <Unicode>non</Unicode>
                    </TextEquiv>
                    <TextStyle fontFamily="Times New Roman" fontSize="9.5"/>
                </Word>
                <Word id="w_w2aab1b3b2b5b7b1c63" language="English" custom="readingOrder {index:7;}">
                    <Coords points="1167,2007 1312,2007 1312,2052 1167,2052"/>
                    <TextEquiv>
                        <Unicode>potest</Unicode>
                    </TextEquiv>
                    <TextStyle fontFamily="Times New Roman" fontSize="9.5"/>
                </Word>
                <TextEquiv>
                    <Unicode>rei, et sic relatio in divinis non potest</Unicode>
                </TextEquiv>
            </TextLine>
            <TextLine id="tl_26" primaryLanguage="English" custom="readingOrder {index:24;}">
                <Coords points="304,2076 1310,2076 1310,2131 304,2131"/>
                <Baseline points="304,2117 329,2117 446,2117 503,2123 619,2117 696,2118 976,2118 1040,2116 1186,2119 1310,2120"/>
                <Word id="w_w2aab1b3b2b5b9ab1" language="English" custom="readingOrder {index:0;}">
                    <Coords points="304,2078 386,2078 386,2118 304,2118"/>
                    <TextEquiv>
                        <Unicode>dici</Unicode>
                    </TextEquiv>
                    <TextStyle fontFamily="Times New Roman" fontSize="9.5"/>
                </Word>
                <Word id="w_w2aab1b3b2b5b9b1b1" language="English" custom="readingOrder {index:1;}">
                    <Coords points="422,2091 488,2091 488,2118 422,2118"/>
                    <TextEquiv>
                        <Unicode>res</Unicode>
                    </TextEquiv>
                    <TextStyle fontFamily="Times New Roman" fontSize="9.5" italic="true"/>
                </Word>
                <Word id="w_w2aab1b3b2b5b9b2b1" language="English" custom="readingOrder {index:2;}">
                    <Coords points="494,2109 503,2109 503,2123 494,2123"/>
                    <TextEquiv>
                        <Unicode>,</Unicode>
                    </TextEquiv>
                    <TextStyle fontFamily="Times New Roman" fontSize="9.5"/>
                </Word>
                <Word id="w_w2aab1b3b2b5b9b2b5" language="English" custom="readingOrder {index:3;}">
                    <Coords points="539,2078 619,2078 619,2117 539,2117"/>
                    <TextEquiv>
                        <Unicode>sed</Unicode>
                    </TextEquiv>
                    <TextStyle fontFamily="Times New Roman" fontSize="9.5"/>
                </Word>
                <Word id="w_w2aab1b3b2b5b9b2c13" language="English" custom="readingOrder {index:4;}">
                    <Coords points="656,2080 794,2080 794,2130 656,2130"/>
                    <TextEquiv>
                        <Unicode>magis</Unicode>
                    </TextEquiv>
                    <TextStyle fontFamily="Times New Roman" fontSize="9.5"/>
                </Word>
                <Word id="w_w2aab1b3b2b5b9b3b1" language="English" custom="readingOrder {index:5;}">
                    <Coords points="829,2081 976,2081 976,2119 829,2119"/>
                    <TextEquiv>
                        <Unicode>modus</Unicode>
                    </TextEquiv>
                    <TextStyle fontFamily="Times New Roman" fontSize="9.5" italic="true"/>
                </Word>
                <Word id="w_w2aab1b3b2b5b9b3c13" language="English" custom="readingOrder {index:6;}">
                    <Coords points="1016,2080 1094,2080 1094,2127 1016,2127"/>
                    <TextEquiv>
                        <Unicode>rei,</Unicode>
                    </TextEquiv>
                    <TextStyle fontFamily="Times New Roman" fontSize="9.5" italic="true"/>
                </Word>
                <Word id="w_w2aab1b3b2b5b9b4b3" language="English" custom="readingOrder {index:7;}">
                    <Coords points="1133,2078 1186,2078 1186,2119 1133,2119"/>
                    <TextEquiv>
                        <Unicode>de</Unicode>
                    </TextEquiv>
                    <TextStyle fontFamily="Times New Roman" fontSize="9.5"/>
                </Word>
                <Word id="w_w2aab1b3b2b5b9b4b9" language="English" custom="readingOrder {index:8;}">
                    <Coords points="1226,2091 1310,2091 1310,2130 1226,2130"/>
                    <TextEquiv>
                        <Unicode>quo</Unicode>
                    </TextEquiv>
                    <TextStyle fontFamily="Times New Roman" fontSize="9.5"/>
                </Word>
                <TextEquiv>
                    <Unicode>dici res, sed magis modus rei, de quo</Unicode>
                </TextEquiv>
            </TextLine>
            <TextLine id="tl_27" primaryLanguage="English" custom="readingOrder {index:25;}">
                <Coords points="303,2152 1309,2152 1309,2204 303,2204"/>
                <Baseline points="303,2193 432,2193 550,2192 614,2192 869,2193 1083,2192 1183,2193 1309,2194"/>
                <Word id="w_w2aab1b3b2b5c11ab1" language="English" custom="readingOrder {index:0;}">
                    <Coords points="303,2153 432,2153 432,2193 303,2193"/>
                    <TextEquiv>
                        <Unicode>modo</Unicode>
                    </TextEquiv>
                    <TextStyle fontFamily="Times New Roman" fontSize="9.5"/>
                </Word>
                <Word id="w_w2aab1b3b2b5c11ac11" language="English" custom="readingOrder {index:1;}">
                    <Coords points="453,2155 550,2155 550,2193 453,2193"/>
                    <TextEquiv>
                        <Unicode>vide</Unicode>
                    </TextEquiv>
                    <TextStyle fontFamily="Times New Roman" fontSize="9.5"/>
                </Word>
                <Word id="w_w2aab1b3b2b5c11ac21" language="English" custom="readingOrder {index:2;}">
                    <Coords points="581,2154 806,2154 806,2194 581,2194"/>
                    <TextEquiv>
                        <Unicode>Doctorem</Unicode>
                    </TextEquiv>
                    <TextStyle fontFamily="Times New Roman" fontSize="9.5"/>
                </Word>
                <Word id="w_w2aab1b3b2b5c11b1b1" language="English" custom="readingOrder {index:3;}">
                    <Coords points="827,2155 869,2155 869,2193 827,2193"/>
                    <TextEquiv>
                        <Unicode>in</Unicode>
                    </TextEquiv>
                    <TextStyle fontFamily="Times New Roman" fontSize="9.5" italic="true"/>
                </Word>
                <Word id="w_w2aab1b3b2b5c11b1b7" language="English" custom="readingOrder {index:4;}">
                    <Coords points="891,2153 1083,2153 1083,2200 891,2200"/>
                    <TextEquiv>
                        <Unicode>Quodlib.</Unicode>
                    </TextEquiv>
                    <TextStyle fontFamily="Times New Roman" fontSize="9.5" italic="true"/>
                </Word>
                <Word id="w_w2aab1b3b2b5c11b1c25" language="English" custom="readingOrder {index:5;}">
                    <Coords points="1107,2159 1246,2159 1246,2204 1107,2204"/>
                    <TextEquiv>
                        <Unicode>quaest.</Unicode>
                    </TextEquiv>
                    <TextStyle fontFamily="Times New Roman" fontSize="9.5" italic="true"/>
                </Word>
                <Word id="w_w2aab1b3b2b5c11b2b3" language="English" custom="readingOrder {index:6;}">
                    <Coords points="1271,2156 1309,2156 1309,2194 1271,2194"/>
                    <TextEquiv>
                        <Unicode>3.</Unicode>
                    </TextEquiv>
                    <TextStyle fontFamily="Times New Roman" fontSize="9.5"/>
                </Word>
                <TextEquiv>
                    <Unicode>modo vide Doctorem in Quodlib. quaest. 3.</Unicode>
                </TextEquiv>
            </TextLine>
            <TextLine id="tl_28" primaryLanguage="English" custom="readingOrder {index:26;}">
                <Coords points="303,2227 1311,2227 1311,2280 303,2280"/>
                <Baseline points="303,2269 346,2269 424,2268 706,2268 874,2267 1159,2277 1311,2269"/>
                <Word id="w_w2aab1b3b2b5c13ab1" language="English" custom="readingOrder {index:0;}">
                    <Coords points="303,2233 346,2233 346,2269 303,2269"/>
                    <TextEquiv>
                        <Unicode>et</Unicode>
                    </TextEquiv>
                    <TextStyle fontFamily="Times New Roman" fontSize="9.5"/>
                </Word>
                <Word id="w_w2aab1b3b2b5c13ab7" language="English" custom="readingOrder {index:1;}">
                    <Coords points="364,2231 424,2231 424,2270 364,2270"/>
                    <TextEquiv>
                        <Unicode>sic</Unicode>
                    </TextEquiv>
                    <TextStyle fontFamily="Times New Roman" fontSize="9.5"/>
                </Word>
                <Word id="w_w2aab1b3b2b5c13ac15" language="English" custom="readingOrder {index:2;}">
                    <Coords points="456,2228 706,2228 706,2269 456,2269"/>
                    <TextEquiv>
                        <Unicode>conceditur</Unicode>
                    </TextEquiv>
                    <TextStyle fontFamily="Times New Roman" fontSize="9.5"/>
                </Word>
                <Word id="w_w2aab1b3b2b5c13ac37" language="English" custom="readingOrder {index:3;}">
                    <Coords points="731,2228 874,2228 874,2279 731,2279"/>
                    <TextEquiv>
                        <Unicode>quoad</Unicode>
                    </TextEquiv>
                    <TextStyle fontFamily="Times New Roman" fontSize="9.5"/>
                </Word>
                <Word id="w_w2aab1b3b2b5c13ac49" language="English" custom="readingOrder {index:4;}">
                    <Coords points="903,2228 1159,2228 1159,2277 903,2277"/>
                    <TextEquiv>
                        <Unicode>secundum,</Unicode>
                    </TextEquiv>
                    <TextStyle fontFamily="Times New Roman" fontSize="9.5"/>
                </Word>
                <Word id="w_w2aab1b3b2b5c13ac69" language="English" custom="readingOrder {index:5;}">
                    <Coords points="1196,2230 1311,2230 1311,2280 1196,2280"/>
                    <TextEquiv>
                        <Unicode>quod</Unicode>
                    </TextEquiv>
                    <TextStyle fontFamily="Times New Roman" fontSize="9.5"/>
                </Word>
                <TextEquiv>
                    <Unicode>et sic conceditur quoad secundum, quod</Unicode>
                </TextEquiv>
                <TextStyle fontFamily="Times New Roman" fontSize="9.5"/>
            </TextLine>
            <TextLine id="tl_29" primaryLanguage="English" custom="readingOrder {index:27;}">
                <Coords points="303,2305 1310,2305 1310,2359 303,2359"/>
                <Baseline points="303,2345 357,2346 720,2345 905,2344 1077,2352 1310,2335"/>
                <Word id="w_w2aab1b3b2b5c15ab1" language="English" custom="readingOrder {index:0;}">
                    <Coords points="303,2317 357,2317 357,2346 303,2346"/>
                    <TextEquiv>
                        <Unicode>ex</Unicode>
                    </TextEquiv>
                    <TextStyle fontFamily="Times New Roman" fontSize="9.5"/>
                </Word>
                <Word id="w_w2aab1b3b2b5c15ab7" language="English" custom="readingOrder {index:1;}">
                    <Coords points="377,2307 720,2307 720,2357 377,2357"/>
                    <TextEquiv>
                        <Unicode>quibuscumque</Unicode>
                    </TextEquiv>
                    <TextStyle fontFamily="Times New Roman" fontSize="9.5"/>
                </Word>
                <Word id="w_w2aab1b3b2b5c15ac33" language="English" custom="readingOrder {index:2;}">
                    <Coords points="740,2306 905,2306 905,2346 740,2346"/>
                    <TextEquiv>
                        <Unicode>scilicet</Unicode>
                    </TextEquiv>
                    <TextStyle fontFamily="Times New Roman" fontSize="9.5"/>
                </Word>
                <Word id="w_w2aab1b3b2b5c15ac51" language="English" custom="readingOrder {index:3;}">
                    <Coords points="933,2306 1077,2306 1077,2352 933,2352"/>
                    <TextEquiv>
                        <Unicode>rebus,</Unicode>
                    </TextEquiv>
                    <TextStyle fontFamily="Times New Roman" fontSize="9.5"/>
                </Word>
                <Word id="w_w2aab1b3b2b5c15ac65" language="English" custom="readingOrder {index:4;}">
                    <Coords points="1113,2307 1310,2307 1310,2357 1113,2357"/>
                    <TextEquiv>
                        <Unicode>qualiter¬</Unicode>
                    </TextEquiv>
                    <TextStyle fontFamily="Times New Roman" fontSize="9.5"/>
                </Word>
                <TextEquiv>
                    <Unicode>ex quibuscumque scilicet rebus, qualiter¬</Unicode>
                </TextEquiv>
                <TextStyle fontFamily="Times New Roman" fontSize="9.5"/>
            </TextLine>
            <TextLine id="tl_30" primaryLanguage="English" custom="readingOrder {index:28;}">
                <Coords points="304,2382 1310,2382 1310,2434 304,2434"/>
                <Baseline points="304,2421 489,2421 720,2421 804,2421 990,2420 1091,2421 1194,2422 1310,2414"/>
                <Word id="w_w2aab1b3b2b5c17ab1" language="English" custom="readingOrder {index:0;}">
                    <Coords points="304,2393 489,2393 489,2432 304,2432"/>
                    <TextEquiv>
                        <Unicode>cumque</Unicode>
                    </TextEquiv>
                    <TextStyle fontFamily="Times New Roman" fontSize="9.5"/>
                </Word>
                <Word id="w_w2aab1b3b2b5c17ac15" language="English" custom="readingOrder {index:1;}">
                    <Coords points="522,2382 720,2382 720,2422 522,2422"/>
                    <TextEquiv>
                        <Unicode>distincte</Unicode>
                    </TextEquiv>
                    <TextStyle fontFamily="Times New Roman" fontSize="9.5"/>
                </Word>
                <Word id="w_w2aab1b3b2b5c17ac35" language="English" custom="readingOrder {index:2;}">
                    <Coords points="752,2393 804,2393 804,2421 752,2421"/>
                    <TextEquiv>
                        <Unicode>ex</Unicode>
                    </TextEquiv>
                    <TextStyle fontFamily="Times New Roman" fontSize="9.5"/>
                </Word>
                <Word id="w_w2aab1b3b2b5c17ac41" language="English" custom="readingOrder {index:3;}">
                    <Coords points="841,2386 990,2386 990,2421 841,2421"/>
                    <TextEquiv>
                        <Unicode>natura</Unicode>
                    </TextEquiv>
                    <TextStyle fontFamily="Times New Roman" fontSize="9.5"/>
                </Word>
                <Word id="w_w2aab1b3b2b5c17ac55" language="English" custom="readingOrder {index:4;}">
                    <Coords points="1028,2384 1091,2384 1091,2421 1028,2421"/>
                    <TextEquiv>
                        <Unicode>rei</Unicode>
                    </TextEquiv>
                    <TextStyle fontFamily="Times New Roman" fontSize="9.5"/>
                </Word>
                <Word id="w_w2aab1b3b2b5c17ac63" language="English" custom="readingOrder {index:5;}">
                    <Coords points="1129,2386 1194,2386 1194,2423 1129,2423"/>
                    <TextEquiv>
                        <Unicode>est</Unicode>
                    </TextEquiv>
                    <TextStyle fontFamily="Times New Roman" fontSize="9.5"/>
                </Word>
                <Word id="w_w2aab1b3b2b5c17ac71" language="English" custom="readingOrder {index:6;}">
                    <Coords points="1232,2384 1310,2384 1310,2422 1232,2422"/>
                    <TextEquiv>
                        <Unicode>ali¬</Unicode>
                    </TextEquiv>
                    <TextStyle fontFamily="Times New Roman" fontSize="9.5"/>
                </Word>
                <TextEquiv>
                    <Unicode>cumque distincte ex natura rei est ali¬</Unicode>
                </TextEquiv>
                <TextStyle fontFamily="Times New Roman" fontSize="9.5"/>
            </TextLine>
            <TextLine id="tl_31" primaryLanguage="English" custom="readingOrder {index:29;}">
                <Coords points="304,2456 1310,2456 1310,2510 304,2510"/>
                <Baseline points="304,2508 406,2496 576,2499 780,2494 883,2494 1027,2495 1103,2495 1310,2496"/>
                <Word id="w_w2aab1b3b2b5c19ab1" language="English" custom="readingOrder {index:0;}">
                    <Coords points="304,2457 406,2457 406,2508 304,2508"/>
                    <TextEquiv>
                        <Unicode>quid</Unicode>
                    </TextEquiv>
                    <TextStyle fontFamily="Times New Roman" fontSize="9.5"/>
                </Word>
                <Word id="w_w2aab1b3b2b5c19ac11" language="English" custom="readingOrder {index:1;}">
                    <Coords points="426,2467 576,2467 576,2499 426,2499"/>
                    <TextEquiv>
                        <Unicode>unum,</Unicode>
                    </TextEquiv>
                    <TextStyle fontFamily="Times New Roman" fontSize="9.5"/>
                </Word>
                <Word id="w_w2aab1b3b2b5c19ac23" language="English" custom="readingOrder {index:2;}">
                    <Coords points="599,2457 780,2457 780,2496 599,2496"/>
                    <TextEquiv>
                        <Unicode>alterum</Unicode>
                    </TextEquiv>
                    <TextStyle fontFamily="Times New Roman" fontSize="9.5"/>
                </Word>
                <Word id="w_w2aab1b3b2b5c19ac39" language="English" custom="readingOrder {index:3;}">
                    <Coords points="818,2462 883,2462 883,2495 818,2495"/>
                    <TextEquiv>
                        <Unicode>est</Unicode>
                    </TextEquiv>
                    <TextStyle fontFamily="Times New Roman" fontSize="9.5"/>
                </Word>
                <Word id="w_w2aab1b3b2b5c19ac47" language="English" custom="readingOrder {index:4;}">
                    <Coords points="907,2459 1027,2459 1027,2495 907,2495"/>
                    <TextEquiv>
                        <Unicode>actus</Unicode>
                    </TextEquiv>
                    <TextStyle fontFamily="Times New Roman" fontSize="9.5"/>
                </Word>
                <Word id="w_w2aab1b3b2b5c19ac59" language="English" custom="readingOrder {index:5;}">
                    <Coords points="1061,2459 1103,2459 1103,2495 1061,2495"/>
                    <TextEquiv>
                        <Unicode>et</Unicode>
                    </TextEquiv>
                    <TextStyle fontFamily="Times New Roman" fontSize="9.5"/>
                </Word>
                <Word id="w_w2aab1b3b2b5c19ac65" language="English" custom="readingOrder {index:6;}">
                    <Coords points="1128,2458 1310,2458 1310,2497 1128,2497"/>
                    <TextEquiv>
                        <Unicode>alterum</Unicode>
                    </TextEquiv>
                    <TextStyle fontFamily="Times New Roman" fontSize="9.5"/>
                </Word>
                <TextEquiv>
                    <Unicode>quid unum, alterum est actus et alterum</Unicode>
                </TextEquiv>
                <TextStyle fontFamily="Times New Roman" fontSize="9.5"/>
            </TextLine>
            <TextLine id="tl_32" primaryLanguage="English" custom="readingOrder {index:30;}">
                <Coords points="303,2530 1309,2530 1309,2583 303,2583"/>
                <Baseline points="303,2571 369,2570 612,2579 735,2570 913,2569 1151,2578 1309,2572"/>
                <Word id="w_w2aab1b3b2b5c21ab1" language="English" custom="readingOrder {index:0;}">
                    <Coords points="303,2535 369,2535 369,2571 303,2571"/>
                    <TextEquiv>
                        <Unicode>est</Unicode>
                    </TextEquiv>
                    <TextStyle fontFamily="Times New Roman" fontSize="9.5"/>
                </Word>
                <Word id="w_w2aab1b3b2b5c21ab9" language="English" custom="readingOrder {index:1;}">
                    <Coords points="406,2533 612,2533 612,2581 406,2581"/>
                    <TextEquiv>
                        <Unicode>potentia,</Unicode>
                    </TextEquiv>
                    <TextStyle fontFamily="Times New Roman" fontSize="9.5"/>
                </Word>
                <Word id="w_w2aab1b3b2b5c21ac29" language="English" custom="readingOrder {index:2;}">
                    <Coords points="656,2531 735,2531 735,2571 656,2571"/>
                    <TextEquiv>
                        <Unicode>sed</Unicode>
                    </TextEquiv>
                    <TextStyle fontFamily="Times New Roman" fontSize="9.5"/>
                </Word>
                <Word id="w_w2aab1b3b2b5c21ac37" language="English" custom="readingOrder {index:3;}">
                    <Coords points="763,2537 913,2537 913,2580 763,2580"/>
                    <TextEquiv>
                        <Unicode>postea</Unicode>
                    </TextEquiv>
                    <TextStyle fontFamily="Times New Roman" fontSize="9.5"/>
                </Word>
                <Word id="w_w2aab1b3b2b5c21ac51" language="English" custom="readingOrder {index:4;}">
                    <Coords points="951,2535 1151,2535 1151,2581 951,2581"/>
                    <TextEquiv>
                        <Unicode>negatur,</Unicode>
                    </TextEquiv>
                    <TextStyle fontFamily="Times New Roman" fontSize="9.5"/>
                </Word>
                <Word id="w_w2aab1b3b2b5c21ac69" language="English" custom="readingOrder {index:5;}">
                    <Coords points="1192,2532 1309,2532 1309,2583 1192,2583"/>
                    <TextEquiv>
                        <Unicode>quod</Unicode>
                    </TextEquiv>
                    <TextStyle fontFamily="Times New Roman" fontSize="9.5"/>
                </Word>
                <TextEquiv>
                    <Unicode>est potentia, sed postea negatur, quod</Unicode>
                </TextEquiv>
                <TextStyle fontFamily="Times New Roman" fontSize="9.5"/>
            </TextLine>
            <TextLine id="tl_33" primaryLanguage="English" custom="readingOrder {index:31;}">
                <Coords points="301,2605 1309,2605 1309,2659 301,2659"/>
                <Baseline points="301,2647 451,2647 527,2647 732,2646 837,2646 924,2645 1208,2654 1309,2648"/>
                <Word id="w_w2aab1b3b2b5c23ab1" language="English" custom="readingOrder {index:0;}">
                    <Coords points="301,2609 451,2609 451,2647 301,2647"/>
                    <TextEquiv>
                        <Unicode>relatio</Unicode>
                    </TextEquiv>
                    <TextStyle fontFamily="Times New Roman" fontSize="9.5"/>
                </Word>
                <Word id="w_w2aab1b3b2b5c23ac17" language="English" custom="readingOrder {index:1;}">
                    <Coords points="484,2611 527,2611 527,2647 484,2647"/>
                    <TextEquiv>
                        <Unicode>et</Unicode>
                    </TextEquiv>
                    <TextStyle fontFamily="Times New Roman" fontSize="9.5"/>
                </Word>
                <Word id="w_w2aab1b3b2b5c23ac23" language="English" custom="readingOrder {index:2;}">
                    <Coords points="546,2608 732,2608 732,2646 546,2646"/>
                    <TextEquiv>
                        <Unicode>essentia</Unicode>
                    </TextEquiv>
                    <TextStyle fontFamily="Times New Roman" fontSize="9.5"/>
                </Word>
                <Word id="w_w2aab1b3b2b5c23ac41" language="English" custom="readingOrder {index:3;}">
                    <Coords points="752,2607 837,2607 837,2646 752,2646"/>
                    <TextEquiv>
                        <Unicode>sint</Unicode>
                    </TextEquiv>
                    <TextStyle fontFamily="Times New Roman" fontSize="9.5"/>
                </Word>
                <Word id="w_w2aab1b3b2b5c23ac51" language="English" custom="readingOrder {index:4;}">
                    <Coords points="856,2617 924,2617 924,2645 856,2645"/>
                    <TextEquiv>
                        <Unicode>res</Unicode>
                    </TextEquiv>
                    <TextStyle fontFamily="Times New Roman" fontSize="9.5"/>
                </Word>
                <Word id="w_w2aab1b3b2b5c23ac59" language="English" custom="readingOrder {index:5;}">
                    <Coords points="945,2607 1208,2607 1208,2658 945,2658"/>
                    <TextEquiv>
                        <Unicode>hujusmodi,</Unicode>
                    </TextEquiv>
                    <TextStyle fontFamily="Times New Roman" fontSize="9.5"/>
                </Word>
                <Word id="w_w2aab1b3b2b5c23ac81" language="English" custom="readingOrder {index:6;}">
                    <Coords points="1230,2608 1309,2608 1309,2648 1230,2648"/>
                    <TextEquiv>
                        <Unicode>sed</Unicode>
                    </TextEquiv>
                    <TextStyle fontFamily="Times New Roman" fontSize="9.5"/>
                </Word>
                <TextEquiv>
                    <Unicode>relatio et essentia sint res hujusmodi, sed</Unicode>
                </TextEquiv>
                <TextStyle fontFamily="Times New Roman" fontSize="9.5"/>
            </TextLine>
            <TextLine id="tl_34" primaryLanguage="English" custom="readingOrder {index:32;}">
                <Coords points="301,2682 1304,2682 1304,2726 301,2726"/>
                <Baseline points="301,2724 488,2723 586,2723 709,2722 800,2722 865,2722 1032,2722 1209,2723 1304,2724"/>
                <Word id="w_w2aab1b3b2b5c25ab1" language="English" custom="readingOrder {index:0;}">
                    <Coords points="301,2686 488,2686 488,2724 301,2724"/>
                    <TextEquiv>
                        <Unicode>essentia</Unicode>
                    </TextEquiv>
                    <TextStyle fontFamily="Times New Roman" fontSize="9.5"/>
                </Word>
                <Word id="w_w2aab1b3b2b5c25ac19" language="English" custom="readingOrder {index:1;}">
                    <Coords points="523,2689 586,2689 586,2723 523,2723"/>
                    <TextEquiv>
                        <Unicode>est</Unicode>
                    </TextEquiv>
                    <TextStyle fontFamily="Times New Roman" fontSize="9.5"/>
                </Word>
                <Word id="w_w2aab1b3b2b5c25ac27" language="English" custom="readingOrder {index:2;}">
                    <Coords points="606,2694 709,2694 709,2723 606,2723"/>
                    <TextEquiv>
                        <Unicode>vera</Unicode>
                    </TextEquiv>
                    <TextStyle fontFamily="Times New Roman" fontSize="9.5"/>
                </Word>
                <Word id="w_w2aab1b3b2b5c25ac37" language="English" custom="readingOrder {index:3;}">
                    <Coords points="731,2694 800,2694 800,2722 731,2722"/>
                    <TextEquiv>
                        <Unicode>res</Unicode>
                    </TextEquiv>
                    <TextStyle fontFamily="Times New Roman" fontSize="9.5"/>
                </Word>
                <Word id="w_w2aab1b3b2b5c25ac45" language="English" custom="readingOrder {index:4;}">
                    <Coords points="821,2686 865,2686 865,2722 821,2722"/>
                    <TextEquiv>
                        <Unicode>et</Unicode>
                    </TextEquiv>
                    <TextStyle fontFamily="Times New Roman" fontSize="9.5"/>
                </Word>
                <Word id="w_w2aab1b3b2b5c25ac51" language="English" custom="readingOrder {index:5;}">
                    <Coords points="884,2683 1032,2683 1032,2723 884,2723"/>
                    <TextEquiv>
                        <Unicode>relatio</Unicode>
                    </TextEquiv>
                    <TextStyle fontFamily="Times New Roman" fontSize="9.5"/>
                </Word>
                <Word id="w_w2aab1b3b2b5c25ac67" language="English" custom="readingOrder {index:6;}">
                    <Coords points="1054,2684 1209,2684 1209,2725 1054,2725"/>
                    <TextEquiv>
                        <Unicode>modus</Unicode>
                    </TextEquiv>
                    <TextStyle fontFamily="Times New Roman" fontSize="9.5"/>
                </Word>
                <Word id="w_w2aab1b3b2b5c25ac79" language="English" custom="readingOrder {index:7;}">
                    <Coords points="1229,2687 1304,2687 1304,2724 1229,2724"/>
                    <TextEquiv>
                        <Unicode>rei.</Unicode>
                    </TextEquiv>
                    <TextStyle fontFamily="Times New Roman" fontSize="9.5"/>
                </Word>
                <TextEquiv>
                    <Unicode>essentia est vera res et relatio modus rei.</Unicode>
                </TextEquiv>
                <TextStyle fontFamily="Times New Roman" fontSize="9.5"/>
            </TextLine>
            <TextLine id="tl_35" primaryLanguage="English" custom="readingOrder {index:33;}">
                <Coords points="300,2757 1309,2757 1309,2811 300,2811"/>
                <Baseline points="300,2800 348,2799 566,2798 738,2798 1028,2806 1309,2799"/>
                <Word id="w_w2aab1b3b2b5c27ab1" language="English" custom="readingOrder {index:0;}">
                    <Coords points="300,2762 348,2762 348,2800 300,2800"/>
                    <TextEquiv>
                        <Unicode>Et</Unicode>
                    </TextEquiv>
                    <TextStyle fontFamily="Times New Roman" fontSize="9.5"/>
                </Word>
                <Word id="w_w2aab1b3b2b5c27ab7" language="English" custom="readingOrder {index:1;}">
                    <Coords points="370,2760 566,2760 566,2800 370,2800"/>
                    <TextEquiv>
                        <Unicode>similiter</Unicode>
                    </TextEquiv>
                    <TextStyle fontFamily="Times New Roman" fontSize="9.5"/>
                </Word>
                <Word id="w_w2aab1b3b2b5c27ac27" language="English" custom="readingOrder {index:2;}">
                    <Coords points="594,2758 738,2758 738,2809 594,2809"/>
                    <TextEquiv>
                        <Unicode>quoad</Unicode>
                    </TextEquiv>
                    <TextStyle fontFamily="Times New Roman" fontSize="9.5"/>
                </Word>
                <Word id="w_w2aab1b3b2b5c27ac39" language="English" custom="readingOrder {index:3;}">
                    <Coords points="774,2758 1028,2758 1028,2806 774,2806"/>
                    <TextEquiv>
                        <Unicode>secundum,</Unicode>
                    </TextEquiv>
                    <TextStyle fontFamily="Times New Roman" fontSize="9.5"/>
                </Word>
                <Word id="w_w2aab1b3b2b5c27ac59" language="English" custom="readingOrder {index:4;}">
                    <Coords points="1060,2760 1309,2760 1309,2800 1060,2800"/>
                    <TextEquiv>
                        <Unicode>conceditur</Unicode>
                    </TextEquiv>
                    <TextStyle fontFamily="Times New Roman" fontSize="9.5"/>
                </Word>
                <TextEquiv>
                    <Unicode>Et similiter quoad secundum, conceditur</Unicode>
                </TextEquiv>
                <TextStyle fontFamily="Times New Roman" fontSize="9.5"/>
            </TextLine>
            <TextLine id="tl_36" primaryLanguage="English" custom="readingOrder {index:34;}">
                <Coords points="299,2834 1305,2834 1305,2890 299,2890"/>
                <Baseline points="299,2888 417,2875 576,2874 688,2883 874,2875 1019,2873 1305,2867"/>
                <Word id="w_w2aab1b3b2b5c29ab1" language="English" custom="readingOrder {index:0;}">
                    <Coords points="299,2836 417,2836 417,2888 299,2888"/>
                    <TextEquiv>
                        <Unicode>quod</Unicode>
                    </TextEquiv>
                    <TextStyle fontFamily="Times New Roman" fontSize="9.5"/>
                </Word>
                <Word id="w_w2aab1b3b2b5c29ac11" language="English" custom="readingOrder {index:1;}">
                    <Coords points="437,2837 576,2837 576,2875 437,2875"/>
                    <TextEquiv>
                        <Unicode>omnis</Unicode>
                    </TextEquiv>
                    <TextStyle fontFamily="Times New Roman" fontSize="9.5"/>
                </Word>
                <Word id="w_w2aab1b3b2b5c29ac23" language="English" custom="readingOrder {index:2;}">
                    <Coords points="603,2846 688,2846 688,2883 603,2883"/>
                    <TextEquiv>
                        <Unicode>res,</Unicode>
                    </TextEquiv>
                    <TextStyle fontFamily="Times New Roman" fontSize="9.5"/>
                </Word>
                <Word id="w_w2aab1b3b2b5c29ac33" language="English" custom="readingOrder {index:3;}">
                    <Coords points="712,2835 962,2835 962,2885 712,2885"/>
                    <TextEquiv>
                        <Unicode>accipiendo</Unicode>
                    </TextEquiv>
                    <TextStyle fontFamily="Times New Roman" fontSize="9.5"/>
                </Word>
                <Word id="w_w2aab1b3b2b5c29b1b1" language="English" custom="readingOrder {index:4;}">
                    <Coords points="995,2846 1086,2846 1086,2874 995,2874"/>
                    <TextEquiv>
                        <Unicode>rem</Unicode>
                    </TextEquiv>
                    <TextStyle fontFamily="Times New Roman" fontSize="9.5" italic="true"/>
                </Word>
                <Word id="w_w2aab1b3b2b5c29b2b3" language="English" custom="readingOrder {index:5;}">
                    <Coords points="1122,2848 1305,2848 1305,2887 1122,2887"/>
                    <TextEquiv>
                        <Unicode>genera¬</Unicode>
                    </TextEquiv>
                    <TextStyle fontFamily="Times New Roman" fontSize="9.5"/>
                </Word>
                <TextEquiv>
                    <Unicode>quod omnis res, accipiendo rem genera¬</Unicode>
                </TextEquiv>
            </TextLine>
            <TextLine id="tl_37" primaryLanguage="English" custom="readingOrder {index:35;}">
                <Coords points="294,2909 1304,2909 1304,2963 294,2963"/>
                <Baseline points="294,2951 473,2957 531,2949 608,2947 1000,2949 1208,2951 1304,2942"/>
                <Word id="w_w2aab1b3b2b5c31ab1" language="English" custom="readingOrder {index:0;}">
                    <Coords points="294,2913 473,2913 473,2957 294,2957"/>
                    <TextEquiv>
                        <Unicode>lissime,</Unicode>
                    </TextEquiv>
                    <TextStyle fontFamily="Times New Roman" fontSize="9.5"/>
                </Word>
                <Word id="w_w2aab1b3b2b5c31ac19" language="English" custom="readingOrder {index:1;}">
                    <Coords points="503,2914 550,2914 550,2950 503,2950"/>
                    <TextEquiv>
                        <Unicode>ut</Unicode>
                    </TextEquiv>
                    <TextStyle fontFamily="Times New Roman" fontSize="9.5"/>
                </Word>
                <Word id="w_w2aab1b3b2b5c31b1b1" language="English" custom="readingOrder {index:2;}">
                    <Coords points="585,2921 651,2921 651,2950 585,2950"/>
                    <TextEquiv>
                        <Unicode>res</Unicode>
                    </TextEquiv>
                    <TextStyle fontFamily="Times New Roman" fontSize="9.5" italic="true"/>
                </Word>
                <Word id="w_w2aab1b3b2b5c31b2b3" language="English" custom="readingOrder {index:3;}">
                    <Coords points="674,2910 1000,2910 1000,2962 674,2962"/>
                    <TextEquiv>
                        <Unicode>generalissime</Unicode>
                    </TextEquiv>
                    <TextStyle fontFamily="Times New Roman" fontSize="9.5"/>
                </Word>
                <Word id="w_w2aab1b3b2b5c31b2c31" language="English" custom="readingOrder {index:4;}">
                    <Coords points="1033,2916 1208,2916 1208,2960 1033,2960"/>
                    <TextEquiv>
                        <Unicode>accepta</Unicode>
                    </TextEquiv>
                    <TextStyle fontFamily="Times New Roman" fontSize="9.5"/>
                </Word>
                <Word id="w_w2aab1b3b2b5c31b2c47" language="English" custom="readingOrder {index:5;}">
                    <Coords points="1241,2912 1304,2912 1304,2952 1241,2952"/>
                    <TextEquiv>
                        <Unicode>di¬</Unicode>
                    </TextEquiv>
                    <TextStyle fontFamily="Times New Roman" fontSize="9.5"/>
                </Word>
                <TextEquiv>
                    <Unicode>lissime, ut res generalissime accepta di¬</Unicode>
                </TextEquiv>
            </TextLine>
            <TextLine id="tl_38" primaryLanguage="English" custom="readingOrder {index:36;}">
                <Coords points="296,2986 1307,2986 1307,3040 296,3040"/>
                <Baseline points="296,3027 524,3025 576,3025 902,3024 959,3023 1106,3026 1210,3026 1307,3028"/>
                <Word id="w_w2aab1b3b2b5c33ab1" language="English" custom="readingOrder {index:0;}">
                    <Coords points="296,2987 524,2987 524,3038 296,3038"/>
                    <TextEquiv>
                        <Unicode>stinguitur</Unicode>
                    </TextEquiv>
                    <TextStyle fontFamily="Times New Roman" fontSize="9.5"/>
                </Word>
                <Word id="w_w2aab1b3b2b5c33ac23" language="English" custom="readingOrder {index:1;}">
                    <Coords points="555,2991 701,2991 701,3026 555,3026"/>
                    <TextEquiv>
                        <Unicode>contra</Unicode>
                    </TextEquiv>
                    <TextStyle fontFamily="Times New Roman" fontSize="9.5"/>
                </Word>
                <Word id="w_w2aab1b3b2b5c33b1b1" language="English" custom="readingOrder {index:2;}">
                    <Coords points="730,2988 902,2988 902,3025 730,3025"/>
                    <TextEquiv>
                        <Unicode>modum</Unicode>
                    </TextEquiv>
                    <TextStyle fontFamily="Times New Roman" fontSize="9.5" italic="true"/>
                </Word>
                <Word id="w_w2aab1b3b2b5c33b1c13" language="English" custom="readingOrder {index:3;}">
                    <Coords points="935,2987 1013,2987 1013,3033 935,3033"/>
                    <TextEquiv>
                        <Unicode>rei,</Unicode>
                    </TextEquiv>
                    <TextStyle fontFamily="Times New Roman" fontSize="9.5" italic="true"/>
                </Word>
                <Word id="w_w2aab1b3b2b5c33b2b3" language="English" custom="readingOrder {index:4;}">
                    <Coords points="1032,2989 1106,2989 1106,3026 1032,3026"/>
                    <TextEquiv>
                        <Unicode>aut</Unicode>
                    </TextEquiv>
                    <TextStyle fontFamily="Times New Roman" fontSize="9.5"/>
                </Word>
                <Word id="w_w2aab1b3b2b5c33b2c11" language="English" custom="readingOrder {index:5;}">
                    <Coords points="1145,2991 1210,2991 1210,3026 1145,3026"/>
                    <TextEquiv>
                        <Unicode>est</Unicode>
                    </TextEquiv>
                    <TextStyle fontFamily="Times New Roman" fontSize="9.5"/>
                </Word>
                <Word id="w_w2aab1b3b2b5c33b2c19" language="English" custom="readingOrder {index:6;}">
                    <Coords points="1230,2999 1307,2999 1307,3028 1230,3028"/>
                    <TextEquiv>
                        <Unicode>ens</Unicode>
                    </TextEquiv>
                    <TextStyle fontFamily="Times New Roman" fontSize="9.5"/>
                </Word>
                <TextEquiv>
                    <Unicode>stinguitur contra modum rei, aut est ens</Unicode>
                </TextEquiv>
            </TextLine>
            <TextLine id="tl_39" primaryLanguage="English" custom="readingOrder {index:37;}">
                <Coords points="296,3058 1305,3058 1305,3112 296,3112"/>
                <Baseline points="296,3101 546,3109 659,3100 985,3109 1107,3101 1222,3101 1305,3103"/>
                <Word id="w_w2aab1b3b2b5c35ab1" language="English" custom="readingOrder {index:0;}">
                    <Coords points="296,3061 546,3061 546,3109 296,3109"/>
                    <TextEquiv>
                        <Unicode>informans,</Unicode>
                    </TextEquiv>
                    <TextStyle fontFamily="Times New Roman" fontSize="9.5"/>
                </Word>
                <Word id="w_w2aab1b3b2b5c35ac23" language="English" custom="readingOrder {index:1;}">
                    <Coords points="585,3064 659,3064 659,3100 585,3100"/>
                    <TextEquiv>
                        <Unicode>aut</Unicode>
                    </TextEquiv>
                    <TextStyle fontFamily="Times New Roman" fontSize="9.5"/>
                </Word>
                <Word id="w_w2aab1b3b2b5c35ac31" language="English" custom="readingOrder {index:2;}">
                    <Coords points="695,3059 985,3059 985,3109 695,3109"/>
                    <TextEquiv>
                        <Unicode>informatum,</Unicode>
                    </TextEquiv>
                    <TextStyle fontFamily="Times New Roman" fontSize="9.5"/>
                </Word>
                <Word id="w_w2aab1b3b2b5c35ac55" language="English" custom="readingOrder {index:3;}">
                    <Coords points="1033,3066 1107,3066 1107,3101 1033,3101"/>
                    <TextEquiv>
                        <Unicode>aut</Unicode>
                    </TextEquiv>
                    <TextStyle fontFamily="Times New Roman" fontSize="9.5"/>
                </Word>
                <Word id="w_w2aab1b3b2b5c35ac63" language="English" custom="readingOrder {index:4;}">
                    <Coords points="1144,3074 1222,3074 1222,3112 1144,3112"/>
                    <TextEquiv>
                        <Unicode>per</Unicode>
                    </TextEquiv>
                    <TextStyle fontFamily="Times New Roman" fontSize="9.5"/>
                </Word>
                <Word id="w_w2aab1b3b2b5c35ac71" language="English" custom="readingOrder {index:5;}">
                    <Coords points="1260,3074 1305,3074 1305,3103 1260,3103"/>
                    <TextEquiv>
                        <Unicode>se</Unicode>
                    </TextEquiv>
                    <TextStyle fontFamily="Times New Roman" fontSize="9.5"/>
                </Word>
                <TextEquiv>
                    <Unicode>informans, aut informatum, aut per se</Unicode>
                </TextEquiv>
                <TextStyle fontFamily="Times New Roman" fontSize="9.5"/>
            </TextLine>
            <TextLine id="tl_40" primaryLanguage="English" custom="readingOrder {index:38;}">
                <Coords points="299,3133 1304,3133 1304,3187 299,3187"/>
                <Baseline points="299,3177 512,3183 640,3175 866,3174 1021,3174 1139,3174 1304,3177"/>
                <Word id="w_w2aab1b3b2b5c37ab1" language="English" custom="readingOrder {index:0;}">
                    <Coords points="299,3137 512,3137 512,3183 299,3183"/>
                    <TextEquiv>
                        <Unicode>existens;</Unicode>
                    </TextEquiv>
                    <TextStyle fontFamily="Times New Roman" fontSize="9.5"/>
                </Word>
                <Word id="w_w2aab1b3b2b5c37ac21" language="English" custom="readingOrder {index:1;}">
                    <Coords points="562,3135 640,3135 640,3175 562,3175"/>
                    <TextEquiv>
                        <Unicode>sed</Unicode>
                    </TextEquiv>
                    <TextStyle fontFamily="Times New Roman" fontSize="9.5"/>
                </Word>
                <Word id="w_w2aab1b3b2b5c37ac29" language="English" custom="readingOrder {index:2;}">
                    <Coords points="680,3140 866,3140 866,3186 680,3186"/>
                    <TextEquiv>
                        <Unicode>negatur</Unicode>
                    </TextEquiv>
                    <TextStyle fontFamily="Times New Roman" fontSize="9.5"/>
                </Word>
                <Word id="w_w2aab1b3b2b5c37ac45" language="English" custom="readingOrder {index:3;}">
                    <Coords points="904,3134 1021,3134 1021,3186 904,3186"/>
                    <TextEquiv>
                        <Unicode>quod</Unicode>
                    </TextEquiv>
                    <TextStyle fontFamily="Times New Roman" fontSize="9.5"/>
                </Word>
                <Word id="w_w2aab1b3b2b5c37ac55" language="English" custom="readingOrder {index:4;}">
                    <Coords points="1058,3135 1139,3135 1139,3176 1058,3176"/>
                    <TextEquiv>
                        <Unicode>hoc</Unicode>
                    </TextEquiv>
                    <TextStyle fontFamily="Times New Roman" fontSize="9.5"/>
                </Word>
                <Word id="w_w2aab1b3b2b5c37ac63" language="English" custom="readingOrder {index:5;}">
                    <Coords points="1177,3137 1304,3137 1304,3177 1177,3177"/>
                    <TextEquiv>
                        <Unicode>modo</Unicode>
                    </TextEquiv>
                    <TextStyle fontFamily="Times New Roman" fontSize="9.5"/>
                </Word>
                <TextEquiv>
                    <Unicode>existens; sed negatur quod hoc modo</Unicode>
                </TextEquiv>
                <TextStyle fontFamily="Times New Roman" fontSize="9.5"/>
            </TextLine>
            <TextLine id="tl_41" primaryLanguage="English" custom="readingOrder {index:39;}">
                <Coords points="298,3208 1303,3208 1303,3261 298,3261"/>
                <Baseline points="298,3252 447,3252 540,3250 652,3260 755,3249 941,3250 1027,3250 1206,3252 1303,3261"/>
                <Word id="w_w2aab1b3b2b5c39ab1" language="English" custom="readingOrder {index:0;}">
                    <Coords points="298,3213 447,3213 447,3252 298,3252"/>
                    <TextEquiv>
                        <Unicode>relatio</Unicode>
                    </TextEquiv>
                    <TextStyle fontFamily="Times New Roman" fontSize="9.5"/>
                </Word>
                <Word id="w_w2aab1b3b2b5c39ac17" language="English" custom="readingOrder {index:1;}">
                    <Coords points="485,3214 540,3214 540,3252 485,3252"/>
                    <TextEquiv>
                        <Unicode>sit</Unicode>
                    </TextEquiv>
                    <TextStyle fontFamily="Times New Roman" fontSize="9.5"/>
                </Word>
                <Word id="w_w2aab1b3b2b5c39ac25" language="English" custom="readingOrder {index:2;}">
                    <Coords points="567,3222 652,3222 652,3260 567,3260"/>
                    <TextEquiv>
                        <Unicode>res,</Unicode>
                    </TextEquiv>
                    <TextStyle fontFamily="Times New Roman" fontSize="9.5"/>
                </Word>
                <Word id="w_w2aab1b3b2b5c39ac35" language="English" custom="readingOrder {index:3;}">
                    <Coords points="676,3209 755,3209 755,3251 676,3251"/>
                    <TextEquiv>
                        <Unicode>sed</Unicode>
                    </TextEquiv>
                    <TextStyle fontFamily="Times New Roman" fontSize="9.5"/>
                </Word>
                <Word id="w_w2aab1b3b2b5c39ac43" language="English" custom="readingOrder {index:4;}">
                    <Coords points="778,3214 941,3214 941,3250 778,3250"/>
                    <TextEquiv>
                        <Unicode>tantum</Unicode>
                    </TextEquiv>
                    <TextStyle fontFamily="Times New Roman" fontSize="9.5"/>
                </Word>
                <Word id="w_w2aab1b3b2b5c39ac57" language="English" custom="readingOrder {index:5;}">
                    <Coords points="962,3214 1027,3214 1027,3250 962,3250"/>
                    <TextEquiv>
                        <Unicode>est</Unicode>
                    </TextEquiv>
                    <TextStyle fontFamily="Times New Roman" fontSize="9.5"/>
                </Word>
                <Word id="w_w2aab1b3b2b5c39ac65" language="English" custom="readingOrder {index:6;}">
                    <Coords points="1060,3212 1206,3212 1206,3252 1060,3252"/>
                    <TextEquiv>
                        <Unicode>modus</Unicode>
                    </TextEquiv>
                    <TextStyle fontFamily="Times New Roman" fontSize="9.5"/>
                </Word>
                <Word id="w_w2aab1b3b2b5c39ac77" language="English" custom="readingOrder {index:7;}">
                    <Coords points="1226,3214 1303,3214 1303,3261 1226,3261"/>
                    <TextEquiv>
                        <Unicode>rei,</Unicode>
                    </TextEquiv>
                    <TextStyle fontFamily="Times New Roman" fontSize="9.5"/>
                </Word>
                <TextEquiv>
                    <Unicode>relatio sit res, sed tantum est modus rei,</Unicode>
                </TextEquiv>
                <TextStyle fontFamily="Times New Roman" fontSize="9.5"/>
            </TextLine>
            <TextLine id="tl_42" primaryLanguage="English" custom="readingOrder {index:40;}">
                <Coords points="299,3286 1302,3286 1302,3340 299,3340"/>
                <Baseline points="299,3331 342,3330 553,3328 766,3326 871,3326 1002,3327 1190,3327 1302,3338"/>
                <Word id="w_w2aab1b3b2b5c41ab1" language="English" custom="readingOrder {index:0;}">
                    <Coords points="299,3294 342,3294 342,3331 299,3331"/>
                    <TextEquiv>
                        <Unicode>et</Unicode>
                    </TextEquiv>
                    <TextStyle fontFamily="Times New Roman" fontSize="9.5"/>
                </Word>
                <Word id="w_w2aab1b3b2b5c41ab7" language="English" custom="readingOrder {index:1;}">
                    <Coords points="371,3290 553,3290 553,3329 371,3329"/>
                    <TextEquiv>
                        <Unicode>maxime</Unicode>
                    </TextEquiv>
                    <TextStyle fontFamily="Times New Roman" fontSize="9.5"/>
                </Word>
                <Word id="w_w2aab1b3b2b5c41ac21" language="English" custom="readingOrder {index:2;}">
                    <Coords points="596,3288 766,3288 766,3338 596,3338"/>
                    <TextEquiv>
                        <Unicode>quando</Unicode>
                    </TextEquiv>
                    <TextStyle fontFamily="Times New Roman" fontSize="9.5"/>
                </Word>
                <Word id="w_w2aab1b3b2b5c41ac35" language="English" custom="readingOrder {index:3;}">
                    <Coords points="807,3292 871,3292 871,3327 807,3327"/>
                    <TextEquiv>
                        <Unicode>est</Unicode>
                    </TextEquiv>
                    <TextStyle fontFamily="Times New Roman" fontSize="9.5"/>
                </Word>
                <Word id="w_w2aab1b3b2b5c41ac43" language="English" custom="readingOrder {index:4;}">
                    <Coords points="908,3287 1002,3287 1002,3327 908,3327"/>
                    <TextEquiv>
                        <Unicode>talis</Unicode>
                    </TextEquiv>
                    <TextStyle fontFamily="Times New Roman" fontSize="9.5"/>
                </Word>
                <Word id="w_w2aab1b3b2b5c41ac55" language="English" custom="readingOrder {index:5;}">
                    <Coords points="1039,3288 1190,3288 1190,3328 1039,3328"/>
                    <TextEquiv>
                        <Unicode>modus</Unicode>
                    </TextEquiv>
                    <TextStyle fontFamily="Times New Roman" fontSize="9.5"/>
                </Word>
                <Word id="w_w2aab1b3b2b5c41ac67" language="English" custom="readingOrder {index:6;}">
                    <Coords points="1226,3290 1302,3290 1302,3338 1226,3338"/>
                    <TextEquiv>
                        <Unicode>rei,</Unicode>
                    </TextEquiv>
                    <TextStyle fontFamily="Times New Roman" fontSize="9.5"/>
                </Word>
                <TextEquiv>
                    <Unicode>et maxime quando est talis modus rei,</Unicode>
                </TextEquiv>
                <TextStyle fontFamily="Times New Roman" fontSize="9.5"/>
            </TextLine>
            <TextLine id="tl_43" primaryLanguage="English" custom="readingOrder {index:41;}">
                <Coords points="298,3363 1302,3363 1302,3420 298,3420"/>
                <Baseline points="298,3418 416,3405 575,3405 744,3404 928,3402 1061,3403 1302,3405"/>
                <Word id="w_w2aab1b3b2b5c43ab1" language="English" custom="readingOrder {index:0;}">
                    <Coords points="298,3366 416,3366 416,3418 298,3418"/>
                    <TextEquiv>
                        <Unicode>quod</Unicode>
                    </TextEquiv>
                    <TextStyle fontFamily="Times New Roman" fontSize="9.5"/>
                </Word>
                <Word id="w_w2aab1b3b2b5c43ac11" language="English" custom="readingOrder {index:1;}">
                    <Coords points="462,3365 575,3365 575,3405 462,3405"/>
                    <TextEquiv>
                        <Unicode>nullo</Unicode>
                    </TextEquiv>
                    <TextStyle fontFamily="Times New Roman" fontSize="9.5"/>
                </Word>
                <Word id="w_w2aab1b3b2b5c43ac23" language="English" custom="readingOrder {index:2;}">
                    <Coords points="616,3364 744,3364 744,3405 616,3405"/>
                    <TextEquiv>
                        <Unicode>modo</Unicode>
                    </TextEquiv>
                    <TextStyle fontFamily="Times New Roman" fontSize="9.5"/>
                </Word>
                <Word id="w_w2aab1b3b2b5c43ac33" language="English" custom="readingOrder {index:3;}">
                    <Coords points="784,3367 928,3367 928,3414 784,3414"/>
                    <TextEquiv>
                        <Unicode>potest</Unicode>
                    </TextEquiv>
                    <TextStyle fontFamily="Times New Roman" fontSize="9.5"/>
                </Word>
                <Word id="w_w2aab1b3b2b5c43ac47" language="English" custom="readingOrder {index:4;}">
                    <Coords points="966,3374 1061,3374 1061,3403 966,3403"/>
                    <TextEquiv>
                        <Unicode>esse</Unicode>
                    </TextEquiv>
                    <TextStyle fontFamily="Times New Roman" fontSize="9.5"/>
                </Word>
                <Word id="w_w2aab1b3b2b5c43ac57" language="English" custom="readingOrder {index:5;}">
                    <Coords points="1102,3365 1302,3365 1302,3415 1102,3415"/>
                    <TextEquiv>
                        <Unicode>perfectio</Unicode>
                    </TextEquiv>
                    <TextStyle fontFamily="Times New Roman" fontSize="9.5"/>
                </Word>
                <TextEquiv>
                    <Unicode>quod nullo modo potest esse perfectio</Unicode>
                </TextEquiv>
                <TextStyle fontFamily="Times New Roman" fontSize="9.5"/>
            </TextLine>
            <TextLine id="tl_44" primaryLanguage="English" custom="readingOrder {index:42;}">
                <Coords points="296,3438 1305,3438 1305,3493 296,3493"/>
                <Baseline points="296,3483 485,3479 556,3479 674,3480 798,3479 1050,3479 1109,3492 1305,3480"/>
                <Word id="w_w2aab1b3b2b5c45ab1" language="English" custom="readingOrder {index:0;}">
                    <Coords points="296,3442 485,3442 485,3483 296,3483"/>
                    <TextEquiv>
                        <Unicode>alterius.</Unicode>
                    </TextEquiv>
                    <TextStyle fontFamily="Times New Roman" fontSize="9.5"/>
                </Word>
                <Word id="w_w2aab1b3b2b5c45ac21" language="English" custom="readingOrder {index:1;}">
                    <Coords points="509,3442 556,3442 556,3480 509,3480"/>
                    <TextEquiv>
                        <Unicode>Et</Unicode>
                    </TextEquiv>
                    <TextStyle fontFamily="Times New Roman" fontSize="9.5"/>
                </Word>
                <Word id="w_w2aab1b3b2b5c45ac27" language="English" custom="readingOrder {index:2;}">
                    <Coords points="577,3451 674,3451 674,3480 577,3480"/>
                    <TextEquiv>
                        <Unicode>cum</Unicode>
                    </TextEquiv>
                    <TextStyle fontFamily="Times New Roman" fontSize="9.5"/>
                </Word>
                <Word id="w_w2aab1b3b2b5c45ac35" language="English" custom="readingOrder {index:3;}">
                    <Coords points="697,3439 798,3439 798,3479 697,3479"/>
                    <TextEquiv>
                        <Unicode>dicit</Unicode>
                    </TextEquiv>
                    <TextStyle fontFamily="Times New Roman" fontSize="9.5"/>
                </Word>
                <Word id="w_w2aab1b3b2b5c45ac47" language="English" custom="readingOrder {index:4;}">
                    <Coords points="819,3440 1050,3440 1050,3492 819,3492"/>
                    <TextEquiv>
                        <Unicode>Gregorius</Unicode>
                    </TextEquiv>
                    <TextStyle fontFamily="Times New Roman" fontSize="9.5"/>
                </Word>
                <Word id="w_w2aab1b3b2b5c45ac67" language="English" custom="readingOrder {index:5;}">
                    <Coords points="1083,3441 1202,3441 1202,3492 1083,3492"/>
                    <TextEquiv>
                        <Unicode>quod</Unicode>
                    </TextEquiv>
                    <TextStyle fontFamily="Times New Roman" fontSize="9.5"/>
                </Word>
                <Word id="w_w2aab1b3b2b5c45b1b1" language="English" custom="readingOrder {index:6;}">
                    <Coords points="1239,3453 1305,3453 1305,3480 1239,3480"/>
                    <TextEquiv>
                        <Unicode>res</Unicode>
                    </TextEquiv>
                    <TextStyle fontFamily="Times New Roman" fontSize="9.5" italic="true"/>
                </Word>
                <TextEquiv>
                    <Unicode>alterius. Et cum dicit Gregorius quod res</Unicode>
                </TextEquiv>
            </TextLine>
            <TextLine id="tl_45" primaryLanguage="English" custom="readingOrder {index:43;}">
                <Coords points="299,3513 1303,3513 1303,3575 299,3575"/>
                <Baseline points="299,3573 621,3556 823,3556 1008,3554 1092,3556 1303,3559"/>
                <Word id="w_w2aab1b3b2b5c47ab1" language="English" custom="readingOrder {index:0;}">
                    <Coords points="299,3517 621,3517 621,3573 299,3573"/>
                    <TextEquiv>
                        <Unicode>generalissime</Unicode>
                    </TextEquiv>
                    <TextStyle fontFamily="Times New Roman" fontSize="9.5"/>
                </Word>
                <Word id="w_w2aab1b3b2b5c47ac29" language="English" custom="readingOrder {index:1;}">
                    <Coords points="644,3519 823,3519 823,3567 644,3567"/>
                    <TextEquiv>
                        <Unicode>accepta</Unicode>
                    </TextEquiv>
                    <TextStyle fontFamily="Times New Roman" fontSize="9.5"/>
                </Word>
                <Word id="w_w2aab1b3b2b5c47ac45" language="English" custom="readingOrder {index:2;}">
                    <Coords points="854,3514 1008,3514 1008,3556 854,3556"/>
                    <TextEquiv>
                        <Unicode>dicitur</Unicode>
                    </TextEquiv>
                    <TextStyle fontFamily="Times New Roman" fontSize="9.5"/>
                </Word>
                <Word id="w_w2aab1b3b2b5c47ac61" language="English" custom="readingOrder {index:3;}">
                    <Coords points="1039,3515 1092,3515 1092,3556 1039,3556"/>
                    <TextEquiv>
                        <Unicode>de</Unicode>
                    </TextEquiv>
                    <TextStyle fontFamily="Times New Roman" fontSize="9.5"/>
                </Word>
                <Word id="w_w2aab1b3b2b5c47ac67" language="English" custom="readingOrder {index:4;}">
                    <Coords points="1112,3517 1303,3517 1303,3568 1112,3568"/>
                    <TextEquiv>
                        <Unicode>qualibet</Unicode>
                    </TextEquiv>
                    <TextStyle fontFamily="Times New Roman" fontSize="9.5"/>
                </Word>
                <TextEquiv>
                    <Unicode>generalissime accepta dicitur de qualibet</Unicode>
                </TextEquiv>
                <TextStyle fontFamily="Times New Roman" fontSize="9.5"/>
            </TextLine>
            <TextEquiv>
                <Unicode>ponit soluta, ut in primo d. 2. part. 2. q. 1.
dist. 5. q. 2. d. 26. et alibi.
136. Ad tertium respondeo, ut supra respon¬
sum est ad secundum argumentum, quod
illa argumenta ibi facta in Reportatis,
quamvis ibi non solvat, praesupponil ta¬
men alibi in simili esse soluta, aliter sibi
contradiceret in praesenti dist. et infra
dist. 8. q. 3. ubi in responsione cujusdam
argumenti, dicit quod necesse est pro¬
prietatem hypostaticam distingui forma¬
li ter ab essentia divina, vide ibi. Et sic
ad mentem hujus Doctoris potest faciliter
responderi. Primo, quod licet proprietas
non sit informans, nec informata, nec
per se subsistens, est tamen ratio for¬
malis per se subsistendi, et talis non di¬
citur proprie actus alicujus, ut palet sub¬
tiliter a Scolo in primo dist. 26. et dist. 5.
quaest. 3.
Quomodo Potest secundo dici simul ad secundum
in divinis et tertium argumentum, quod Scotus
non sitres. accipit rem ut distinguitur contra modum
rei, et sic relatio in divinis non potest
dici res, sed magis modus rei, de quo
modo vide Doctorem in Quodlib. quaest. 3.
et sic conceditur quoad secundum, quod
ex quibuscumque scilicet rebus, qualiter¬
cumque distincte ex natura rei est ali¬
quid unum, alterum est actus et alterum
est potentia, sed postea negatur, quod
relatio et essentia sint res hujusmodi, sed
essentia est vera res et relatio modus rei.
Et similiter quoad secundum, conceditur
quod omnis res, accipiendo rem genera¬
lissime, ut res generalissime accepta di¬
stinguitur contra modum rei, aut est ens
informans, aut informatum, aut per se
existens; sed negatur quod hoc modo
relatio sit res, sed tantum est modus rei,
et maxime quando est talis modus rei,
quod nullo modo potest esse perfectio
alterius. Et cum dicit Gregorius quod res
generalissime accepta dicitur de qualibet</Unicode>
            </TextEquiv>
        </TextRegion>
        <TextRegion type="paragraph" id="TextRegion_1616373706989_6428" custom="readingOrder {index:1;}">
            <Coords points="1392,261 2392,261 2417,283 2417,3581 1376,3581 1376,2838 1381,410"/>
            <TextLine id="tl_47" primaryLanguage="English" custom="readingOrder {index:0;}">
                <Coords points="1393,262 2391,262 2391,314 1393,314"/>
                <Baseline points="1393,300 1584,309 1798,301 1947,302 2048,304 2196,304 2391,304"/>
                <Word id="w_w2aab1b5b4b1b1ab1" language="English" custom="readingOrder {index:0;}">
                    <Coords points="1393,262 1584,262 1584,309 1393,309"/>
                    <TextEquiv>
                        <Unicode>entitate,</Unicode>
                    </TextEquiv>
                    <TextStyle fontFamily="Times New Roman" fontSize="9.5"/>
                </Word>
                <Word id="w_w2aab1b5b4b1b1ac21" language="English" custom="readingOrder {index:1;}">
                    <Coords points="1616,266 1798,266 1798,313 1616,313"/>
                    <TextEquiv>
                        <Unicode>negatur</Unicode>
                    </TextEquiv>
                    <TextStyle fontFamily="Times New Roman" fontSize="9.5"/>
                </Word>
                <Word id="w_w2aab1b5b4b1b1ac37" language="English" custom="readingOrder {index:2;}">
                    <Coords points="1831,263 1947,263 1947,313 1831,313"/>
                    <TextEquiv>
                        <Unicode>quod</Unicode>
                    </TextEquiv>
                    <TextStyle fontFamily="Times New Roman" fontSize="9.5"/>
                </Word>
                <Word id="w_w2aab1b5b4b1b1ac47" language="English" custom="readingOrder {index:3;}">
                    <Coords points="1966,263 2048,263 2048,304 1966,304"/>
                    <TextEquiv>
                        <Unicode>hoc</Unicode>
                    </TextEquiv>
                    <TextStyle fontFamily="Times New Roman" fontSize="9.5"/>
                </Word>
                <Word id="w_w2aab1b5b4b1b1ac55" language="English" custom="readingOrder {index:4;}">
                    <Coords points="2067,264 2196,264 2196,305 2067,305"/>
                    <TextEquiv>
                        <Unicode>modo</Unicode>
                    </TextEquiv>
                    <TextStyle fontFamily="Times New Roman" fontSize="9.5"/>
                </Word>
                <Word id="w_w2aab1b5b4b1b1ac65" language="English" custom="readingOrder {index:5;}">
                    <Coords points="2227,264 2391,264 2391,304 2227,304"/>
                    <TextEquiv>
                        <Unicode>dicatur</Unicode>
                    </TextEquiv>
                    <TextStyle fontFamily="Times New Roman" fontSize="9.5"/>
                </Word>
                <TextEquiv>
                    <Unicode>entitate, negatur quod hoc modo dicatur</Unicode>
                </TextEquiv>
                <TextStyle fontFamily="Times New Roman" fontSize="9.5"/>
            </TextLine>
            <TextLine id="tl_48" primaryLanguage="English" custom="readingOrder {index:1;}">
                <Coords points="1395,337 2190,337 2190,389 1395,389"/>
                <Baseline points="1395,376 1448,376 1646,376 1845,377 1942,378 2092,380 2190,380"/>
                <Word id="w_w2aab1b5b4b1b3ab1" language="English" custom="readingOrder {index:0;}">
                    <Coords points="1395,337 1448,337 1448,376 1395,376"/>
                    <TextEquiv>
                        <Unicode>de</Unicode>
                    </TextEquiv>
                    <TextStyle fontFamily="Times New Roman" fontSize="9.5"/>
                </Word>
                <Word id="w_w2aab1b5b4b1b3ab7" language="English" custom="readingOrder {index:1;}">
                    <Coords points="1471,337 1646,337 1646,376 1471,376"/>
                    <TextEquiv>
                        <Unicode>entitate</Unicode>
                    </TextEquiv>
                    <TextStyle fontFamily="Times New Roman" fontSize="9.5"/>
                </Word>
                <Word id="w_w2aab1b5b4b1b3ac25" language="English" custom="readingOrder {index:2;}">
                    <Coords points="1668,342 1845,342 1845,388 1668,388"/>
                    <TextEquiv>
                        <Unicode>accepta</Unicode>
                    </TextEquiv>
                    <TextStyle fontFamily="Times New Roman" fontSize="9.5"/>
                </Word>
                <Word id="w_w2aab1b5b4b1b3ac41" language="English" custom="readingOrder {index:3;}">
                    <Coords points="1867,350 1942,350 1942,388 1867,388"/>
                    <TextEquiv>
                        <Unicode>pro</Unicode>
                    </TextEquiv>
                    <TextStyle fontFamily="Times New Roman" fontSize="9.5"/>
                </Word>
                <Word id="w_w2aab1b5b4b1b3ac49" language="English" custom="readingOrder {index:4;}">
                    <Coords points="1964,340 2092,340 2092,380 1964,380"/>
                    <TextEquiv>
                        <Unicode>modo</Unicode>
                    </TextEquiv>
                    <TextStyle fontFamily="Times New Roman" fontSize="9.5"/>
                </Word>
                <Word id="w_w2aab1b5b4b1b3ac59" language="English" custom="readingOrder {index:5;}">
                    <Coords points="2113,341 2190,341 2190,380 2113,380"/>
                    <TextEquiv>
                        <Unicode>rei.</Unicode>
                    </TextEquiv>
                    <TextStyle fontFamily="Times New Roman" fontSize="9.5"/>
                </Word>
                <TextEquiv>
                    <Unicode>de entitate accepta pro modo rei.</Unicode>
                </TextEquiv>
                <TextStyle fontFamily="Times New Roman" fontSize="9.5"/>
            </TextLine>
            <TextLine id="line_1616373707218_6431" primaryLanguage="English" custom="readingOrder {index:2;}">
                <Coords points="1443,411 2417,411 2417,467 1443,467"/>
                <Baseline points="1443,450 1508,451 1719,453 1848,461 1984,453 2236,456 2297,456 2400,455 2417,455"/>
                <Word id="w_w2aab1b5b4b3b1ab1" language="English" custom="readingOrder {index:0;}">
                    <Coords points="1443,411 1508,411 1508,451 1443,451"/>
                    <TextEquiv>
                        <Unicode>Ad</Unicode>
                    </TextEquiv>
                    <TextStyle fontFamily="Times New Roman" fontSize="9.5"/>
                </Word>
                <Word id="w_w2aab1b5b4b3b1ab7" language="English" custom="readingOrder {index:1;}">
                    <Coords points="1523,412 1719,412 1719,453 1523,453"/>
                    <TextEquiv>
                        <Unicode>ultimum</Unicode>
                    </TextEquiv>
                    <TextStyle fontFamily="Times New Roman" fontSize="9.5"/>
                </Word>
                <Word id="w_w2aab1b5b4b3b1ac23" language="English" custom="readingOrder {index:2;}">
                    <Coords points="1737,413 1848,413 1848,461 1737,461"/>
                    <TextEquiv>
                        <Unicode>dico,</Unicode>
                    </TextEquiv>
                    <TextStyle fontFamily="Times New Roman" fontSize="9.5"/>
                </Word>
                <Word id="w_w2aab1b5b4b3b1ac35" language="English" custom="readingOrder {index:3;}">
                    <Coords points="1868,414 1984,414 1984,464 1868,464"/>
                    <TextEquiv>
                        <Unicode>quod</Unicode>
                    </TextEquiv>
                    <TextStyle fontFamily="Times New Roman" fontSize="9.5"/>
                </Word>
                <Word id="w_w2aab1b5b4b3b1ac45" language="English" custom="readingOrder {index:4;}">
                    <Coords points="2002,417 2236,417 2236,466 2002,466"/>
                    <TextEquiv>
                        <Unicode>paternitas</Unicode>
                    </TextEquiv>
                    <TextStyle fontFamily="Times New Roman" fontSize="9.5"/>
                </Word>
                <Word id="w_w2aab1b5b4b3b1ac67" language="English" custom="readingOrder {index:5;}">
                    <Coords points="2250,427 2297,427 2297,456 2250,456"/>
                    <TextEquiv>
                        <Unicode>se</Unicode>
                    </TextEquiv>
                    <TextStyle fontFamily="Times New Roman" fontSize="9.5"/>
                </Word>
                <Word id="w_w2aab1b5b4b3b1ac73" language="English" custom="readingOrder {index:6;}">
                    <Coords points="2314,419 2400,419 2400,456 2314,456"/>
                    <TextEquiv>
                        <Unicode>tota</Unicode>
                    </TextEquiv>
                    <TextStyle fontFamily="Times New Roman" fontSize="9.5"/>
                </Word>
                <TextEquiv>
                    <Unicode>Ad ultimum dico, quod paternitas se tota 137.</Unicode>
                </TextEquiv>
                <TextStyle fontFamily="Times New Roman" fontSize="9.5"/>
            </TextLine>
            <TextLine id="tl_50" primaryLanguage="English" custom="readingOrder {index:3;}">
                <Coords points="1394,487 2400,487 2400,542 1394,542"/>
                <Baseline points="1394,527 1670,527 1758,528 1993,537 2128,531 2400,532"/>
                <Word id="w_w2aab1b5b4b3b3ab1" language="English" custom="readingOrder {index:0;}">
                    <Coords points="1394,487 1670,487 1670,538 1394,538"/>
                    <TextEquiv>
                        <Unicode>distinguitur</Unicode>
                    </TextEquiv>
                    <TextStyle fontFamily="Times New Roman" fontSize="9.5"/>
                </Word>
                <Word id="w_w2aab1b5b4b3b3ac27" language="English" custom="readingOrder {index:1;}">
                    <Coords points="1706,490 1758,490 1758,528 1706,528"/>
                    <TextEquiv>
                        <Unicode>ab</Unicode>
                    </TextEquiv>
                    <TextStyle fontFamily="Times New Roman" fontSize="9.5"/>
                </Word>
                <Word id="w_w2aab1b5b4b3b3ac33" language="English" custom="readingOrder {index:2;}">
                    <Coords points="1791,492 1993,492 1993,537 1791,537"/>
                    <TextEquiv>
                        <Unicode>essentia,</Unicode>
                    </TextEquiv>
                    <TextStyle fontFamily="Times New Roman" fontSize="9.5"/>
                </Word>
                <Word id="w_w2aab1b5b4b3b3ac53" language="English" custom="readingOrder {index:3;}">
                    <Coords points="2029,493 2128,493 2128,542 2029,542"/>
                    <TextEquiv>
                        <Unicode>quia</Unicode>
                    </TextEquiv>
                    <TextStyle fontFamily="Times New Roman" fontSize="9.5"/>
                </Word>
                <Word id="w_w2aab1b5b4b3b3ac63" language="English" custom="readingOrder {index:4;}">
                    <Coords points="2167,491 2400,491 2400,532 2167,532"/>
                    <TextEquiv>
                        <Unicode>formalitas</Unicode>
                    </TextEquiv>
                    <TextStyle fontFamily="Times New Roman" fontSize="9.5"/>
                </Word>
                <TextEquiv>
                    <Unicode>distinguitur ab essentia, quia formalitas</Unicode>
                </TextEquiv>
                <TextStyle fontFamily="Times New Roman" fontSize="9.5"/>
            </TextLine>
            <TextLine id="tl_51" primaryLanguage="English" custom="readingOrder {index:4;}">
                <Coords points="1391,564 2400,564 2400,618 1391,618"/>
                <Baseline points="1391,612 1657,604 1720,603 1870,604 2085,606 2400,607"/>
                <Word id="w_w2aab1b5b4b3b5ab1" language="English" custom="readingOrder {index:0;}">
                    <Coords points="1391,564 1657,564 1657,612 1391,612"/>
                    <TextEquiv>
                        <Unicode>paternitatis</Unicode>
                    </TextEquiv>
                    <TextStyle fontFamily="Times New Roman" fontSize="9.5"/>
                </Word>
                <Word id="w_w2aab1b5b4b3b5ac27" language="English" custom="readingOrder {index:1;}">
                    <Coords points="1676,565 1720,565 1720,604 1676,604"/>
                    <TextEquiv>
                        <Unicode>in</Unicode>
                    </TextEquiv>
                    <TextStyle fontFamily="Times New Roman" fontSize="9.5"/>
                </Word>
                <Word id="w_w2aab1b5b4b3b5ac33" language="English" custom="readingOrder {index:2;}">
                    <Coords points="1754,565 1870,565 1870,604 1754,604"/>
                    <TextEquiv>
                        <Unicode>nulla</Unicode>
                    </TextEquiv>
                    <TextStyle fontFamily="Times New Roman" fontSize="9.5"/>
                </Word>
                <Word id="w_w2aab1b5b4b3b5ac45" language="English" custom="readingOrder {index:3;}">
                    <Coords points="1890,566 2085,566 2085,606 1890,606"/>
                    <TextEquiv>
                        <Unicode>realilate</Unicode>
                    </TextEquiv>
                    <TextStyle fontFamily="Times New Roman" fontSize="9.5"/>
                </Word>
                <Word id="w_w2aab1b5b4b3b5ac65" language="English" custom="readingOrder {index:4;}">
                    <Coords points="2118,567 2400,567 2400,618 2118,618"/>
                    <TextEquiv>
                        <Unicode>quidditative</Unicode>
                    </TextEquiv>
                    <TextStyle fontFamily="Times New Roman" fontSize="9.5"/>
                </Word>
                <TextEquiv>
                    <Unicode>paternitatis in nulla realilate quidditative</Unicode>
                </TextEquiv>
                <TextStyle fontFamily="Times New Roman" fontSize="9.5"/>
            </TextLine>
            <TextLine id="tl_52" primaryLanguage="English" custom="readingOrder {index:5;}">
                <Coords points="1393,639 2400,639 2400,692 1393,692"/>
                <Baseline points="1393,677 1592,678 1710,679 1914,680 2092,692 2208,682 2400,682"/>
                <Word id="w_w2aab1b5b4b3b7ab1" language="English" custom="readingOrder {index:0;}">
                    <Coords points="1393,640 1592,640 1592,678 1393,678"/>
                    <TextEquiv>
                        <Unicode>convenit</Unicode>
                    </TextEquiv>
                    <TextStyle fontFamily="Times New Roman" fontSize="9.5"/>
                </Word>
                <Word id="w_w2aab1b5b4b3b7ac19" language="English" custom="readingOrder {index:1;}">
                    <Coords points="1614,651 1710,651 1710,679 1614,679"/>
                    <TextEquiv>
                        <Unicode>cum</Unicode>
                    </TextEquiv>
                    <TextStyle fontFamily="Times New Roman" fontSize="9.5"/>
                </Word>
                <Word id="w_w2aab1b5b4b3b7ac27" language="English" custom="readingOrder {index:2;}">
                    <Coords points="1727,642 1914,642 1914,680 1727,680"/>
                    <TextEquiv>
                        <Unicode>essentia</Unicode>
                    </TextEquiv>
                    <TextStyle fontFamily="Times New Roman" fontSize="9.5"/>
                </Word>
                <Word id="w_w2aab1b5b4b3b7ac45" language="English" custom="readingOrder {index:3;}">
                    <Coords points="1934,641 2092,641 2092,692 1934,692"/>
                    <TextEquiv>
                        <Unicode>divina,</Unicode>
                    </TextEquiv>
                    <TextStyle fontFamily="Times New Roman" fontSize="9.5"/>
                </Word>
                <Word id="w_w2aab1b5b4b3b7ac61" language="English" custom="readingOrder {index:4;}">
                    <Coords points="2108,644 2208,644 2208,683 2108,683"/>
                    <TextEquiv>
                        <Unicode>licet</Unicode>
                    </TextEquiv>
                    <TextStyle fontFamily="Times New Roman" fontSize="9.5"/>
                </Word>
                <Word id="w_w2aab1b5b4b3b7ac73" language="English" custom="readingOrder {index:5;}">
                    <Coords points="2227,645 2400,645 2400,684 2227,684"/>
                    <TextEquiv>
                        <Unicode>realiter</Unicode>
                    </TextEquiv>
                    <TextStyle fontFamily="Times New Roman" fontSize="9.5"/>
                </Word>
                <TextEquiv>
                    <Unicode>convenit cum essentia divina, licet realiter</Unicode>
                </TextEquiv>
                <TextStyle fontFamily="Times New Roman" fontSize="9.5"/>
            </TextLine>
            <TextLine id="tl_53" primaryLanguage="English" custom="readingOrder {index:6;}">
                <Coords points="1391,713 2400,713 2400,767 1391,767"/>
                <Baseline points="1391,751 1444,752 1586,752 1704,753 1920,755 2098,767 2245,757 2400,758"/>
                <Word id="w_w2aab1b5b4b3b9ab1" language="English" custom="readingOrder {index:0;}">
                    <Coords points="1391,715 1444,715 1444,752 1391,752"/>
                    <TextEquiv>
                        <Unicode>sit</Unicode>
                    </TextEquiv>
                    <TextStyle fontFamily="Times New Roman" fontSize="9.5"/>
                </Word>
                <Word id="w_w2aab1b5b4b3b9ab9" language="English" custom="readingOrder {index:1;}">
                    <Coords points="1470,713 1586,713 1586,752 1470,752"/>
                    <TextEquiv>
                        <Unicode>idem</Unicode>
                    </TextEquiv>
                    <TextStyle fontFamily="Times New Roman" fontSize="9.5"/>
                </Word>
                <Word id="w_w2aab1b5b4b3b9ac19" language="English" custom="readingOrder {index:2;}">
                    <Coords points="1607,725 1704,725 1704,754 1607,754"/>
                    <TextEquiv>
                        <Unicode>cum</Unicode>
                    </TextEquiv>
                    <TextStyle fontFamily="Times New Roman" fontSize="9.5"/>
                </Word>
                <Word id="w_w2aab1b5b4b3b9ac27" language="English" custom="readingOrder {index:3;}">
                    <Coords points="1733,717 1920,717 1920,755 1733,755"/>
                    <TextEquiv>
                        <Unicode>essentia</Unicode>
                    </TextEquiv>
                    <TextStyle fontFamily="Times New Roman" fontSize="9.5"/>
                </Word>
                <Word id="w_w2aab1b5b4b3b9ac45" language="English" custom="readingOrder {index:4;}">
                    <Coords points="1944,716 2098,716 2098,767 1944,767"/>
                    <TextEquiv>
                        <Unicode>divina,</Unicode>
                    </TextEquiv>
                    <TextStyle fontFamily="Times New Roman" fontSize="9.5"/>
                </Word>
                <Word id="w_w2aab1b5b4b3b9ac61" language="English" custom="readingOrder {index:5;}">
                    <Coords points="2135,720 2245,720 2245,758 2135,758"/>
                    <TextEquiv>
                        <Unicode>sicut</Unicode>
                    </TextEquiv>
                    <TextStyle fontFamily="Times New Roman" fontSize="9.5"/>
                </Word>
                <Word id="w_w2aab1b5b4b3b9ac73" language="English" custom="readingOrder {index:6;}">
                    <Coords points="2270,721 2400,721 2400,759 2270,759"/>
                    <TextEquiv>
                        <Unicode>etiam</Unicode>
                    </TextEquiv>
                    <TextStyle fontFamily="Times New Roman" fontSize="9.5"/>
                </Word>
                <TextEquiv>
                    <Unicode>sit idem cum essentia divina, sicut etiam</Unicode>
                </TextEquiv>
                <TextStyle fontFamily="Times New Roman" fontSize="9.5"/>
            </TextLine>
            <TextLine id="tl_54" primaryLanguage="English" custom="readingOrder {index:7;}">
                <Coords points="1390,789 2397,789 2397,834 1390,834"/>
                <Baseline points="1390,827 1434,827 1576,829 1752,828 2015,831 2101,832 2219,834 2397,823"/>
                <Word id="w_w2aab1b5b4b3c11ab1" language="English" custom="readingOrder {index:0;}">
                    <Coords points="1390,789 1434,789 1434,827 1390,827"/>
                    <TextEquiv>
                        <Unicode>in</Unicode>
                    </TextEquiv>
                    <TextStyle fontFamily="Times New Roman" fontSize="9.5"/>
                </Word>
                <Word id="w_w2aab1b5b4b3c11ab7" language="English" custom="readingOrder {index:1;}">
                    <Coords points="1454,789 1576,789 1576,829 1454,829"/>
                    <TextEquiv>
                        <Unicode>nobis</Unicode>
                    </TextEquiv>
                    <TextStyle fontFamily="Times New Roman" fontSize="9.5"/>
                </Word>
                <Word id="w_w2aab1b5b4b3c11ac19" language="English" custom="readingOrder {index:2;}">
                    <Coords points="1608,791 1752,791 1752,829 1608,829"/>
                    <TextEquiv>
                        <Unicode>ultima</Unicode>
                    </TextEquiv>
                    <TextStyle fontFamily="Times New Roman" fontSize="9.5"/>
                </Word>
                <Word id="w_w2aab1b5b4b3c11ac33" language="English" custom="readingOrder {index:3;}">
                    <Coords points="1776,790 2015,790 2015,831 1776,831"/>
                    <TextEquiv>
                        <Unicode>differentia</Unicode>
                    </TextEquiv>
                    <TextStyle fontFamily="Times New Roman" fontSize="9.5"/>
                </Word>
                <Word id="w_w2aab1b5b4b3c11ac57" language="English" custom="readingOrder {index:4;}">
                    <Coords points="2053,804 2101,804 2101,832 2053,832"/>
                    <TextEquiv>
                        <Unicode>se</Unicode>
                    </TextEquiv>
                    <TextStyle fontFamily="Times New Roman" fontSize="9.5"/>
                </Word>
                <Word id="w_w2aab1b5b4b3c11ac63" language="English" custom="readingOrder {index:5;}">
                    <Coords points="2133,797 2219,797 2219,834 2133,834"/>
                    <TextEquiv>
                        <Unicode>tota</Unicode>
                    </TextEquiv>
                    <TextStyle fontFamily="Times New Roman" fontSize="9.5"/>
                </Word>
                <Word id="w_w2aab1b5b4b3c11ac73" language="English" custom="readingOrder {index:6;}">
                    <Coords points="2249,794 2397,794 2397,834 2249,834"/>
                    <TextEquiv>
                        <Unicode>distin¬</Unicode>
                    </TextEquiv>
                    <TextStyle fontFamily="Times New Roman" fontSize="9.5"/>
                </Word>
                <TextEquiv>
                    <Unicode>in nobis ultima differentia se tota distin¬</Unicode>
                </TextEquiv>
                <TextStyle fontFamily="Times New Roman" fontSize="9.5"/>
            </TextLine>
            <TextLine id="tl_55" primaryLanguage="English" custom="readingOrder {index:8;}">
                <Coords points="1390,864 2401,864 2401,921 1390,921"/>
                <Baseline points="1390,915 1535,903 1840,906 1914,907 1995,907 2143,908 2229,909 2401,910"/>
                <Word id="w_w2aab1b5b4b3c13ab1" language="English" custom="readingOrder {index:0;}">
                    <Coords points="1390,865 1535,865 1535,915 1390,915"/>
                    <TextEquiv>
                        <Unicode>guitur</Unicode>
                    </TextEquiv>
                    <TextStyle fontFamily="Times New Roman" fontSize="9.5"/>
                </Word>
                <Word id="w_w2aab1b5b4b3c13ac15" language="English" custom="readingOrder {index:1;}">
                    <Coords points="1556,865 1840,865 1840,917 1556,917"/>
                    <TextEquiv>
                        <Unicode>quiddilative</Unicode>
                    </TextEquiv>
                    <TextStyle fontFamily="Times New Roman" fontSize="9.5"/>
                </Word>
                <Word id="w_w2aab1b5b4b3c13ac41" language="English" custom="readingOrder {index:2;}">
                    <Coords points="1861,868 1914,868 1914,907 1861,907"/>
                    <TextEquiv>
                        <Unicode>ab</Unicode>
                    </TextEquiv>
                    <TextStyle fontFamily="Times New Roman" fontSize="9.5"/>
                </Word>
                <Word id="w_w2aab1b5b4b3c13ac47" language="English" custom="readingOrder {index:3;}">
                    <Coords points="1945,879 1995,879 1995,907 1945,907"/>
                    <TextEquiv>
                        <Unicode>eo</Unicode>
                    </TextEquiv>
                    <TextStyle fontFamily="Times New Roman" fontSize="9.5"/>
                </Word>
                <Word id="w_w2aab1b5b4b3c13ac53" language="English" custom="readingOrder {index:4;}">
                    <Coords points="2019,870 2143,870 2143,921 2019,921"/>
                    <TextEquiv>
                        <Unicode>cujus</Unicode>
                    </TextEquiv>
                    <TextStyle fontFamily="Times New Roman" fontSize="9.5"/>
                </Word>
                <Word id="w_w2aab1b5b4b3c13ac65" language="English" custom="readingOrder {index:5;}">
                    <Coords points="2165,874 2229,874 2229,910 2165,910"/>
                    <TextEquiv>
                        <Unicode>est</Unicode>
                    </TextEquiv>
                    <TextStyle fontFamily="Times New Roman" fontSize="9.5"/>
                </Word>
                <Word id="w_w2aab1b5b4b3c13ac73" language="English" custom="readingOrder {index:6;}">
                    <Coords points="2257,871 2401,871 2401,910 2257,910"/>
                    <TextEquiv>
                        <Unicode>ultima</Unicode>
                    </TextEquiv>
                    <TextStyle fontFamily="Times New Roman" fontSize="9.5"/>
                </Word>
                <TextEquiv>
                    <Unicode>guitur quiddilative ab eo cujus est ultima</Unicode>
                </TextEquiv>
                <TextStyle fontFamily="Times New Roman" fontSize="9.5"/>
            </TextLine>
            <TextLine id="tl_56" primaryLanguage="English" custom="readingOrder {index:9;}">
                <Coords points="1392,939 2401,939 2401,987 1392,987"/>
                <Baseline points="1392,978 1649,986 1790,980 1871,981 2080,982 2272,984 2401,984"/>
                <Word id="w_w2aab1b5b4b3c15ab1" language="English" custom="readingOrder {index:0;}">
                    <Coords points="1392,939 1649,939 1649,986 1392,986"/>
                    <TextEquiv>
                        <Unicode>differentia,</Unicode>
                    </TextEquiv>
                    <TextStyle fontFamily="Times New Roman" fontSize="9.5"/>
                </Word>
                <Word id="w_w2aab1b5b4b3c15ac27" language="English" custom="readingOrder {index:1;}">
                    <Coords points="1689,942 1790,942 1790,981 1689,981"/>
                    <TextEquiv>
                        <Unicode>licet</Unicode>
                    </TextEquiv>
                    <TextStyle fontFamily="Times New Roman" fontSize="9.5"/>
                </Word>
                <Word id="w_w2aab1b5b4b3c15ac39" language="English" custom="readingOrder {index:2;}">
                    <Coords points="1818,944 1871,944 1871,982 1818,982"/>
                    <TextEquiv>
                        <Unicode>sit</Unicode>
                    </TextEquiv>
                    <TextStyle fontFamily="Times New Roman" fontSize="9.5"/>
                </Word>
                <Word id="w_w2aab1b5b4b3c15ac47" language="English" custom="readingOrder {index:3;}">
                    <Coords points="1908,943 2080,943 2080,983 1908,983"/>
                    <TextEquiv>
                        <Unicode>realiter</Unicode>
                    </TextEquiv>
                    <TextStyle fontFamily="Times New Roman" fontSize="9.5"/>
                </Word>
                <Word id="w_w2aab1b5b4b3c15ac65" language="English" custom="readingOrder {index:4;}">
                    <Coords points="2117,945 2272,945 2272,984 2117,984"/>
                    <TextEquiv>
                        <Unicode>eadem</Unicode>
                    </TextEquiv>
                    <TextStyle fontFamily="Times New Roman" fontSize="9.5"/>
                </Word>
                <Word id="w_w2aab1b5b4b3c15ac77" language="English" custom="readingOrder {index:5;}">
                    <Coords points="2308,956 2401,956 2401,984 2308,984"/>
                    <TextEquiv>
                        <Unicode>cum</Unicode>
                    </TextEquiv>
                    <TextStyle fontFamily="Times New Roman" fontSize="9.5"/>
                </Word>
                <TextEquiv>
                    <Unicode>differentia, licet sit realiter eadem cum</Unicode>
                </TextEquiv>
                <TextStyle fontFamily="Times New Roman" fontSize="9.5"/>
            </TextLine>
            <TextLine id="tl_57" primaryLanguage="English" custom="readingOrder {index:10;}">
                <Coords points="1391,1017 2395,1017 2395,1070 1391,1070"/>
                <Baseline points="1391,1055 1460,1055 1549,1055 1646,1056 1727,1057 1999,1066 2133,1060 2395,1061"/>
                <Word id="w_w2aab1b5b4b3c17ab1" language="English" custom="readingOrder {index:0;}">
                    <Coords points="1391,1027 1460,1027 1460,1055 1391,1055"/>
                    <TextEquiv>
                        <Unicode>eo.</Unicode>
                    </TextEquiv>
                    <TextStyle fontFamily="Times New Roman" fontSize="9.5"/>
                </Word>
                <Word id="w_w2aab1b5b4b3c17ab9" language="English" custom="readingOrder {index:1;}">
                    <Coords points="1500,1017 1549,1017 1549,1055 1500,1055"/>
                    <TextEquiv>
                        <Unicode>Et</Unicode>
                    </TextEquiv>
                    <TextStyle fontFamily="Times New Roman" fontSize="9.5"/>
                </Word>
                <Word id="w_w2aab1b5b4b3c17ac15" language="English" custom="readingOrder {index:2;}">
                    <Coords points="1584,1018 1646,1018 1646,1056 1584,1056"/>
                    <TextEquiv>
                        <Unicode>sic</Unicode>
                    </TextEquiv>
                    <TextStyle fontFamily="Times New Roman" fontSize="9.5"/>
                </Word>
                <Word id="w_w2aab1b5b4b3c17ac23" language="English" custom="readingOrder {index:3;}">
                    <Coords points="1684,1019 1727,1019 1727,1057 1684,1057"/>
                    <TextEquiv>
                        <Unicode>in</Unicode>
                    </TextEquiv>
                    <TextStyle fontFamily="Times New Roman" fontSize="9.5"/>
                </Word>
                <Word id="w_w2aab1b5b4b3c17ac29" language="English" custom="readingOrder {index:4;}">
                    <Coords points="1763,1019 1999,1019 1999,1068 1763,1068"/>
                    <TextEquiv>
                        <Unicode>proposito,</Unicode>
                    </TextEquiv>
                    <TextStyle fontFamily="Times New Roman" fontSize="9.5"/>
                </Word>
                <Word id="w_w2aab1b5b4b3c17ac51" language="English" custom="readingOrder {index:5;}">
                    <Coords points="2033,1021 2133,1021 2133,1061 2033,1061"/>
                    <TextEquiv>
                        <Unicode>licet</Unicode>
                    </TextEquiv>
                    <TextStyle fontFamily="Times New Roman" fontSize="9.5"/>
                </Word>
                <Word id="w_w2aab1b5b4b3c17ac63" language="English" custom="readingOrder {index:6;}">
                    <Coords points="2163,1023 2395,1023 2395,1070 2163,1070"/>
                    <TextEquiv>
                        <Unicode>paternitas</Unicode>
                    </TextEquiv>
                    <TextStyle fontFamily="Times New Roman" fontSize="9.5"/>
                </Word>
                <TextEquiv>
                    <Unicode>eo. Et sic in proposito, licet paternitas</Unicode>
                </TextEquiv>
                <TextStyle fontFamily="Times New Roman" fontSize="9.5"/>
            </TextLine>
            <TextLine id="tl_58" primaryLanguage="English" custom="readingOrder {index:11;}">
                <Coords points="1389,1093 2400,1093 2400,1137 1389,1137"/>
                <Baseline points="1389,1132 1629,1132 1791,1133 1939,1133 2204,1135 2400,1136"/>
                <Word id="w_w2aab1b5b4b3c19ab1" language="English" custom="readingOrder {index:0;}">
                    <Coords points="1389,1093 1629,1093 1629,1132 1389,1132"/>
                    <TextEquiv>
                        <Unicode>secundum</Unicode>
                    </TextEquiv>
                    <TextStyle fontFamily="Times New Roman" fontSize="9.5"/>
                </Word>
                <Word id="w_w2aab1b5b4b3c19ac19" language="English" custom="readingOrder {index:1;}">
                    <Coords points="1657,1098 1791,1098 1791,1133 1657,1133"/>
                    <TextEquiv>
                        <Unicode>totam</Unicode>
                    </TextEquiv>
                    <TextStyle fontFamily="Times New Roman" fontSize="9.5"/>
                </Word>
                <Word id="w_w2aab1b5b4b3c19ac31" language="English" custom="readingOrder {index:2;}">
                    <Coords points="1815,1105 1939,1105 1939,1133 1815,1133"/>
                    <TextEquiv>
                        <Unicode>suam</Unicode>
                    </TextEquiv>
                    <TextStyle fontFamily="Times New Roman" fontSize="9.5"/>
                </Word>
                <Word id="w_w2aab1b5b4b3c19ac41" language="English" custom="readingOrder {index:3;}">
                    <Coords points="1979,1096 2204,1096 2204,1136 1979,1136"/>
                    <TextEquiv>
                        <Unicode>enlitalem</Unicode>
                    </TextEquiv>
                    <TextStyle fontFamily="Times New Roman" fontSize="9.5"/>
                </Word>
                <Word id="w_w2aab1b5b4b3c19ac61" language="English" custom="readingOrder {index:4;}">
                    <Coords points="2238,1097 2400,1097 2400,1137 2238,1137"/>
                    <TextEquiv>
                        <Unicode>realem</Unicode>
                    </TextEquiv>
                    <TextStyle fontFamily="Times New Roman" fontSize="9.5"/>
                </Word>
                <TextEquiv>
                    <Unicode>secundum totam suam enlitalem realem</Unicode>
                </TextEquiv>
                <TextStyle fontFamily="Times New Roman" fontSize="9.5"/>
            </TextLine>
            <TextLine id="tl_59" primaryLanguage="English" custom="readingOrder {index:12;}">
                <Coords points="1392,1167 2399,1167 2399,1212 1392,1212"/>
                <Baseline points="1392,1207 1581,1207 1687,1208 2021,1210 2250,1210 2399,1210"/>
                <Word id="w_w2aab1b5b4b3c21ab1" language="English" custom="readingOrder {index:0;}">
                    <Coords points="1392,1171 1581,1171 1581,1208 1392,1208"/>
                    <TextEquiv>
                        <Unicode>transeat</Unicode>
                    </TextEquiv>
                    <TextStyle fontFamily="Times New Roman" fontSize="9.5"/>
                </Word>
                <Word id="w_w2aab1b5b4b3c21ac19" language="English" custom="readingOrder {index:1;}">
                    <Coords points="1645,1169 1687,1169 1687,1208 1645,1208"/>
                    <TextEquiv>
                        <Unicode>in</Unicode>
                    </TextEquiv>
                    <TextStyle fontFamily="Times New Roman" fontSize="9.5"/>
                </Word>
                <Word id="w_w2aab1b5b4b3c21ac25" language="English" custom="readingOrder {index:2;}">
                    <Coords points="1747,1168 2021,1168 2021,1210 1747,1210"/>
                    <TextEquiv>
                        <Unicode>identitatem</Unicode>
                    </TextEquiv>
                    <TextStyle fontFamily="Times New Roman" fontSize="9.5"/>
                </Word>
                <Word id="w_w2aab1b5b4b3c21ac49" language="English" custom="readingOrder {index:3;}">
                    <Coords points="2087,1171 2250,1171 2250,1212 2087,1212"/>
                    <TextEquiv>
                        <Unicode>realem</Unicode>
                    </TextEquiv>
                    <TextStyle fontFamily="Times New Roman" fontSize="9.5"/>
                </Word>
                <Word id="w_w2aab1b5b4b3c21ac63" language="English" custom="readingOrder {index:4;}">
                    <Coords points="2305,1183 2399,1183 2399,1212 2305,1212"/>
                    <TextEquiv>
                        <Unicode>cum</Unicode>
                    </TextEquiv>
                    <TextStyle fontFamily="Times New Roman" fontSize="9.5"/>
                </Word>
                <TextEquiv>
                    <Unicode>transeat in identitatem realem cum</Unicode>
                </TextEquiv>
                <TextStyle fontFamily="Times New Roman" fontSize="9.5"/>
            </TextLine>
            <TextLine id="tl_60" primaryLanguage="English" custom="readingOrder {index:13;}">
                <Coords points="1390,1243 2397,1243 2397,1299 1390,1299"/>
                <Baseline points="1390,1283 1579,1284 1793,1292 1885,1283 1982,1284 2135,1285 2291,1287 2397,1278"/>
                <Word id="w_w2aab1b5b4b3c23ab1" language="English" custom="readingOrder {index:0;}">
                    <Coords points="1390,1243 1579,1243 1579,1284 1390,1284"/>
                    <TextEquiv>
                        <Unicode>essentia</Unicode>
                    </TextEquiv>
                    <TextStyle fontFamily="Times New Roman" fontSize="9.5"/>
                </Word>
                <Word id="w_w2aab1b5b4b3c23ac19" language="English" custom="readingOrder {index:1;}">
                    <Coords points="1636,1244 1793,1244 1793,1292 1636,1292"/>
                    <TextEquiv>
                        <Unicode>divina,</Unicode>
                    </TextEquiv>
                    <TextStyle fontFamily="Times New Roman" fontSize="9.5"/>
                </Word>
                <Word id="w_w2aab1b5b4b3c23ac35" language="English" custom="readingOrder {index:2;}">
                    <Coords points="1842,1248 1885,1248 1885,1284 1842,1284"/>
                    <TextEquiv>
                        <Unicode>et</Unicode>
                    </TextEquiv>
                    <TextStyle fontFamily="Times New Roman" fontSize="9.5"/>
                </Word>
                <Word id="w_w2aab1b5b4b3c23ac41" language="English" custom="readingOrder {index:3;}">
                    <Coords points="1928,1247 1982,1247 1982,1285 1928,1285"/>
                    <TextEquiv>
                        <Unicode>sit</Unicode>
                    </TextEquiv>
                    <TextStyle fontFamily="Times New Roman" fontSize="9.5"/>
                </Word>
                <Word id="w_w2aab1b5b4b3c23ac49" language="English" custom="readingOrder {index:4;}">
                    <Coords points="2020,1247 2135,1247 2135,1286 2020,1286"/>
                    <TextEquiv>
                        <Unicode>idem</Unicode>
                    </TextEquiv>
                    <TextStyle fontFamily="Times New Roman" fontSize="9.5"/>
                </Word>
                <Word id="w_w2aab1b5b4b3c23ac59" language="English" custom="readingOrder {index:5;}">
                    <Coords points="2174,1247 2291,1247 2291,1299 2174,1299"/>
                    <TextEquiv>
                        <Unicode>quod</Unicode>
                    </TextEquiv>
                    <TextStyle fontFamily="Times New Roman" fontSize="9.5"/>
                </Word>
                <Word id="w_w2aab1b5b4b3c23ac69" language="English" custom="readingOrder {index:6;}">
                    <Coords points="2331,1259 2397,1259 2397,1288 2331,1288"/>
                    <TextEquiv>
                        <Unicode>es¬</Unicode>
                    </TextEquiv>
                    <TextStyle fontFamily="Times New Roman" fontSize="9.5"/>
                </Word>
                <TextEquiv>
                    <Unicode>essentia divina, et sit idem quod es¬</Unicode>
                </TextEquiv>
                <TextStyle fontFamily="Times New Roman" fontSize="9.5"/>
            </TextLine>
            <TextLine id="tl_61" primaryLanguage="English" custom="readingOrder {index:14;}">
                <Coords points="1388,1318 2397,1318 2397,1368 1388,1368"/>
                <Baseline points="1388,1359 1525,1358 1720,1367 1866,1358 2061,1360 2259,1363 2397,1353"/>
                <Word id="w_w2aab1b5b4b3c25ab1" language="English" custom="readingOrder {index:0;}">
                    <Coords points="1388,1320 1525,1320 1525,1359 1388,1359"/>
                    <TextEquiv>
                        <Unicode>sentia</Unicode>
                    </TextEquiv>
                    <TextStyle fontFamily="Times New Roman" fontSize="9.5"/>
                </Word>
                <Word id="w_w2aab1b5b4b3c25ac15" language="English" custom="readingOrder {index:1;}">
                    <Coords points="1563,1319 1720,1319 1720,1367 1563,1367"/>
                    <TextEquiv>
                        <Unicode>divina,</Unicode>
                    </TextEquiv>
                    <TextStyle fontFamily="Times New Roman" fontSize="9.5"/>
                </Word>
                <Word id="w_w2aab1b5b4b3c25ac31" language="English" custom="readingOrder {index:2;}">
                    <Coords points="1778,1331 1866,1331 1866,1359 1778,1359"/>
                    <TextEquiv>
                        <Unicode>non</Unicode>
                    </TextEquiv>
                    <TextStyle fontFamily="Times New Roman" fontSize="9.5"/>
                </Word>
                <Word id="w_w2aab1b5b4b3c25ac39" language="English" custom="readingOrder {index:3;}">
                    <Coords points="1919,1325 2061,1325 2061,1362 1919,1362"/>
                    <TextEquiv>
                        <Unicode>tamen</Unicode>
                    </TextEquiv>
                    <TextStyle fontFamily="Times New Roman" fontSize="9.5"/>
                </Word>
                <Word id="w_w2aab1b5b4b3c25ac51" language="English" custom="readingOrder {index:4;}">
                    <Coords points="2112,1325 2259,1325 2259,1363 2112,1363"/>
                    <TextEquiv>
                        <Unicode>transit</Unicode>
                    </TextEquiv>
                    <TextStyle fontFamily="Times New Roman" fontSize="9.5"/>
                </Word>
                <Word id="w_w2aab1b5b4b3c25ac67" language="English" custom="readingOrder {index:5;}">
                    <Coords points="2311,1322 2397,1322 2397,1364 2311,1364"/>
                    <TextEquiv>
                        <Unicode>for-</Unicode>
                    </TextEquiv>
                    <TextStyle fontFamily="Times New Roman" fontSize="9.5"/>
                </Word>
                <TextEquiv>
                    <Unicode>sentia divina, non tamen transit for-</Unicode>
                </TextEquiv>
                <TextStyle fontFamily="Times New Roman" fontSize="9.5"/>
            </TextLine>
            <TextLine id="tl_62" primaryLanguage="English" custom="readingOrder {index:15;}">
                <Coords points="1390,1395 2399,1395 2399,1438 1390,1438"/>
                <Baseline points="1390,1434 1554,1433 1685,1435 1964,1435 2264,1437 2399,1428"/>
                <Word id="w_w2aab1b5b4b3c27ab1" language="English" custom="readingOrder {index:0;}">
                    <Coords points="1390,1396 1554,1396 1554,1434 1390,1434"/>
                    <TextEquiv>
                        <Unicode>maliter</Unicode>
                    </TextEquiv>
                    <TextStyle fontFamily="Times New Roman" fontSize="9.5"/>
                </Word>
                <Word id="w_w2aab1b5b4b3c27ac17" language="English" custom="readingOrder {index:1;}">
                    <Coords points="1598,1397 1685,1397 1685,1435 1598,1435"/>
                    <TextEquiv>
                        <Unicode>sive</Unicode>
                    </TextEquiv>
                    <TextStyle fontFamily="Times New Roman" fontSize="9.5"/>
                </Word>
                <Word id="w_w2aab1b5b4b3c27ac27" language="English" custom="readingOrder {index:2;}">
                    <Coords points="1726,1396 1964,1396 1964,1435 1726,1435"/>
                    <TextEquiv>
                        <Unicode>secundum</Unicode>
                    </TextEquiv>
                    <TextStyle fontFamily="Times New Roman" fontSize="9.5"/>
                </Word>
                <Word id="w_w2aab1b5b4b3c27ac45" language="English" custom="readingOrder {index:3;}">
                    <Coords points="1994,1397 2264,1397 2264,1438 1994,1438"/>
                    <TextEquiv>
                        <Unicode>identitatem</Unicode>
                    </TextEquiv>
                    <TextStyle fontFamily="Times New Roman" fontSize="9.5"/>
                </Word>
                <Word id="w_w2aab1b5b4b3c27ac69" language="English" custom="readingOrder {index:4;}">
                    <Coords points="2311,1398 2399,1398 2399,1438 2311,1438"/>
                    <TextEquiv>
                        <Unicode>for¬</Unicode>
                    </TextEquiv>
                    <TextStyle fontFamily="Times New Roman" fontSize="9.5"/>
                </Word>
                <TextEquiv>
                    <Unicode>maliter sive secundum identitatem for¬</Unicode>
                </TextEquiv>
                <TextStyle fontFamily="Times New Roman" fontSize="9.5"/>
            </TextLine>
            <TextLine id="tl_63" primaryLanguage="English" custom="readingOrder {index:16;}">
                <Coords points="1387,1470 2397,1470 2397,1519 1387,1519"/>
                <Baseline points="1388,1510 1560,1518 1736,1510 1874,1511 1993,1511 2061,1513 2331,1513 2397,1514"/>
                <Word id="w_w2aab1b5b4b3c29ab1" language="English" custom="readingOrder {index:0;}">
                    <Coords points="1388,1472 1560,1472 1560,1518 1388,1518"/>
                    <TextEquiv>
                        <Unicode>malem,</Unicode>
                    </TextEquiv>
                    <TextStyle fontFamily="Times New Roman" fontSize="9.5"/>
                </Word>
                <Word id="w_w2aab1b5b4b3c29ac15" language="English" custom="readingOrder {index:1;}">
                    <Coords points="1584,1471 1736,1471 1736,1511 1584,1511"/>
                    <TextEquiv>
                        <Unicode>eadem</Unicode>
                    </TextEquiv>
                    <TextStyle fontFamily="Times New Roman" fontSize="9.5"/>
                </Word>
                <Word id="w_w2aab1b5b4b3c29ac27" language="English" custom="readingOrder {index:2;}">
                    <Coords points="1759,1474 1874,1474 1874,1512 1759,1512"/>
                    <TextEquiv>
                        <Unicode>enim</Unicode>
                    </TextEquiv>
                    <TextStyle fontFamily="Times New Roman" fontSize="9.5"/>
                </Word>
                <Word id="w_w2aab1b5b4b3c29ac37" language="English" custom="readingOrder {index:3;}">
                    <Coords points="1906,1473 1993,1473 1993,1511 1906,1511"/>
                    <TextEquiv>
                        <Unicode>enti</Unicode>
                    </TextEquiv>
                    <TextStyle fontFamily="Times New Roman" fontSize="9.5"/>
                </Word>
                <Word id="w_w2aab1b5b4b3c29ac47" language="English" custom="readingOrder {index:4;}">
                    <Coords points="1999,1476 2061,1476 2061,1513 1999,1513"/>
                    <TextEquiv>
                        <Unicode>tas</Unicode>
                    </TextEquiv>
                    <TextStyle fontFamily="Times New Roman" fontSize="9.5"/>
                </Word>
                <Word id="w_w2aab1b5b4b3c29ac55" language="English" custom="readingOrder {index:5;}">
                    <Coords points="2090,1474 2331,1474 2331,1514 2090,1514"/>
                    <TextEquiv>
                        <Unicode>secundum</Unicode>
                    </TextEquiv>
                    <TextStyle fontFamily="Times New Roman" fontSize="9.5"/>
                </Word>
                <Word id="w_w2aab1b5b4b3c29ac73" language="English" custom="readingOrder {index:6;}">
                    <Coords points="2351,1486 2397,1486 2397,1514 2351,1514"/>
                    <TextEquiv>
                        <Unicode>se</Unicode>
                    </TextEquiv>
                    <TextStyle fontFamily="Times New Roman" fontSize="9.5"/>
                </Word>
                <TextEquiv>
                    <Unicode>malem, eadem enim enti tas secundum se</Unicode>
                </TextEquiv>
                <TextStyle fontFamily="Times New Roman" fontSize="9.5"/>
            </TextLine>
            <TextLine id="tl_64" primaryLanguage="English" custom="readingOrder {index:17;}">
                <Coords points="1388,1548 2399,1548 2399,1592 1388,1592"/>
                <Baseline points="1388,1587 1474,1587 1559,1589 1749,1587 1959,1588 2134,1589 2211,1590 2399,1591"/>
                <Word id="w_w2aab1b5b4b3c31ab1" language="English" custom="readingOrder {index:0;}">
                    <Coords points="1388,1552 1474,1552 1474,1588 1388,1588"/>
                    <TextEquiv>
                        <Unicode>tota</Unicode>
                    </TextEquiv>
                    <TextStyle fontFamily="Times New Roman" fontSize="9.5"/>
                </Word>
                <Word id="w_w2aab1b5b4b3c31ac11" language="English" custom="readingOrder {index:1;}">
                    <Coords points="1495,1553 1559,1553 1559,1589 1495,1589"/>
                    <TextEquiv>
                        <Unicode>est</Unicode>
                    </TextEquiv>
                    <TextStyle fontFamily="Times New Roman" fontSize="9.5"/>
                </Word>
                <Word id="w_w2aab1b5b4b3c31ac19" language="English" custom="readingOrder {index:2;}">
                    <Coords points="1577,1549 1749,1549 1749,1588 1577,1588"/>
                    <TextEquiv>
                        <Unicode>realiter</Unicode>
                    </TextEquiv>
                    <TextStyle fontFamily="Times New Roman" fontSize="9.5"/>
                </Word>
                <Word id="w_w2aab1b5b4b3c31ac37" language="English" custom="readingOrder {index:3;}">
                    <Coords points="1770,1551 1959,1551 1959,1588 1770,1588"/>
                    <TextEquiv>
                        <Unicode>essentia</Unicode>
                    </TextEquiv>
                    <TextStyle fontFamily="Times New Roman" fontSize="9.5"/>
                </Word>
                <Word id="w_w2aab1b5b4b3c31ac55" language="English" custom="readingOrder {index:4;}">
                    <Coords points="1993,1549 2134,1549 2134,1590 1993,1590"/>
                    <TextEquiv>
                        <Unicode>divina</Unicode>
                    </TextEquiv>
                    <TextStyle fontFamily="Times New Roman" fontSize="9.5"/>
                </Word>
                <Word id="w_w2aab1b5b4b3c31ac69" language="English" custom="readingOrder {index:5;}">
                    <Coords points="2169,1554 2211,1554 2211,1590 2169,1590"/>
                    <TextEquiv>
                        <Unicode>et</Unicode>
                    </TextEquiv>
                    <TextStyle fontFamily="Times New Roman" fontSize="9.5"/>
                </Word>
                <Word id="w_w2aab1b5b4b3c31ac75" language="English" custom="readingOrder {index:6;}">
                    <Coords points="2241,1552 2399,1552 2399,1592 2241,1592"/>
                    <TextEquiv>
                        <Unicode>eadem</Unicode>
                    </TextEquiv>
                    <TextStyle fontFamily="Times New Roman" fontSize="9.5"/>
                </Word>
                <TextEquiv>
                    <Unicode>tota est realiter essentia divina et eadem</Unicode>
                </TextEquiv>
                <TextStyle fontFamily="Times New Roman" fontSize="9.5"/>
            </TextLine>
            <TextLine id="tl_65" primaryLanguage="English" custom="readingOrder {index:18;}">
                <Coords points="1387,1623 2398,1623 2398,1676 1387,1676"/>
                <Baseline points="1387,1663 1635,1662 1738,1664 1970,1664 2274,1674 2398,1667"/>
                <Word id="w_w2aab1b5b4b3c33ab1" language="English" custom="readingOrder {index:0;}">
                    <Coords points="1387,1623 1635,1623 1635,1674 1387,1674"/>
                    <TextEquiv>
                        <Unicode>simpliciter</Unicode>
                    </TextEquiv>
                    <TextStyle fontFamily="Times New Roman" fontSize="9.5"/>
                </Word>
                <Word id="w_w2aab1b5b4b3c33ac25" language="English" custom="readingOrder {index:1;}">
                    <Coords points="1673,1629 1738,1629 1738,1664 1673,1664"/>
                    <TextEquiv>
                        <Unicode>est</Unicode>
                    </TextEquiv>
                    <TextStyle fontFamily="Times New Roman" fontSize="9.5"/>
                </Word>
                <Word id="w_w2aab1b5b4b3c33ac33" language="English" custom="readingOrder {index:2;}">
                    <Coords points="1773,1624 1970,1624 1970,1664 1773,1664"/>
                    <TextEquiv>
                        <Unicode>distincta</Unicode>
                    </TextEquiv>
                    <TextStyle fontFamily="Times New Roman" fontSize="9.5"/>
                </Word>
                <Word id="w_w2aab1b5b4b3c33ac53" language="English" custom="readingOrder {index:3;}">
                    <Coords points="2012,1624 2274,1624 2274,1674 2012,1674"/>
                    <TextEquiv>
                        <Unicode>formaliter;</Unicode>
                    </TextEquiv>
                    <TextStyle fontFamily="Times New Roman" fontSize="9.5"/>
                </Word>
                <Word id="w_w2aab1b5b4b3c33ac77" language="English" custom="readingOrder {index:4;}">
                    <Coords points="2315,1638 2398,1638 2398,1667 2315,1667"/>
                    <TextEquiv>
                        <Unicode>nec</Unicode>
                    </TextEquiv>
                    <TextStyle fontFamily="Times New Roman" fontSize="9.5"/>
                </Word>
                <TextEquiv>
                    <Unicode>simpliciter est distincta formaliter; nec</Unicode>
                </TextEquiv>
                <TextStyle fontFamily="Times New Roman" fontSize="9.5"/>
            </TextLine>
            <TextLine id="tl_66" primaryLanguage="English" custom="readingOrder {index:19;}">
                <Coords points="1388,1699 2398,1699 2398,1753 1388,1753"/>
                <Baseline points="1388,1739 1502,1738 1734,1738 1795,1739 2069,1740 2210,1742 2398,1731"/>
                <Word id="w_w2aab1b5b4b3c35ab1" language="English" custom="readingOrder {index:0;}">
                    <Coords points="1388,1700 1502,1700 1502,1739 1388,1739"/>
                    <TextEquiv>
                        <Unicode>enim</Unicode>
                    </TextEquiv>
                    <TextStyle fontFamily="Times New Roman" fontSize="9.5"/>
                </Word>
                <Word id="w_w2aab1b5b4b3c35ac11" language="English" custom="readingOrder {index:1;}">
                    <Coords points="1521,1699 1734,1699 1734,1752 1521,1752"/>
                    <TextEquiv>
                        <Unicode>imaginor</Unicode>
                    </TextEquiv>
                    <TextStyle fontFamily="Times New Roman" fontSize="9.5"/>
                </Word>
                <Word id="w_w2aab1b5b4b3c35ac29" language="English" custom="readingOrder {index:2;}">
                    <Coords points="1754,1702 1795,1702 1795,1739 1754,1739"/>
                    <TextEquiv>
                        <Unicode>in</Unicode>
                    </TextEquiv>
                    <TextStyle fontFamily="Times New Roman" fontSize="9.5"/>
                </Word>
                <Word id="w_w2aab1b5b4b3c35ac35" language="English" custom="readingOrder {index:3;}">
                    <Coords points="1816,1701 2069,1701 2069,1751 1816,1751"/>
                    <TextEquiv>
                        <Unicode>paternitate</Unicode>
                    </TextEquiv>
                    <TextStyle fontFamily="Times New Roman" fontSize="9.5"/>
                </Word>
                <Word id="w_w2aab1b5b4b3c35ac59" language="English" custom="readingOrder {index:4;}">
                    <Coords points="2104,1701 2210,1701 2210,1742 2104,1742"/>
                    <TextEquiv>
                        <Unicode>duas</Unicode>
                    </TextEquiv>
                    <TextStyle fontFamily="Times New Roman" fontSize="9.5"/>
                </Word>
                <Word id="w_w2aab1b5b4b3c35ac69" language="English" custom="readingOrder {index:5;}">
                    <Coords points="2230,1703 2398,1703 2398,1742 2230,1742"/>
                    <TextEquiv>
                        <Unicode>realita-</Unicode>
                    </TextEquiv>
                    <TextStyle fontFamily="Times New Roman" fontSize="9.5"/>
                </Word>
                <TextEquiv>
                    <Unicode>enim imaginor in paternitate duas realita-</Unicode>
                </TextEquiv>
                <TextStyle fontFamily="Times New Roman" fontSize="9.5"/>
            </TextLine>
            <TextLine id="tl_67" primaryLanguage="English" custom="readingOrder {index:20;}">
                <Coords points="1390,1774 2399,1774 2399,1828 1390,1828"/>
                <Baseline points="1390,1814 1466,1822 1534,1814 1668,1814 1930,1815 2080,1816 2264,1817 2399,1818"/>
                <Word id="w_w2aab1b5b4b3c37ab1" language="English" custom="readingOrder {index:0;}">
                    <Coords points="1390,1779 1466,1779 1466,1822 1390,1822"/>
                    <TextEquiv>
                        <Unicode>tes,</Unicode>
                    </TextEquiv>
                    <TextStyle fontFamily="Times New Roman" fontSize="9.5"/>
                </Word>
                <Word id="w_w2aab1b5b4b3c37ac11" language="English" custom="readingOrder {index:1;}">
                    <Coords points="1491,1779 1534,1779 1534,1815 1491,1815"/>
                    <TextEquiv>
                        <Unicode>et</Unicode>
                    </TextEquiv>
                    <TextStyle fontFamily="Times New Roman" fontSize="9.5"/>
                </Word>
                <Word id="w_w2aab1b5b4b3c37ac17" language="English" custom="readingOrder {index:2;}">
                    <Coords points="1549,1775 1668,1775 1668,1827 1549,1827"/>
                    <TextEquiv>
                        <Unicode>quod</Unicode>
                    </TextEquiv>
                    <TextStyle fontFamily="Times New Roman" fontSize="9.5"/>
                </Word>
                <Word id="w_w2aab1b5b4b3c37ac27" language="English" custom="readingOrder {index:3;}">
                    <Coords points="1687,1776 1930,1776 1930,1815 1687,1815"/>
                    <TextEquiv>
                        <Unicode>secundum</Unicode>
                    </TextEquiv>
                    <TextStyle fontFamily="Times New Roman" fontSize="9.5"/>
                </Word>
                <Word id="w_w2aab1b5b4b3c37ac45" language="English" custom="readingOrder {index:4;}">
                    <Coords points="1950,1787 2080,1787 2080,1816 1950,1816"/>
                    <TextEquiv>
                        <Unicode>unam</Unicode>
                    </TextEquiv>
                    <TextStyle fontFamily="Times New Roman" fontSize="9.5"/>
                </Word>
                <Word id="w_w2aab1b5b4b3c37ac55" language="English" custom="readingOrder {index:5;}">
                    <Coords points="2097,1777 2264,1777 2264,1818 2097,1818"/>
                    <TextEquiv>
                        <Unicode>dicatur</Unicode>
                    </TextEquiv>
                    <TextStyle fontFamily="Times New Roman" fontSize="9.5"/>
                </Word>
                <Word id="w_w2aab1b5b4b3c37ac71" language="English" custom="readingOrder {index:6;}">
                    <Coords points="2282,1778 2399,1778 2399,1820 2282,1820"/>
                    <TextEquiv>
                        <Unicode>idem</Unicode>
                    </TextEquiv>
                    <TextStyle fontFamily="Times New Roman" fontSize="9.5"/>
                </Word>
                <TextEquiv>
                    <Unicode>tes, et quod secundum unam dicatur idem</Unicode>
                </TextEquiv>
                <TextStyle fontFamily="Times New Roman" fontSize="9.5"/>
            </TextLine>
            <TextLine id="tl_68" primaryLanguage="English" custom="readingOrder {index:21;}">
                <Coords points="1386,1850 2398,1850 2398,1900 1386,1900"/>
                <Baseline points="1386,1890 1558,1891 1676,1890 1884,1891 2063,1900 2130,1892 2398,1894"/>
                <Word id="w_w2aab1b5b4b3c39ab1" language="English" custom="readingOrder {index:0;}">
                    <Coords points="1386,1851 1558,1851 1558,1891 1386,1891"/>
                    <TextEquiv>
                        <Unicode>realiter</Unicode>
                    </TextEquiv>
                    <TextStyle fontFamily="Times New Roman" fontSize="9.5"/>
                </Word>
                <Word id="w_w2aab1b5b4b3c39ac19" language="English" custom="readingOrder {index:1;}">
                    <Coords points="1578,1863 1676,1863 1676,1891 1578,1891"/>
                    <TextEquiv>
                        <Unicode>cum</Unicode>
                    </TextEquiv>
                    <TextStyle fontFamily="Times New Roman" fontSize="9.5"/>
                </Word>
                <Word id="w_w2aab1b5b4b3c39ac27" language="English" custom="readingOrder {index:2;}">
                    <Coords points="1697,1851 1884,1851 1884,1891 1697,1891"/>
                    <TextEquiv>
                        <Unicode>essentia</Unicode>
                    </TextEquiv>
                    <TextStyle fontFamily="Times New Roman" fontSize="9.5"/>
                </Word>
                <Word id="w_w2aab1b5b4b3c39ac45" language="English" custom="readingOrder {index:3;}">
                    <Coords points="1906,1852 2063,1852 2063,1900 1906,1900"/>
                    <TextEquiv>
                        <Unicode>divina,</Unicode>
                    </TextEquiv>
                    <TextStyle fontFamily="Times New Roman" fontSize="9.5"/>
                </Word>
                <Word id="w_w2aab1b5b4b3c39ac61" language="English" custom="readingOrder {index:4;}">
                    <Coords points="2086,1856 2130,1856 2130,1892 2086,1892"/>
                    <TextEquiv>
                        <Unicode>et</Unicode>
                    </TextEquiv>
                    <TextStyle fontFamily="Times New Roman" fontSize="9.5"/>
                </Word>
                <Word id="w_w2aab1b5b4b3c39ac67" language="English" custom="readingOrder {index:5;}">
                    <Coords points="2156,1854 2398,1854 2398,1894 2156,1894"/>
                    <TextEquiv>
                        <Unicode>secundum</Unicode>
                    </TextEquiv>
                    <TextStyle fontFamily="Times New Roman" fontSize="9.5"/>
                </Word>
                <TextEquiv>
                    <Unicode>realiter cum essentia divina, et secundum</Unicode>
                </TextEquiv>
                <TextStyle fontFamily="Times New Roman" fontSize="9.5"/>
            </TextLine>
            <TextLine id="tl_69" primaryLanguage="English" custom="readingOrder {index:22;}">
                <Coords points="1386,1926 2397,1926 2397,1980 1386,1980"/>
                <Baseline points="1387,1967 1511,1966 1828,1966 2086,1968 2166,1969 2397,1970"/>
                <Word id="w_w2aab1b5b4b3c41ab1" language="English" custom="readingOrder {index:0;}">
                    <Coords points="1387,1929 1511,1929 1511,1967 1387,1967"/>
                    <TextEquiv>
                        <Unicode>aliam</Unicode>
                    </TextEquiv>
                    <TextStyle fontFamily="Times New Roman" fontSize="9.5"/>
                </Word>
                <Word id="w_w2aab1b5b4b3c41ac13" language="English" custom="readingOrder {index:1;}">
                    <Coords points="1545,1927 1828,1927 1828,1979 1545,1979"/>
                    <TextEquiv>
                        <Unicode>distinguatur</Unicode>
                    </TextEquiv>
                    <TextStyle fontFamily="Times New Roman" fontSize="9.5"/>
                </Word>
                <Word id="w_w2aab1b5b4b3c41ac39" language="English" custom="readingOrder {index:2;}">
                    <Coords points="1850,1927 2086,1927 2086,1969 1850,1969"/>
                    <TextEquiv>
                        <Unicode>formaliter</Unicode>
                    </TextEquiv>
                    <TextStyle fontFamily="Times New Roman" fontSize="9.5"/>
                </Word>
                <Word id="w_w2aab1b5b4b3c41ac61" language="English" custom="readingOrder {index:3;}">
                    <Coords points="2115,1931 2166,1931 2166,1969 2115,1969"/>
                    <TextEquiv>
                        <Unicode>ab</Unicode>
                    </TextEquiv>
                    <TextStyle fontFamily="Times New Roman" fontSize="9.5"/>
                </Word>
                <Word id="w_w2aab1b5b4b3c41ac67" language="English" custom="readingOrder {index:4;}">
                    <Coords points="2208,1932 2397,1932 2397,1970 2208,1970"/>
                    <TextEquiv>
                        <Unicode>essentia</Unicode>
                    </TextEquiv>
                    <TextStyle fontFamily="Times New Roman" fontSize="9.5"/>
                </Word>
                <TextEquiv>
                    <Unicode>aliam distinguatur formaliter ab essentia</Unicode>
                </TextEquiv>
                <TextStyle fontFamily="Times New Roman" fontSize="9.5"/>
            </TextLine>
            <TextLine id="tl_70" primaryLanguage="English" custom="readingOrder {index:23;}">
                <Coords points="1387,2004 2388,2004 2388,2058 1387,2058"/>
                <Baseline points="1387,2044 1540,2052 1641,2045 1748,2044 1861,2044 2038,2045 2388,2055"/>
                <Word id="w_w2aab1b5b4b3c43ab1" language="English" custom="readingOrder {index:0;}">
                    <Coords points="1387,2005 1540,2005 1540,2052 1387,2052"/>
                    <TextEquiv>
                        <Unicode>divina,</Unicode>
                    </TextEquiv>
                    <TextStyle fontFamily="Times New Roman" fontSize="9.5"/>
                </Word>
                <Word id="w_w2aab1b5b4b3c43ac17" language="English" custom="readingOrder {index:1;}">
                    <Coords points="1561,2005 1641,2005 1641,2045 1561,2045"/>
                    <TextEquiv>
                        <Unicode>sed</Unicode>
                    </TextEquiv>
                    <TextStyle fontFamily="Times New Roman" fontSize="9.5"/>
                </Word>
                <Word id="w_w2aab1b5b4b3c43ac25" language="English" custom="readingOrder {index:2;}">
                    <Coords points="1683,2008 1748,2008 1748,2044 1683,2044"/>
                    <TextEquiv>
                        <Unicode>est</Unicode>
                    </TextEquiv>
                    <TextStyle fontFamily="Times New Roman" fontSize="9.5"/>
                </Word>
                <Word id="w_w2aab1b5b4b3c43ac33" language="English" custom="readingOrder {index:3;}">
                    <Coords points="1776,2016 1861,2016 1861,2044 1776,2044"/>
                    <TextEquiv>
                        <Unicode>una</Unicode>
                    </TextEquiv>
                    <TextStyle fontFamily="Times New Roman" fontSize="9.5"/>
                </Word>
                <Word id="w_w2aab1b5b4b3c43ac41" language="English" custom="readingOrder {index:4;}">
                    <Coords points="1883,2006 2038,2006 2038,2045 1883,2045"/>
                    <TextEquiv>
                        <Unicode>entitas</Unicode>
                    </TextEquiv>
                    <TextStyle fontFamily="Times New Roman" fontSize="9.5"/>
                </Word>
                <Word id="w_w2aab1b5b4b3c43ac57" language="English" custom="readingOrder {index:5;}">
                    <Coords points="2059,2007 2388,2007 2388,2058 2059,2058"/>
                    <TextEquiv>
                        <Unicode>simplicissima,</Unicode>
                    </TextEquiv>
                    <TextStyle fontFamily="Times New Roman" fontSize="9.5"/>
                </Word>
                <TextEquiv>
                    <Unicode>divina, sed est una entitas simplicissima,</Unicode>
                </TextEquiv>
                <TextStyle fontFamily="Times New Roman" fontSize="9.5"/>
            </TextLine>
            <TextLine id="tl_71" primaryLanguage="English" custom="readingOrder {index:24;}">
                <Coords points="1385,2081 2394,2081 2394,2133 1385,2133"/>
                <Baseline points="1385,2131 1499,2128 1585,2121 1888,2119 1972,2121 2247,2123 2394,2111"/>
                <Word id="w_w2aab1b5b4b3c45ab1" language="English" custom="readingOrder {index:0;}">
                    <Coords points="1385,2091 1499,2091 1499,2131 1385,2131"/>
                    <TextEquiv>
                        <Unicode>quae,</Unicode>
                    </TextEquiv>
                    <TextStyle fontFamily="Times New Roman" fontSize="9.5"/>
                </Word>
                <Word id="w_w2aab1b5b4b3c45ac13" language="English" custom="readingOrder {index:1;}">
                    <Coords points="1538,2086 1585,2086 1585,2121 1538,2121"/>
                    <TextEquiv>
                        <Unicode>ut</Unicode>
                    </TextEquiv>
                    <TextStyle fontFamily="Times New Roman" fontSize="9.5"/>
                </Word>
                <Word id="w_w2aab1b5b4b3c45ac19" language="English" custom="readingOrder {index:2;}">
                    <Coords points="1617,2084 1888,2084 1888,2131 1617,2131"/>
                    <TextEquiv>
                        <Unicode>comparatur</Unicode>
                    </TextEquiv>
                    <TextStyle fontFamily="Times New Roman" fontSize="9.5"/>
                </Word>
                <Word id="w_w2aab1b5b4b3c45ac41" language="English" custom="readingOrder {index:3;}">
                    <Coords points="1918,2082 1972,2082 1972,2121 1918,2121"/>
                    <TextEquiv>
                        <Unicode>ad</Unicode>
                    </TextEquiv>
                    <TextStyle fontFamily="Times New Roman" fontSize="9.5"/>
                </Word>
                <Word id="w_w2aab1b5b4b3c45ac47" language="English" custom="readingOrder {index:4;}">
                    <Coords points="2012,2085 2247,2085 2247,2123 2012,2123"/>
                    <TextEquiv>
                        <Unicode>essentiam</Unicode>
                    </TextEquiv>
                    <TextStyle fontFamily="Times New Roman" fontSize="9.5"/>
                </Word>
                <Word id="w_w2aab1b5b4b3c45ac67" language="English" custom="readingOrder {index:5;}">
                    <Coords points="2291,2084 2394,2084 2394,2123 2291,2123"/>
                    <TextEquiv>
                        <Unicode>divi¬</Unicode>
                    </TextEquiv>
                    <TextStyle fontFamily="Times New Roman" fontSize="9.5"/>
                </Word>
                <TextEquiv>
                    <Unicode>quae, ut comparatur ad essentiam divi¬</Unicode>
                </TextEquiv>
                <TextStyle fontFamily="Times New Roman" fontSize="9.5"/>
            </TextLine>
            <TextLine id="tl_72" primaryLanguage="English" custom="readingOrder {index:25;}">
                <Coords points="1384,2155 2392,2155 2392,2204 1384,2204"/>
                <Baseline points="1384,2196 1499,2202 1679,2195 1876,2196 1957,2196 2172,2198 2392,2199"/>
                <Word id="w_w2aab1b5b4b3c47ab1" language="English" custom="readingOrder {index:0;}">
                    <Coords points="1384,2168 1499,2168 1499,2202 1384,2202"/>
                    <TextEquiv>
                        <Unicode>nam,</Unicode>
                    </TextEquiv>
                    <TextStyle fontFamily="Times New Roman" fontSize="9.5"/>
                </Word>
                <Word id="w_w2aab1b5b4b3c47ac11" language="English" custom="readingOrder {index:1;}">
                    <Coords points="1526,2156 1679,2156 1679,2197 1526,2197"/>
                    <TextEquiv>
                        <Unicode>dicitur</Unicode>
                    </TextEquiv>
                    <TextStyle fontFamily="Times New Roman" fontSize="9.5"/>
                </Word>
                <Word id="w_w2aab1b5b4b3c47ac27" language="English" custom="readingOrder {index:2;}">
                    <Coords points="1705,2157 1876,2157 1876,2196 1705,2196"/>
                    <TextEquiv>
                        <Unicode>realiter</Unicode>
                    </TextEquiv>
                    <TextStyle fontFamily="Times New Roman" fontSize="9.5"/>
                </Word>
                <Word id="w_w2aab1b5b4b3c47ac45" language="English" custom="readingOrder {index:3;}">
                    <Coords points="1915,2160 1957,2160 1957,2196 1915,2196"/>
                    <TextEquiv>
                        <Unicode>et</Unicode>
                    </TextEquiv>
                    <TextStyle fontFamily="Times New Roman" fontSize="9.5"/>
                </Word>
                <Word id="w_w2aab1b5b4b3c47ac51" language="English" custom="readingOrder {index:4;}">
                    <Coords points="1983,2156 2172,2156 2172,2198 1983,2198"/>
                    <TextEquiv>
                        <Unicode>identice</Unicode>
                    </TextEquiv>
                    <TextStyle fontFamily="Times New Roman" fontSize="9.5"/>
                </Word>
                <Word id="w_w2aab1b5b4b3c47ac69" language="English" custom="readingOrder {index:5;}">
                    <Coords points="2203,2160 2392,2160 2392,2199 2203,2199"/>
                    <TextEquiv>
                        <Unicode>essentia</Unicode>
                    </TextEquiv>
                    <TextStyle fontFamily="Times New Roman" fontSize="9.5"/>
                </Word>
                <TextEquiv>
                    <Unicode>nam, dicitur realiter et identice essentia</Unicode>
                </TextEquiv>
                <TextStyle fontFamily="Times New Roman" fontSize="9.5"/>
            </TextLine>
            <TextLine id="tl_73" primaryLanguage="English" custom="readingOrder {index:26;}">
                <Coords points="1386,2231 2395,2231 2395,2283 1386,2283"/>
                <Baseline points="1386,2273 1538,2281 1649,2272 1830,2272 2014,2271 2286,2274 2395,2264"/>
                <Word id="w_w2aab1b5b4b3c49ab1" language="English" custom="readingOrder {index:0;}">
                    <Coords points="1386,2233 1538,2233 1538,2281 1386,2281"/>
                    <TextEquiv>
                        <Unicode>divina,</Unicode>
                    </TextEquiv>
                    <TextStyle fontFamily="Times New Roman" fontSize="9.5"/>
                </Word>
                <Word id="w_w2aab1b5b4b3c49ac17" language="English" custom="readingOrder {index:1;}">
                    <Coords points="1561,2244 1649,2244 1649,2272 1561,2272"/>
                    <TextEquiv>
                        <Unicode>non</Unicode>
                    </TextEquiv>
                    <TextStyle fontFamily="Times New Roman" fontSize="9.5"/>
                </Word>
                <Word id="w_w2aab1b5b4b3c49ac25" language="English" custom="readingOrder {index:2;}">
                    <Coords points="1684,2237 1830,2237 1830,2272 1684,2272"/>
                    <TextEquiv>
                        <Unicode>tamen</Unicode>
                    </TextEquiv>
                    <TextStyle fontFamily="Times New Roman" fontSize="9.5"/>
                </Word>
                <Word id="w_w2aab1b5b4b3c49ac37" language="English" custom="readingOrder {index:3;}">
                    <Coords points="1861,2232 2014,2232 2014,2272 1861,2272"/>
                    <TextEquiv>
                        <Unicode>dicitur</Unicode>
                    </TextEquiv>
                    <TextStyle fontFamily="Times New Roman" fontSize="9.5"/>
                </Word>
                <Word id="w_w2aab1b5b4b3c49ac53" language="English" custom="readingOrder {index:4;}">
                    <Coords points="2050,2233 2286,2233 2286,2274 2050,2274"/>
                    <TextEquiv>
                        <Unicode>formaliter</Unicode>
                    </TextEquiv>
                    <TextStyle fontFamily="Times New Roman" fontSize="9.5"/>
                </Word>
                <Word id="w_w2aab1b5b4b3c49ac75" language="English" custom="readingOrder {index:5;}">
                    <Coords points="2325,2246 2395,2246 2395,2274 2325,2274"/>
                    <TextEquiv>
                        <Unicode>es¬</Unicode>
                    </TextEquiv>
                    <TextStyle fontFamily="Times New Roman" fontSize="9.5"/>
                </Word>
                <TextEquiv>
                    <Unicode>divina, non tamen dicitur formaliter es¬</Unicode>
                </TextEquiv>
                <TextStyle fontFamily="Times New Roman" fontSize="9.5"/>
            </TextLine>
            <TextLine id="tl_74" primaryLanguage="English" custom="readingOrder {index:27;}">
                <Coords points="1383,2307 2396,2307 2396,2360 1383,2360"/>
                <Baseline points="1383,2348 1521,2347 1717,2347 1806,2347 1960,2348 2209,2350 2396,2351"/>
                <Word id="w_w2aab1b5b4b3c51ab1" language="English" custom="readingOrder {index:0;}">
                    <Coords points="1383,2309 1521,2309 1521,2349 1383,2349"/>
                    <TextEquiv>
                        <Unicode>sentia</Unicode>
                    </TextEquiv>
                    <TextStyle fontFamily="Times New Roman" fontSize="9.5"/>
                </Word>
                <Word id="w_w2aab1b5b4b3c51ac15" language="English" custom="readingOrder {index:1;}">
                    <Coords points="1562,2309 1717,2309 1717,2348 1562,2348"/>
                    <TextEquiv>
                        <Unicode>divina.</Unicode>
                    </TextEquiv>
                    <TextStyle fontFamily="Times New Roman" fontSize="9.5"/>
                </Word>
                <Word id="w_w2aab1b5b4b3c51ac31" language="English" custom="readingOrder {index:2;}">
                    <Coords points="1756,2310 1806,2310 1806,2348 1756,2348"/>
                    <TextEquiv>
                        <Unicode>Et</Unicode>
                    </TextEquiv>
                    <TextStyle fontFamily="Times New Roman" fontSize="9.5"/>
                </Word>
                <Word id="w_w2aab1b5b4b3c51ac37" language="English" custom="readingOrder {index:3;}">
                    <Coords points="1843,2312 1960,2312 1960,2359 1843,2359"/>
                    <TextEquiv>
                        <Unicode>patet</Unicode>
                    </TextEquiv>
                    <TextStyle fontFamily="Times New Roman" fontSize="9.5"/>
                </Word>
                <Word id="w_w2aab1b5b4b3c51ac49" language="English" custom="readingOrder {index:4;}">
                    <Coords points="1991,2310 2209,2310 2209,2359 1991,2359"/>
                    <TextEquiv>
                        <Unicode>quomodo</Unicode>
                    </TextEquiv>
                    <TextStyle fontFamily="Times New Roman" fontSize="9.5"/>
                </Word>
                <Word id="w_w2aab1b5b4b3c51ac65" language="English" custom="readingOrder {index:5;}">
                    <Coords points="2243,2309 2396,2309 2396,2351 2243,2351"/>
                    <TextEquiv>
                        <Unicode>falsum</Unicode>
                    </TextEquiv>
                    <TextStyle fontFamily="Times New Roman" fontSize="9.5"/>
                </Word>
                <TextEquiv>
                    <Unicode>sentia divina. Et patet quomodo falsum</Unicode>
                </TextEquiv>
                <TextStyle fontFamily="Times New Roman" fontSize="9.5"/>
            </TextLine>
            <TextLine id="tl_75" primaryLanguage="English" custom="readingOrder {index:28;}">
                <Coords points="1385,2384 2396,2384 2396,2437 1385,2437"/>
                <Baseline points="1385,2425 1452,2424 1588,2425 1801,2432 1988,2425 2129,2426 2396,2426"/>
                <Word id="w_w2aab1b5b4b3c53ab1" language="English" custom="readingOrder {index:0;}">
                    <Coords points="1385,2391 1452,2391 1452,2425 1385,2425"/>
                    <TextEquiv>
                        <Unicode>est</Unicode>
                    </TextEquiv>
                    <TextStyle fontFamily="Times New Roman" fontSize="9.5"/>
                </Word>
                <Word id="w_w2aab1b5b4b3c53ab9" language="English" custom="readingOrder {index:1;}">
                    <Coords points="1473,2385 1588,2385 1588,2435 1473,2435"/>
                    <TextEquiv>
                        <Unicode>quod</Unicode>
                    </TextEquiv>
                    <TextStyle fontFamily="Times New Roman" fontSize="9.5"/>
                </Word>
                <Word id="w_w2aab1b5b4b3c53ac19" language="English" custom="readingOrder {index:2;}">
                    <Coords points="1610,2387 1801,2387 1801,2432 1610,2432"/>
                    <TextEquiv>
                        <Unicode>assumit,</Unicode>
                    </TextEquiv>
                    <TextStyle fontFamily="Times New Roman" fontSize="9.5"/>
                </Word>
                <Word id="w_w2aab1b5b4b3c53ac37" language="English" custom="readingOrder {index:3;}">
                    <Coords points="1824,2386 1988,2386 1988,2425 1824,2425"/>
                    <TextEquiv>
                        <Unicode>scilicet</Unicode>
                    </TextEquiv>
                    <TextStyle fontFamily="Times New Roman" fontSize="9.5"/>
                </Word>
                <Word id="w_w2aab1b5b4b3c53ac55" language="English" custom="readingOrder {index:4;}">
                    <Coords points="2009,2386 2129,2386 2129,2436 2009,2436"/>
                    <TextEquiv>
                        <Unicode>quod</Unicode>
                    </TextEquiv>
                    <TextStyle fontFamily="Times New Roman" fontSize="9.5"/>
                </Word>
                <Word id="w_w2aab1b5b4b3c53ac65" language="English" custom="readingOrder {index:5;}">
                    <Coords points="2156,2387 2396,2387 2396,2437 2156,2437"/>
                    <TextEquiv>
                        <Unicode>proprietas</Unicode>
                    </TextEquiv>
                    <TextStyle fontFamily="Times New Roman" fontSize="9.5"/>
                </Word>
                <TextEquiv>
                    <Unicode>est quod assumit, scilicet quod proprietas</Unicode>
                </TextEquiv>
                <TextStyle fontFamily="Times New Roman" fontSize="9.5"/>
            </TextLine>
            <TextLine id="tl_76" primaryLanguage="English" custom="readingOrder {index:29;}">
                <Coords points="1382,2461 2393,2461 2393,2514 1382,2514"/>
                <Baseline points="1382,2500 1524,2499 1619,2501 1929,2501 2001,2501 2213,2503 2393,2507"/>
                <Word id="w_w2aab1b5b4b3c55ab1" language="English" custom="readingOrder {index:0;}">
                    <Coords points="1382,2463 1524,2463 1524,2512 1382,2512"/>
                    <TextEquiv>
                        <Unicode>aliquo</Unicode>
                    </TextEquiv>
                    <TextStyle fontFamily="Times New Roman" fontSize="9.5"/>
                </Word>
                <Word id="w_w2aab1b5b4b3c55ac15" language="English" custom="readingOrder {index:1;}">
                    <Coords points="1554,2463 1619,2463 1619,2501 1554,2501"/>
                    <TextEquiv>
                        <Unicode>sui</Unicode>
                    </TextEquiv>
                    <TextStyle fontFamily="Times New Roman" fontSize="9.5"/>
                </Word>
                <Word id="w_w2aab1b5b4b3c55ac23" language="English" custom="readingOrder {index:2;}">
                    <Coords points="1641,2462 1929,2462 1929,2513 1641,2513"/>
                    <TextEquiv>
                        <Unicode>distinguatur</Unicode>
                    </TextEquiv>
                    <TextStyle fontFamily="Times New Roman" fontSize="9.5"/>
                </Word>
                <Word id="w_w2aab1b5b4b3c55ac49" language="English" custom="readingOrder {index:3;}">
                    <Coords points="1949,2462 2001,2462 2001,2501 1949,2501"/>
                    <TextEquiv>
                        <Unicode>ab</Unicode>
                    </TextEquiv>
                    <TextStyle fontFamily="Times New Roman" fontSize="9.5"/>
                </Word>
                <Word id="w_w2aab1b5b4b3c55ac55" language="English" custom="readingOrder {index:4;}">
                    <Coords points="2026,2465 2213,2465 2213,2503 2026,2503"/>
                    <TextEquiv>
                        <Unicode>essentia</Unicode>
                    </TextEquiv>
                    <TextStyle fontFamily="Times New Roman" fontSize="9.5"/>
                </Word>
                <Word id="w_w2aab1b5b4b3c55ac73" language="English" custom="readingOrder {index:5;}">
                    <Coords points="2235,2463 2393,2463 2393,2507 2235,2507"/>
                    <TextEquiv>
                        <Unicode>divina,</Unicode>
                    </TextEquiv>
                    <TextStyle fontFamily="Times New Roman" fontSize="9.5"/>
                </Word>
                <TextEquiv>
                    <Unicode>aliquo sui distinguatur ab essentia divina,</Unicode>
                </TextEquiv>
                <TextStyle fontFamily="Times New Roman" fontSize="9.5"/>
            </TextLine>
            <TextLine id="tl_77" primaryLanguage="English" custom="readingOrder {index:30;}">
                <Coords points="1384,2537 2396,2537 2396,2589 1384,2589"/>
                <Baseline points="1384,2577 1427,2576 1597,2578 1700,2576 1958,2577 2084,2577 2324,2586 2396,2580"/>
                <Word id="w_w2aab1b5b4b3c57ab1" language="English" custom="readingOrder {index:0;}">
                    <Coords points="1384,2541 1427,2541 1427,2577 1384,2577"/>
                    <TextEquiv>
                        <Unicode>et</Unicode>
                    </TextEquiv>
                    <TextStyle fontFamily="Times New Roman" fontSize="9.5"/>
                </Word>
                <Word id="w_w2aab1b5b4b3c57ab7" language="English" custom="readingOrder {index:1;}">
                    <Coords points="1455,2538 1597,2538 1597,2587 1455,2587"/>
                    <TextEquiv>
                        <Unicode>aliquo</Unicode>
                    </TextEquiv>
                    <TextStyle fontFamily="Times New Roman" fontSize="9.5"/>
                </Word>
                <Word id="w_w2aab1b5b4b3c57ac21" language="English" custom="readingOrder {index:2;}">
                    <Coords points="1634,2538 1700,2538 1700,2576 1634,2576"/>
                    <TextEquiv>
                        <Unicode>sui</Unicode>
                    </TextEquiv>
                    <TextStyle fontFamily="Times New Roman" fontSize="9.5"/>
                </Word>
                <Word id="w_w2aab1b5b4b3c57ac29" language="English" custom="readingOrder {index:3;}">
                    <Coords points="1729,2538 1958,2538 1958,2577 1729,2577"/>
                    <TextEquiv>
                        <Unicode>conveniat</Unicode>
                    </TextEquiv>
                    <TextStyle fontFamily="Times New Roman" fontSize="9.5"/>
                </Word>
                <Word id="w_w2aab1b5b4b3c57ac49" language="English" custom="readingOrder {index:4;}">
                    <Coords points="1987,2549 2084,2549 2084,2578 1987,2578"/>
                    <TextEquiv>
                        <Unicode>cum</Unicode>
                    </TextEquiv>
                    <TextStyle fontFamily="Times New Roman" fontSize="9.5"/>
                </Word>
                <Word id="w_w2aab1b5b4b3c57ac57" language="English" custom="readingOrder {index:5;}">
                    <Coords points="2123,2539 2324,2539 2324,2586 2123,2586"/>
                    <TextEquiv>
                        <Unicode>essentia,</Unicode>
                    </TextEquiv>
                    <TextStyle fontFamily="Times New Roman" fontSize="9.5"/>
                </Word>
                <Word id="w_w2aab1b5b4b3c57ac77" language="English" custom="readingOrder {index:6;}">
                    <Coords points="2353,2548 2396,2548 2396,2580 2353,2580"/>
                    <TextEquiv>
                        <Unicode>e;</Unicode>
                    </TextEquiv>
                    <TextStyle fontFamily="Times New Roman" fontSize="9.5"/>
                </Word>
                <TextEquiv>
                    <Unicode>et aliquo sui conveniat cum essentia, e;</Unicode>
                </TextEquiv>
                <TextStyle fontFamily="Times New Roman" fontSize="9.5"/>
            </TextLine>
            <TextLine id="tl_78" primaryLanguage="English" custom="readingOrder {index:31;}">
                <Coords points="1382,2610 2391,2610 2391,2664 1382,2664"/>
                <Baseline points="1382,2652 1442,2652 1558,2651 1760,2650 2046,2652 2128,2653 2391,2653"/>
                <Word id="w_w2aab1b5b4b3c59ab1" language="English" custom="readingOrder {index:0;}">
                    <Coords points="1382,2612 1442,2612 1442,2652 1382,2652"/>
                    <TextEquiv>
                        <Unicode>sic</Unicode>
                    </TextEquiv>
                    <TextStyle fontFamily="Times New Roman" fontSize="9.5"/>
                </Word>
                <Word id="w_w2aab1b5b4b3c59ab9" language="English" custom="readingOrder {index:1;}">
                    <Coords points="1470,2622 1558,2622 1558,2651 1470,2651"/>
                    <TextEquiv>
                        <Unicode>non</Unicode>
                    </TextEquiv>
                    <TextStyle fontFamily="Times New Roman" fontSize="9.5"/>
                </Word>
                <Word id="w_w2aab1b5b4b3c59ac17" language="English" custom="readingOrder {index:2;}">
                    <Coords points="1588,2615 1760,2615 1760,2662 1588,2662"/>
                    <TextEquiv>
                        <Unicode>oportet</Unicode>
                    </TextEquiv>
                    <TextStyle fontFamily="Times New Roman" fontSize="9.5"/>
                </Word>
                <Word id="w_w2aab1b5b4b3c59ac33" language="English" custom="readingOrder {index:3;}">
                    <Coords points="1807,2612 2046,2612 2046,2663 1807,2663"/>
                    <TextEquiv>
                        <Unicode>procedere</Unicode>
                    </TextEquiv>
                    <TextStyle fontFamily="Times New Roman" fontSize="9.5"/>
                </Word>
                <Word id="w_w2aab1b5b4b3c59ac53" language="English" custom="readingOrder {index:4;}">
                    <Coords points="2086,2614 2128,2614 2128,2653 2086,2653"/>
                    <TextEquiv>
                        <Unicode>in</Unicode>
                    </TextEquiv>
                    <TextStyle fontFamily="Times New Roman" fontSize="9.5"/>
                </Word>
                <Word id="w_w2aab1b5b4b3c59ac59" language="English" custom="readingOrder {index:5;}">
                    <Coords points="2166,2612 2391,2612 2391,2654 2166,2654"/>
                    <TextEquiv>
                        <Unicode>infinitum.</Unicode>
                    </TextEquiv>
                    <TextStyle fontFamily="Times New Roman" fontSize="9.5"/>
                </Word>
                <TextEquiv>
                    <Unicode>sic non oportet procedere in infinitum.</Unicode>
                </TextEquiv>
                <TextStyle fontFamily="Times New Roman" fontSize="9.5"/>
            </TextLine>
            <TextLine id="tl_79" primaryLanguage="English" custom="readingOrder {index:32;}">
                <Coords points="1380,2687 2373,2687 2373,2739 1380,2739"/>
                <Baseline points="1380,2727 1430,2726 1525,2726 1689,2728 1946,2728 2035,2729 2257,2729 2373,2729"/>
                <Word id="w_w2aab1b5b4b5b1ab1" language="English" custom="readingOrder {index:0;}">
                    <Coords points="1380,2689 1430,2689 1430,2727 1380,2727"/>
                    <TextEquiv>
                        <Unicode>Et</Unicode>
                    </TextEquiv>
                    <TextStyle fontFamily="Times New Roman" fontSize="9.5"/>
                </Word>
                <Word id="w_w2aab1b5b4b5b1ab7" language="English" custom="readingOrder {index:1;}">
                    <Coords points="1463,2688 1525,2688 1525,2726 1463,2726"/>
                    <TextEquiv>
                        <Unicode>sic</Unicode>
                    </TextEquiv>
                    <TextStyle fontFamily="Times New Roman" fontSize="9.5"/>
                </Word>
                <Word id="w_w2aab1b5b4b5b1ac15" language="English" custom="readingOrder {index:2;}">
                    <Coords points="1569,2692 1689,2692 1689,2738 1569,2738"/>
                    <TextEquiv>
                        <Unicode>patet</Unicode>
                    </TextEquiv>
                    <TextStyle fontFamily="Times New Roman" fontSize="9.5"/>
                </Word>
                <Word id="w_w2aab1b5b4b5b1ac27" language="English" custom="readingOrder {index:3;}">
                    <Coords points="1720,2688 1946,2688 1946,2738 1720,2738"/>
                    <TextEquiv>
                        <Unicode>responsio</Unicode>
                    </TextEquiv>
                    <TextStyle fontFamily="Times New Roman" fontSize="9.5"/>
                </Word>
                <Word id="w_w2aab1b5b4b5b1ac47" language="English" custom="readingOrder {index:4;}">
                    <Coords points="1980,2688 2035,2688 2035,2729 1980,2729"/>
                    <TextEquiv>
                        <Unicode>ad</Unicode>
                    </TextEquiv>
                    <TextStyle fontFamily="Times New Roman" fontSize="9.5"/>
                </Word>
                <Word id="w_w2aab1b5b4b5b1ac53" language="English" custom="readingOrder {index:5;}">
                    <Coords points="2068,2690 2257,2690 2257,2730 2068,2730"/>
                    <TextEquiv>
                        <Unicode>rationes</Unicode>
                    </TextEquiv>
                    <TextStyle fontFamily="Times New Roman" fontSize="9.5"/>
                </Word>
                <Word id="w_w2aab1b5b4b5b1ac71" language="English" custom="readingOrder {index:6;}">
                    <Coords points="2293,2691 2373,2691 2373,2730 2293,2730"/>
                    <TextEquiv>
                        <Unicode>Gre</Unicode>
                    </TextEquiv>
                    <TextStyle fontFamily="Times New Roman" fontSize="9.5"/>
                </Word>
                <TextEquiv>
                    <Unicode>Et sic patet responsio ad rationes Gre</Unicode>
                </TextEquiv>
                <TextStyle fontFamily="Times New Roman" fontSize="9.5"/>
            </TextLine>
            <TextLine id="tl_80" primaryLanguage="English" custom="readingOrder {index:33;}">
                <Coords points="1381,2763 1504,2763 1504,2814 1381,2814"/>
                <Baseline points="1381,2814 1504,2802"/>
                <Word id="w_w2aab1b5b4b5b3ab1" language="English" custom="readingOrder {index:0;}">
                    <Coords points="1381,2763 1504,2763 1504,2814 1381,2814"/>
                    <TextEquiv>
                        <Unicode>gorii.</Unicode>
                    </TextEquiv>
                    <TextStyle fontFamily="Times New Roman" fontSize="9.5"/>
                </Word>
                <TextEquiv>
                    <Unicode>gorii.</Unicode>
                </TextEquiv>
                <TextStyle fontFamily="Times New Roman" fontSize="9.5"/>
            </TextLine>
            <TextLine id="line_1616373707221_6433" primaryLanguage="English" custom="readingOrder {index:34;}">
                <Coords points="1433,2839 2417,2839 2417,2900 1433,2900"/>
                <Baseline points="1433,2878 1552,2878 1742,2880 2054,2883 2158,2882 2224,2883 2417,2886"/>
                <Word id="w_w2aab1b5b4b7b1ab1" language="English" custom="readingOrder {index:0;}">
                    <Coords points="1433,2839 1552,2839 1552,2878 1433,2878"/>
                    <TextEquiv>
                        <Unicode>Nunc</Unicode>
                    </TextEquiv>
                    <TextStyle fontFamily="Times New Roman" fontSize="9.5"/>
                </Word>
                <Word id="w_w2aab1b5b4b7b1ac11" language="English" custom="readingOrder {index:1;}">
                    <Coords points="1608,2843 1742,2843 1742,2880 1608,2880"/>
                    <TextEquiv>
                        <Unicode>restat</Unicode>
                    </TextEquiv>
                    <TextStyle fontFamily="Times New Roman" fontSize="9.5"/>
                </Word>
                <Word id="w_w2aab1b5b4b7b1ac25" language="English" custom="readingOrder {index:2;}">
                    <Coords points="1787,2841 2054,2841 2054,2891 1787,2891"/>
                    <TextEquiv>
                        <Unicode>respondere</Unicode>
                    </TextEquiv>
                    <TextStyle fontFamily="Times New Roman" fontSize="9.5"/>
                </Word>
                <Word id="w_w2aab1b5b4b7b1ac47" language="English" custom="readingOrder {index:3;}">
                    <Coords points="2103,2842 2158,2842 2158,2882 2103,2882"/>
                    <TextEquiv>
                        <Unicode>ad</Unicode>
                    </TextEquiv>
                    <TextStyle fontFamily="Times New Roman" fontSize="9.5"/>
                </Word>
                <Word id="w_w2aab1b5b4b7b1ac53" language="English" custom="readingOrder {index:4;}">
                    <Coords points="2202,2844 2390,2844 2390,2891 2202,2891"/>
                    <TextEquiv>
                        <Unicode>rationes</Unicode>
                    </TextEquiv>
                    <TextStyle fontFamily="Times New Roman" fontSize="9.5"/>
                </Word>
                <TextEquiv>
                    <Unicode>Nunc restat respondere ad rationes Greg. de</Unicode>
                </TextEquiv>
            </TextLine>
            <TextLine id="line_1616373707224_6435" primaryLanguage="English" custom="readingOrder {index:35;}">
                <Coords points="1380,2914 2417,2914 2417,2986 1380,2986"/>
                <Baseline points="1380,2953 1592,2954 1820,2956 1924,2957 2135,2957 2259,2956 2323,2958 2417,2968"/>
                <Word id="word_1616373707224_6437" language="English" custom="readingOrder {index:0;}">
                    <Coords points="2410,2949 2417,2949 2417,2971 2410,2971"/>
                    <TextEquiv>
                        <Unicode>reS</Unicode>
                    </TextEquiv>
                    <TextStyle fontFamily="Times New Roman" fontSize="9.5" subscript="true"/>
                </Word>
                <Word id="w_w2aab1b5b4b7b3ab1" language="English" custom="readingOrder {index:1;}">
                    <Coords points="1380,2914 1592,2914 1592,2964 1380,2964"/>
                    <TextEquiv>
                        <Unicode>opinionis</Unicode>
                    </TextEquiv>
                    <TextStyle fontFamily="Times New Roman" fontSize="9.5"/>
                </Word>
                <Word id="w_w2aab1b5b4b7b3ac21" language="English" custom="readingOrder {index:2;}">
                    <Coords points="1621,2918 1820,2918 1820,2956 1621,2956"/>
                    <TextEquiv>
                        <Unicode>recitatae.</Unicode>
                    </TextEquiv>
                    <TextStyle fontFamily="Times New Roman" fontSize="9.5"/>
                </Word>
                <Word id="w_w2aab1b5b4b7b3ac43" language="English" custom="readingOrder {index:3;}">
                    <Coords points="1859,2917 1924,2917 1924,2957 1859,2957"/>
                    <TextEquiv>
                        <Unicode>Ad</Unicode>
                    </TextEquiv>
                    <TextStyle fontFamily="Times New Roman" fontSize="9.5"/>
                </Word>
                <Word id="w_w2aab1b5b4b7b3ac49" language="English" custom="readingOrder {index:4;}">
                    <Coords points="1954,2919 2135,2919 2135,2967 1954,2967"/>
                    <TextEquiv>
                        <Unicode>primam</Unicode>
                    </TextEquiv>
                    <TextStyle fontFamily="Times New Roman" fontSize="9.5"/>
                </Word>
                <Word id="w_w2aab1b5b4b7b3ac63" language="English" custom="readingOrder {index:5;}">
                    <Coords points="2165,2930 2259,2930 2259,2962 2165,2962"/>
                    <TextEquiv>
                        <Unicode>cum</Unicode>
                    </TextEquiv>
                    <TextStyle fontFamily="Times New Roman" fontSize="9.5"/>
                </Word>
                <Word id="w_w2aab1b5b4b7b3ac71" language="English" custom="readingOrder {index:6;}">
                    <Coords points="2282,2919 2386,2919 2386,2970 2282,2970"/>
                    <TextEquiv>
                        <Unicode>dici-</Unicode>
                    </TextEquiv>
                    <TextStyle fontFamily="Times New Roman" fontSize="9.5"/>
                </Word>
                <TextEquiv>
                    <Unicode>opinionis recitatae. Ad primam cum dici- reSpondet</Unicode>
                </TextEquiv>
            </TextLine>
            <TextLine id="tl_83" primaryLanguage="English" custom="readingOrder {index:36;}">
                <Coords points="1383,2990 2391,2990 2391,3048 1383,3048"/>
                <Baseline points="1383,3027 1448,3027 1602,3031 1819,3032 1925,3032 2045,3034 2260,3043 2391,3028"/>
                <Word id="w_w2aab1b5b4b7b5ab1" language="English" custom="readingOrder {index:0;}">
                    <Coords points="1383,2993 1448,2993 1448,3028 1383,3028"/>
                    <TextEquiv>
                        <Unicode>lur</Unicode>
                    </TextEquiv>
                    <TextStyle fontFamily="Times New Roman" fontSize="9.5"/>
                </Word>
                <Word id="w_w2aab1b5b4b7b5ab9" language="English" custom="readingOrder {index:1;}">
                    <Coords points="1486,2991 1602,2991 1602,3039 1486,3039"/>
                    <TextEquiv>
                        <Unicode>quod</Unicode>
                    </TextEquiv>
                    <TextStyle fontFamily="Times New Roman" fontSize="9.5"/>
                </Word>
                <Word id="w_w2aab1b5b4b7b5ac19" language="English" custom="readingOrder {index:2;}">
                    <Coords points="1632,2992 1819,2992 1819,3032 1632,3032"/>
                    <TextEquiv>
                        <Unicode>essentia</Unicode>
                    </TextEquiv>
                    <TextStyle fontFamily="Times New Roman" fontSize="9.5"/>
                </Word>
                <Word id="w_w2aab1b5b4b7b5ac37" language="English" custom="readingOrder {index:3;}">
                    <Coords points="1861,2996 1925,2996 1925,3032 1861,3032"/>
                    <TextEquiv>
                        <Unicode>est</Unicode>
                    </TextEquiv>
                    <TextStyle fontFamily="Times New Roman" fontSize="9.5"/>
                </Word>
                <Word id="w_w2aab1b5b4b7b5ac45" language="English" custom="readingOrder {index:4;}">
                    <Coords points="1961,3005 2045,3005 2045,3034 1961,3034"/>
                    <TextEquiv>
                        <Unicode>una</Unicode>
                    </TextEquiv>
                    <TextStyle fontFamily="Times New Roman" fontSize="9.5"/>
                </Word>
                <Word id="w_w2aab1b5b4b7b5ac53" language="English" custom="readingOrder {index:5;}">
                    <Coords points="2074,2996 2260,2996 2260,3043 2074,3043"/>
                    <TextEquiv>
                        <Unicode>realiter,</Unicode>
                    </TextEquiv>
                    <TextStyle fontFamily="Times New Roman" fontSize="9.5"/>
                </Word>
                <Word id="w_w2aab1b5b4b7b5ac73" language="English" custom="readingOrder {index:6;}">
                    <Coords points="2292,3007 2391,3007 2391,3048 2292,3048"/>
                    <TextEquiv>
                        <Unicode>pro-</Unicode>
                    </TextEquiv>
                    <TextStyle fontFamily="Times New Roman" fontSize="9.5"/>
                </Word>
                <TextEquiv>
                    <Unicode>lur quod essentia est una realiter, pro-</Unicode>
                </TextEquiv>
                <TextStyle fontFamily="Times New Roman" fontSize="9.5"/>
            </TextLine>
            <TextLine id="tl_84" primaryLanguage="English" custom="readingOrder {index:37;}">
                <Coords points="1380,3064 2388,3064 2388,3118 1380,3118"/>
                <Baseline points="1380,3114 1585,3105 1732,3106 1922,3108 2140,3110 2388,3116"/>
                <Word id="w_w2aab1b5b4b7b7ab1" language="English" custom="readingOrder {index:0;}">
                    <Coords points="1380,3064 1585,3064 1585,3114 1380,3114"/>
                    <TextEquiv>
                        <Unicode>prietales</Unicode>
                    </TextEquiv>
                    <TextStyle fontFamily="Times New Roman" fontSize="9.5"/>
                </Word>
                <Word id="w_w2aab1b5b4b7b7ac21" language="English" custom="readingOrder {index:1;}">
                    <Coords points="1631,3070 1732,3070 1732,3106 1631,3106"/>
                    <TextEquiv>
                        <Unicode>sunt</Unicode>
                    </TextEquiv>
                    <TextStyle fontFamily="Times New Roman" fontSize="9.5"/>
                </Word>
                <Word id="w_w2aab1b5b4b7b7ac31" language="English" custom="readingOrder {index:2;}">
                    <Coords points="1777,3068 1922,3068 1922,3117 1777,3117"/>
                    <TextEquiv>
                        <Unicode>plures</Unicode>
                    </TextEquiv>
                    <TextStyle fontFamily="Times New Roman" fontSize="9.5"/>
                </Word>
                <Word id="w_w2aab1b5b4b7b7ac45" language="English" custom="readingOrder {index:3;}">
                    <Coords points="1968,3069 2140,3069 2140,3111 1968,3111"/>
                    <TextEquiv>
                        <Unicode>realiter</Unicode>
                    </TextEquiv>
                    <TextStyle fontFamily="Times New Roman" fontSize="9.5"/>
                </Word>
                <Word id="w_w2aab1b5b4b7b7ac63" language="English" custom="readingOrder {index:4;}">
                    <Coords points="2194,3075 2388,3075 2388,3116 2194,3116"/>
                    <TextEquiv>
                        <Unicode>realitate</Unicode>
                    </TextEquiv>
                    <TextStyle fontFamily="Times New Roman" fontSize="9.5"/>
                </Word>
                <TextEquiv>
                    <Unicode>prietales sunt plures realiter realitate</Unicode>
                </TextEquiv>
                <TextStyle fontFamily="Times New Roman" fontSize="9.5"/>
            </TextLine>
            <TextLine id="tl_85" primaryLanguage="English" custom="readingOrder {index:38;}">
                <Coords points="1379,3141 2388,3141 2388,3202 1379,3202"/>
                <Baseline points="1379,3181 1581,3191 1714,3183 1970,3186 2258,3190 2388,3184"/>
                <Word id="w_w2aab1b5b4b7b9ab1" language="English" custom="readingOrder {index:0;}">
                    <Coords points="1379,3141 1581,3141 1581,3191 1379,3191"/>
                    <TextEquiv>
                        <Unicode>relativa;</Unicode>
                    </TextEquiv>
                    <TextStyle fontFamily="Times New Roman" fontSize="9.5"/>
                </Word>
                <Word id="w_w2aab1b5b4b7b9ac21" language="English" custom="readingOrder {index:1;}">
                    <Coords points="1611,3155 1714,3155 1714,3196 1611,3196"/>
                    <TextEquiv>
                        <Unicode>ergo</Unicode>
                    </TextEquiv>
                    <TextStyle fontFamily="Times New Roman" fontSize="9.5"/>
                </Word>
                <Word id="w_w2aab1b5b4b7b9ac31" language="English" custom="readingOrder {index:2;}">
                    <Coords points="1755,3144 1970,3144 1970,3186 1755,3186"/>
                    <TextEquiv>
                        <Unicode>differunt.</Unicode>
                    </TextEquiv>
                    <TextStyle fontFamily="Times New Roman" fontSize="9.5"/>
                </Word>
                <Word id="w_w2aab1b5b4b7b9ac53" language="English" custom="readingOrder {index:3;}">
                    <Coords points="2002,3148 2258,3148 2258,3199 2002,3199"/>
                    <TextEquiv>
                        <Unicode>Respondeo</Unicode>
                    </TextEquiv>
                    <TextStyle fontFamily="Times New Roman" fontSize="9.5"/>
                </Word>
                <Word id="w_w2aab1b5b4b7b9ac73" language="English" custom="readingOrder {index:4;}">
                    <Coords points="2300,3155 2388,3155 2388,3202 2300,3202"/>
                    <TextEquiv>
                        <Unicode>pri¬</Unicode>
                    </TextEquiv>
                    <TextStyle fontFamily="Times New Roman" fontSize="9.5"/>
                </Word>
                <TextEquiv>
                    <Unicode>relativa; ergo differunt. Respondeo pri¬</Unicode>
                </TextEquiv>
                <TextStyle fontFamily="Times New Roman" fontSize="9.5"/>
            </TextLine>
            <TextLine id="tl_86" primaryLanguage="English" custom="readingOrder {index:39;}">
                <Coords points="1380,3217 2386,3217 2386,3275 1380,3275"/>
                <Baseline points="1380,3255 1447,3257 1604,3258 1676,3257 2019,3260 2179,3264 2386,3275"/>
                <Word id="w_w2aab1b5b4b7c11ab1" language="English" custom="readingOrder {index:0;}">
                    <Coords points="1380,3228 1447,3228 1447,3257 1380,3257"/>
                    <TextEquiv>
                        <Unicode>mo</Unicode>
                    </TextEquiv>
                    <TextStyle fontFamily="Times New Roman" fontSize="9.5"/>
                </Word>
                <Word id="w_w2aab1b5b4b7c11ab7" language="English" custom="readingOrder {index:1;}">
                    <Coords points="1487,3218 1604,3218 1604,3267 1487,3267"/>
                    <TextEquiv>
                        <Unicode>quod</Unicode>
                    </TextEquiv>
                    <TextStyle fontFamily="Times New Roman" fontSize="9.5"/>
                </Word>
                <Word id="w_w2aab1b5b4b7c11ac17" language="English" custom="readingOrder {index:2;}">
                    <Coords points="1641,3221 1676,3221 1676,3258 1641,3258"/>
                    <TextEquiv>
                        <Unicode>si</Unicode>
                    </TextEquiv>
                    <TextStyle fontFamily="Times New Roman" fontSize="9.5"/>
                </Word>
                <Word id="w_w2aab1b5b4b7c11ac23" language="English" custom="readingOrder {index:3;}">
                    <Coords points="1715,3224 2019,3224 2019,3271 1715,3271"/>
                    <TextEquiv>
                        <Unicode>argumentum</Unicode>
                    </TextEquiv>
                    <TextStyle fontFamily="Times New Roman" fontSize="9.5"/>
                </Word>
                <Word id="w_w2aab1b5b4b7c11ac45" language="English" custom="readingOrder {index:4;}">
                    <Coords points="2064,3228 2179,3228 2179,3264 2064,3264"/>
                    <TextEquiv>
                        <Unicode>esset</Unicode>
                    </TextEquiv>
                    <TextStyle fontFamily="Times New Roman" fontSize="9.5"/>
                </Word>
                <Word id="w_w2aab1b5b4b7c11ac57" language="English" custom="readingOrder {index:5;}">
                    <Coords points="2222,3226 2386,3226 2386,3275 2222,3275"/>
                    <TextEquiv>
                        <Unicode>efficax,</Unicode>
                    </TextEquiv>
                    <TextStyle fontFamily="Times New Roman" fontSize="9.5"/>
                </Word>
                <TextEquiv>
                    <Unicode>mo quod si argumentum esset efficax,</Unicode>
                </TextEquiv>
                <TextStyle fontFamily="Times New Roman" fontSize="9.5"/>
            </TextLine>
            <TextLine id="tl_87" primaryLanguage="English" custom="readingOrder {index:40;}">
                <Coords points="1378,3293 2389,3293 2389,3346 1378,3346"/>
                <Baseline points="1378,3341 1581,3333 1724,3334 1931,3336 2039,3338 2187,3341 2389,3344"/>
                <Word id="w_w2aab1b5b4b7c13ab1" language="English" custom="readingOrder {index:0;}">
                    <Coords points="1378,3293 1581,3293 1581,3341 1378,3341"/>
                    <TextEquiv>
                        <Unicode>probaret</Unicode>
                    </TextEquiv>
                    <TextStyle fontFamily="Times New Roman" fontSize="9.5"/>
                </Word>
                <Word id="w_w2aab1b5b4b7c13ac19" language="English" custom="readingOrder {index:1;}">
                    <Coords points="1607,3295 1724,3295 1724,3345 1607,3345"/>
                    <TextEquiv>
                        <Unicode>quod</Unicode>
                    </TextEquiv>
                    <TextStyle fontFamily="Times New Roman" fontSize="9.5"/>
                </Word>
                <Word id="w_w2aab1b5b4b7c13ac29" language="English" custom="readingOrder {index:2;}">
                    <Coords points="1746,3299 1931,3299 1931,3336 1746,3336"/>
                    <TextEquiv>
                        <Unicode>essentia</Unicode>
                    </TextEquiv>
                    <TextStyle fontFamily="Times New Roman" fontSize="9.5"/>
                </Word>
                <Word id="w_w2aab1b5b4b7c13ac47" language="English" custom="readingOrder {index:3;}">
                    <Coords points="1952,3308 2039,3308 2039,3338 1952,3338"/>
                    <TextEquiv>
                        <Unicode>non</Unicode>
                    </TextEquiv>
                    <TextStyle fontFamily="Times New Roman" fontSize="9.5"/>
                </Word>
                <Word id="w_w2aab1b5b4b7c13ac55" language="English" custom="readingOrder {index:4;}">
                    <Coords points="2069,3303 2187,3303 2187,3341 2069,3341"/>
                    <TextEquiv>
                        <Unicode>esset</Unicode>
                    </TextEquiv>
                    <TextStyle fontFamily="Times New Roman" fontSize="9.5"/>
                </Word>
                <Word id="w_w2aab1b5b4b7c13ac67" language="English" custom="readingOrder {index:5;}">
                    <Coords points="2216,3303 2389,3303 2389,3344 2216,3344"/>
                    <TextEquiv>
                        <Unicode>realiter</Unicode>
                    </TextEquiv>
                    <TextStyle fontFamily="Times New Roman" fontSize="9.5"/>
                </Word>
                <TextEquiv>
                    <Unicode>probaret quod essentia non esset realiter</Unicode>
                </TextEquiv>
                <TextStyle fontFamily="Times New Roman" fontSize="9.5"/>
            </TextLine>
            <TextLine id="tl_88" primaryLanguage="English" custom="readingOrder {index:41;}">
                <Coords points="1377,3370 2383,3370 2383,3424 1377,3424"/>
                <Baseline points="1377,3420 1679,3418 1827,3412 1922,3413 2187,3417 2263,3419 2383,3412"/>
                <Word id="w_w2aab1b5b4b7c15ab1" language="English" custom="readingOrder {index:0;}">
                    <Coords points="1377,3370 1679,3370 1679,3420 1377,3420"/>
                    <TextEquiv>
                        <Unicode>proprietates,</Unicode>
                    </TextEquiv>
                    <TextStyle fontFamily="Times New Roman" fontSize="9.5"/>
                </Word>
                <Word id="w_w2aab1b5b4b7c15ac29" language="English" custom="readingOrder {index:1;}">
                    <Coords points="1711,3372 1827,3372 1827,3423 1711,3423"/>
                    <TextEquiv>
                        <Unicode>quod</Unicode>
                    </TextEquiv>
                    <TextStyle fontFamily="Times New Roman" fontSize="9.5"/>
                </Word>
                <Word id="w_w2aab1b5b4b7c15ac39" language="English" custom="readingOrder {index:2;}">
                    <Coords points="1859,3376 1922,3376 1922,3413 1859,3413"/>
                    <TextEquiv>
                        <Unicode>est</Unicode>
                    </TextEquiv>
                    <TextStyle fontFamily="Times New Roman" fontSize="9.5"/>
                </Word>
                <Word id="w_w2aab1b5b4b7c15ac47" language="English" custom="readingOrder {index:3;}">
                    <Coords points="1942,3374 2187,3374 2187,3417 1942,3417"/>
                    <TextEquiv>
                        <Unicode>haereticum</Unicode>
                    </TextEquiv>
                    <TextStyle fontFamily="Times New Roman" fontSize="9.5"/>
                </Word>
                <Word id="w_w2aab1b5b4b7c15ac69" language="English" custom="readingOrder {index:4;}">
                    <Coords points="2220,3383 2263,3383 2263,3419 2220,3419"/>
                    <TextEquiv>
                        <Unicode>et</Unicode>
                    </TextEquiv>
                    <TextStyle fontFamily="Times New Roman" fontSize="9.5"/>
                </Word>
                <Word id="w_w2aab1b5b4b7c15ac75" language="English" custom="readingOrder {index:5;}">
                    <Coords points="2284,3391 2383,3391 2383,3421 2284,3421"/>
                    <TextEquiv>
                        <Unicode>con¬</Unicode>
                    </TextEquiv>
                    <TextStyle fontFamily="Times New Roman" fontSize="9.5"/>
                </Word>
                <TextEquiv>
                    <Unicode>proprietates, quod est haereticum et con¬</Unicode>
                </TextEquiv>
                <TextStyle fontFamily="Times New Roman" fontSize="9.5"/>
            </TextLine>
            <TextLine id="tl_89" primaryLanguage="English" custom="readingOrder {index:42;}">
                <Coords points="1378,3447 2387,3447 2387,3497 1378,3497"/>
                <Baseline points="1378,3484 1440,3484 1690,3486 1945,3487 2006,3488 2167,3492 2279,3494 2387,3486"/>
                <Word id="w_w2aab1b5b4b7c17ab1" language="English" custom="readingOrder {index:0;}">
                    <Coords points="1378,3449 1440,3449 1440,3484 1378,3484"/>
                    <TextEquiv>
                        <Unicode>tra</Unicode>
                    </TextEquiv>
                    <TextStyle fontFamily="Times New Roman" fontSize="9.5"/>
                </Word>
                <Word id="w_w2aab1b5b4b7c17ab9" language="English" custom="readingOrder {index:1;}">
                    <Coords points="1458,3447 1690,3447 1690,3495 1458,3495"/>
                    <TextEquiv>
                        <Unicode>ipsummet</Unicode>
                    </TextEquiv>
                    <TextStyle fontFamily="Times New Roman" fontSize="9.5"/>
                </Word>
                <Word id="w_w2aab1b5b4b7c17ac27" language="English" custom="readingOrder {index:2;}">
                    <Coords points="1717,3448 1945,3448 1945,3488 1717,3488"/>
                    <TextEquiv>
                        <Unicode>Doctorem</Unicode>
                    </TextEquiv>
                    <TextStyle fontFamily="Times New Roman" fontSize="9.5"/>
                </Word>
                <Word id="w_w2aab1b5b4b7c17ac45" language="English" custom="readingOrder {index:3;}">
                    <Coords points="1963,3449 2006,3449 2006,3488 1963,3488"/>
                    <TextEquiv>
                        <Unicode>in</Unicode>
                    </TextEquiv>
                    <TextStyle fontFamily="Times New Roman" fontSize="9.5"/>
                </Word>
                <Word id="w_w2aab1b5b4b7c17ac51" language="English" custom="readingOrder {index:4;}">
                    <Coords points="2027,3451 2167,3451 2167,3492 2027,3492"/>
                    <TextEquiv>
                        <Unicode>verbis</Unicode>
                    </TextEquiv>
                    <TextStyle fontFamily="Times New Roman" fontSize="9.5"/>
                </Word>
                <Word id="w_w2aab1b5b4b7c17ac65" language="English" custom="readingOrder {index:5;}">
                    <Coords points="2187,3454 2279,3454 2279,3494 2187,3494"/>
                    <TextEquiv>
                        <Unicode>sine</Unicode>
                    </TextEquiv>
                    <TextStyle fontFamily="Times New Roman" fontSize="9.5"/>
                </Word>
                <Word id="w_w2aab1b5b4b7c17ac75" language="English" custom="readingOrder {index:6;}">
                    <Coords points="2296,3466 2387,3466 2387,3495 2296,3495"/>
                    <TextEquiv>
                        <Unicode>me¬</Unicode>
                    </TextEquiv>
                    <TextStyle fontFamily="Times New Roman" fontSize="9.5"/>
                </Word>
                <TextEquiv>
                    <Unicode>tra ipsummet Doctorem in verbis sine me¬</Unicode>
                </TextEquiv>
                <TextStyle fontFamily="Times New Roman" fontSize="9.5"/>
            </TextLine>
            <TextLine id="tl_90" primaryLanguage="English" custom="readingOrder {index:43;}">
                <Coords points="1379,3520 2382,3520 2382,3580 1379,3580"/>
                <Baseline points="1379,3562 1446,3562 1822,3565 1917,3563 1959,3567 2112,3568 2232,3570 2311,3571 2382,3561"/>
                <Word id="w_w2aab1b5b4b7c19ab1" language="English" custom="readingOrder {index:0;}">
                    <Coords points="1379,3521 1446,3521 1446,3562 1379,3562"/>
                    <TextEquiv>
                        <Unicode>dio</Unicode>
                    </TextEquiv>
                    <TextStyle fontFamily="Times New Roman" fontSize="9.5"/>
                </Word>
                <Word id="w_w2aab1b5b4b7c19ab9" language="English" custom="readingOrder {index:1;}">
                    <Coords points="1476,3523 1822,3523 1822,3573 1476,3573"/>
                    <TextEquiv>
                        <Unicode>praecedentibus</Unicode>
                    </TextEquiv>
                    <TextStyle fontFamily="Times New Roman" fontSize="9.5"/>
                </Word>
                <Word id="w_w2aab1b5b4b7c19ac39" language="English" custom="readingOrder {index:2;}">
                    <Coords points="1843,3521 1917,3521 1917,3567 1843,3567"/>
                    <TextEquiv>
                        <Unicode>ubi</Unicode>
                    </TextEquiv>
                    <TextStyle fontFamily="Times New Roman" fontSize="9.5"/>
                </Word>
                <Word id="w_w2aab1b5b4b7c19ac47" language="English" custom="readingOrder {index:3;}">
                    <Coords points="1936,3525 2021,3525 2021,3568 1936,3568"/>
                    <TextEquiv>
                        <Unicode>ait:</Unicode>
                    </TextEquiv>
                    <TextStyle fontFamily="Times New Roman" fontSize="9.5"/>
                </Word>
                <Word id="w_w2aab1b5b4b7c19b1b1" language="English" custom="readingOrder {index:4;}">
                    <Coords points="2045,3529 2112,3529 2112,3568 2045,3568"/>
                    <TextEquiv>
                        <Unicode>Est</Unicode>
                    </TextEquiv>
                    <TextStyle fontFamily="Times New Roman" fontSize="9.5" italic="true"/>
                </Word>
                <Word id="w_w2aab1b5b4b7c19b1b9" language="English" custom="readingOrder {index:5;}">
                    <Coords points="2132,3538 2232,3538 2232,3580 2132,3580"/>
                    <TextEquiv>
                        <Unicode>ergo</Unicode>
                    </TextEquiv>
                    <TextStyle fontFamily="Times New Roman" fontSize="9.5" italic="true"/>
                </Word>
                <Word id="w_w2aab1b5b4b7c19b1c19" language="English" custom="readingOrder {index:6;}">
                    <Coords points="2251,3541 2362,3541 2362,3572 2251,3572"/>
                    <TextEquiv>
                        <Unicode>essen</Unicode>
                    </TextEquiv>
                    <TextStyle fontFamily="Times New Roman" fontSize="9.5" italic="true"/>
                </Word>
                <Word id="w_w2aab1b5b4b7c19b2b1" language="English" custom="readingOrder {index:7;}">
                    <Coords points="2368,3553 2382,3553 2382,3561 2368,3561"/>
                    <TextEquiv>
                        <Unicode>-</Unicode>
                    </TextEquiv>
                    <TextStyle fontFamily="Times New Roman" fontSize="9.5"/>
                </Word>
                <TextEquiv>
                    <Unicode>dio praecedentibus ubi ait: Est ergo essen-</Unicode>
                </TextEquiv>
            </TextLine>
            <TextEquiv>
                <Unicode>entitate, negatur quod hoc modo dicatur
de entitate accepta pro modo rei.
Ad ultimum dico, quod paternitas se tota 137.
distinguitur ab essentia, quia formalitas
paternitatis in nulla realilate quidditative
convenit cum essentia divina, licet realiter
sit idem cum essentia divina, sicut etiam
in nobis ultima differentia se tota distin¬
guitur quiddilative ab eo cujus est ultima
differentia, licet sit realiter eadem cum
eo. Et sic in proposito, licet paternitas
secundum totam suam enlitalem realem
transeat in identitatem realem cum
essentia divina, et sit idem quod es¬
sentia divina, non tamen transit for-
maliter sive secundum identitatem for¬
malem, eadem enim enti tas secundum se
tota est realiter essentia divina et eadem
simpliciter est distincta formaliter; nec
enim imaginor in paternitate duas realita-
tes, et quod secundum unam dicatur idem
realiter cum essentia divina, et secundum
aliam distinguatur formaliter ab essentia
divina, sed est una entitas simplicissima,
quae, ut comparatur ad essentiam divi¬
nam, dicitur realiter et identice essentia
divina, non tamen dicitur formaliter es¬
sentia divina. Et patet quomodo falsum
est quod assumit, scilicet quod proprietas
aliquo sui distinguatur ab essentia divina,
et aliquo sui conveniat cum essentia, e;
sic non oportet procedere in infinitum.
Et sic patet responsio ad rationes Gre
gorii.
Nunc restat respondere ad rationes Greg. de
opinionis recitatae. Ad primam cum dici- reSpondet
lur quod essentia est una realiter, pro-
prietales sunt plures realiter realitate
relativa; ergo differunt. Respondeo pri¬
mo quod si argumentum esset efficax,
probaret quod essentia non esset realiter
proprietates, quod est haereticum et con¬
tra ipsummet Doctorem in verbis sine me¬
dio praecedentibus ubi ait: Est ergo essen-</Unicode>
            </TextEquiv>
        </TextRegion>
    </Page>
</PcGts>
