<?xml version="1.0" encoding="UTF-8" standalone="yes"?>
<PcGts xmlns="http://schema.primaresearch.org/PAGE/gts/pagecontent/2013-07-15" xmlns:xsi="http://www.w3.org/2001/XMLSchema-instance" xsi:schemaLocation="http://schema.primaresearch.org/PAGE/gts/pagecontent/2013-07-15 http://schema.primaresearch.org/PAGE/gts/pagecontent/2013-07-15/pagecontent.xsd">
    <Metadata>
        <Creator>Transkribus</Creator>
        <Created>2020-11-20T14:51:16.257+01:00</Created>
        <LastChange>2021-03-22T01:53:45.952+01:00</LastChange>
        <Comments>
                Measurement unit: pixel
                PrimaryLanguage: English
                Language: Latin
                Producer: Transkribus
            </Comments>
        <TranskribusMetadata docId="541769" pageId="22791780" pageNr="645" tsid="54015603" status="IN_PROGRESS" userId="25065" imgUrl="https://files.transkribus.eu/Get?id=AGIRITRBUKVBYYOECKGCZSXA&amp;fileType=view" xmlUrl="https://files.transkribus.eu/Get?id=NOQUYFPZAZPNCUWGUEXCMAMO" imageId="17769239"/>
    </Metadata>
    <Page imageFilename="644.jpg" imageWidth="2711" imageHeight="3950">
        <PrintSpace>
            <Coords points="218,158 2711,158 2711,3602 218,3602"/>
        </PrintSpace>
        <ReadingOrder>
            <OrderedGroup id="ro_1616597239032" caption="Regions reading order">
                <RegionRefIndexed index="0" regionRef="TextRegion_1616374369634_7060"/>
                <RegionRefIndexed index="1" regionRef="TextRegion_1616374399373_7099"/>
            </OrderedGroup>
        </ReadingOrder>
        <TextRegion type="paragraph" id="TextRegion_1616374369634_7060" custom="readingOrder {index:0;}">
            <Coords points="437,269 1453,269 1469,2009 1469,3593 434,3593 434,293"/>
            <TextLine id="tl_3" primaryLanguage="English" custom="readingOrder {index:0;}">
                <Coords points="439,270 1448,270 1448,321 439,321"/>
                <Baseline points="439,321 668,310 915,310 1039,310 1354,309 1448,309"/>
                <Word id="w_w2aab1b5b2b1b1ab1" language="English" custom="readingOrder {index:0;}">
                    <Coords points="439,270 668,270 668,321 439,321"/>
                    <TextEquiv>
                        <Unicode>praedicata</Unicode>
                    </TextEquiv>
                    <TextStyle fontFamily="Times New Roman" fontSize="8.5"/>
                </Word>
                <Word id="w_w2aab1b5b2b1b1ac23" language="English" custom="readingOrder {index:1;}">
                    <Coords points="722,272 915,272 915,312 722,312"/>
                    <TextEquiv>
                        <Unicode>similiter</Unicode>
                    </TextEquiv>
                    <TextStyle fontFamily="Times New Roman" fontSize="8.5"/>
                </Word>
                <Word id="w_w2aab1b5b2b1b1ac43" language="English" custom="readingOrder {index:2;}">
                    <Coords points="950,281 1039,281 1039,311 950,311"/>
                    <TextEquiv>
                        <Unicode>non</Unicode>
                    </TextEquiv>
                    <TextStyle fontFamily="Times New Roman" fontSize="8.5"/>
                </Word>
                <Word id="w_w2aab1b5b2b1b1ac51" language="English" custom="readingOrder {index:3;}">
                    <Coords points="1083,270 1354,270 1354,311 1083,311"/>
                    <TextEquiv>
                        <Unicode>verificentur</Unicode>
                    </TextEquiv>
                    <TextStyle fontFamily="Times New Roman" fontSize="8.5"/>
                </Word>
                <Word id="w_w2aab1b5b2b1b1ac77" language="English" custom="readingOrder {index:4;}">
                    <Coords points="1395,270 1448,270 1448,309 1395,309"/>
                    <TextEquiv>
                        <Unicode>de</Unicode>
                    </TextEquiv>
                    <TextStyle fontFamily="Times New Roman" fontSize="8.5"/>
                </Word>
                <TextEquiv>
                    <Unicode>praedicata similiter non verificentur de</Unicode>
                </TextEquiv>
                <TextStyle fontFamily="Times New Roman" fontSize="8.5"/>
            </TextLine>
            <TextLine id="tl_4" primaryLanguage="English" custom="readingOrder {index:1;}">
                <Coords points="442,346 1450,346 1450,396 442,396"/>
                <Baseline points="442,396 699,386 791,385 1061,396 1287,384 1450,383"/>
                <Word id="w_w2aab1b5b2b1b3ab1" language="English" custom="readingOrder {index:0;}">
                    <Coords points="442,346 699,346 699,396 442,396"/>
                    <TextEquiv>
                        <Unicode>paternitate</Unicode>
                    </TextEquiv>
                    <TextStyle fontFamily="Times New Roman" fontSize="8.5"/>
                </Word>
                <Word id="w_w2aab1b5b2b1b3ac25" language="English" custom="readingOrder {index:1;}">
                    <Coords points="747,350 791,350 791,385 747,385"/>
                    <TextEquiv>
                        <Unicode>et</Unicode>
                    </TextEquiv>
                    <TextStyle fontFamily="Times New Roman" fontSize="8.5"/>
                </Word>
                <Word id="w_w2aab1b5b2b1b3ac31" language="English" custom="readingOrder {index:2;}">
                    <Coords points="843,346 1061,346 1061,396 843,396"/>
                    <TextEquiv>
                        <Unicode>filiatione,</Unicode>
                    </TextEquiv>
                    <TextStyle fontFamily="Times New Roman" fontSize="8.5"/>
                </Word>
                <Word id="w_w2aab1b5b2b1b3ac55" language="English" custom="readingOrder {index:3;}">
                    <Coords points="1118,346 1287,346 1287,386 1118,386"/>
                    <TextEquiv>
                        <Unicode>videtur</Unicode>
                    </TextEquiv>
                    <TextStyle fontFamily="Times New Roman" fontSize="8.5"/>
                </Word>
                <Word id="w_w2aab1b5b2b1b3ac71" language="English" custom="readingOrder {index:4;}">
                    <Coords points="1337,346 1450,346 1450,385 1337,385"/>
                    <TextEquiv>
                        <Unicode>enim</Unicode>
                    </TextEquiv>
                    <TextStyle fontFamily="Times New Roman" fontSize="8.5"/>
                </Word>
                <TextEquiv>
                    <Unicode>paternitate et filiatione, videtur enim</Unicode>
                </TextEquiv>
                <TextStyle fontFamily="Times New Roman" fontSize="8.5"/>
            </TextLine>
            <TextLine id="tl_5" primaryLanguage="English" custom="readingOrder {index:2;}">
                <Coords points="441,421 1450,421 1450,473 441,473"/>
                <Baseline points="441,460 690,460 1024,469 1202,461 1450,459"/>
                <Word id="w_w2aab1b5b2b1b5ab1" language="English" custom="readingOrder {index:0;}">
                    <Coords points="441,421 690,421 690,472 441,472"/>
                    <TextEquiv>
                        <Unicode>simpliciter</Unicode>
                    </TextEquiv>
                    <TextStyle fontFamily="Times New Roman" fontSize="8.5"/>
                </Word>
                <Word id="w_w2aab1b5b2b1b5ac25" language="English" custom="readingOrder {index:1;}">
                    <Coords points="747,422 1024,422 1024,472 747,472"/>
                    <TextEquiv>
                        <Unicode>impossibile,</Unicode>
                    </TextEquiv>
                    <TextStyle fontFamily="Times New Roman" fontSize="8.5"/>
                </Word>
                <Word id="w_w2aab1b5b2b1b5ac51" language="English" custom="readingOrder {index:2;}">
                    <Coords points="1087,423 1202,423 1202,473 1087,473"/>
                    <TextEquiv>
                        <Unicode>quod</Unicode>
                    </TextEquiv>
                    <TextStyle fontFamily="Times New Roman" fontSize="8.5"/>
                </Word>
                <Word id="w_w2aab1b5b2b1b5ac61" language="English" custom="readingOrder {index:3;}">
                    <Coords points="1258,421 1450,421 1450,472 1258,472"/>
                    <TextEquiv>
                        <Unicode>subjecta</Unicode>
                    </TextEquiv>
                    <TextStyle fontFamily="Times New Roman" fontSize="8.5"/>
                </Word>
                <TextEquiv>
                    <Unicode>simpliciter impossibile, quod subjecta</Unicode>
                </TextEquiv>
                <TextStyle fontFamily="Times New Roman" fontSize="8.5"/>
            </TextLine>
            <TextLine id="tl_6" primaryLanguage="English" custom="readingOrder {index:3;}">
                <Coords points="441,496 1451,496 1451,547 441,547"/>
                <Baseline points="441,535 620,534 998,536 1122,536 1313,534 1451,535"/>
                <Word id="w_w2aab1b5b2b1b7ab1" language="English" custom="readingOrder {index:0;}">
                    <Coords points="441,496 620,496 620,535 441,535"/>
                    <TextEquiv>
                        <Unicode>duarum</Unicode>
                    </TextEquiv>
                    <TextStyle fontFamily="Times New Roman" fontSize="8.5"/>
                </Word>
                <Word id="w_w2aab1b5b2b1b7ac15" language="English" custom="readingOrder {index:1;}">
                    <Coords points="661,498 998,498 998,547 661,547"/>
                    <TextEquiv>
                        <Unicode>propositionum</Unicode>
                    </TextEquiv>
                    <TextStyle fontFamily="Times New Roman" fontSize="8.5"/>
                </Word>
                <Word id="w_w2aab1b5b2b1b7ac43" language="English" custom="readingOrder {index:2;}">
                    <Coords points="1038,497 1122,497 1122,536 1038,536"/>
                    <TextEquiv>
                        <Unicode>sint</Unicode>
                    </TextEquiv>
                    <TextStyle fontFamily="Times New Roman" fontSize="8.5"/>
                </Word>
                <Word id="w_w2aab1b5b2b1b7ac53" language="English" custom="readingOrder {index:3;}">
                    <Coords points="1141,497 1313,497 1313,537 1141,537"/>
                    <TextEquiv>
                        <Unicode>omnino</Unicode>
                    </TextEquiv>
                    <TextStyle fontFamily="Times New Roman" fontSize="8.5"/>
                </Word>
                <Word id="w_w2aab1b5b2b1b7ac67" language="English" custom="readingOrder {index:4;}">
                    <Coords points="1336,496 1451,496 1451,536 1336,536"/>
                    <TextEquiv>
                        <Unicode>idem</Unicode>
                    </TextEquiv>
                    <TextStyle fontFamily="Times New Roman" fontSize="8.5"/>
                </Word>
                <TextEquiv>
                    <Unicode>duarum propositionum sint omnino idem</Unicode>
                </TextEquiv>
                <TextStyle fontFamily="Times New Roman" fontSize="8.5"/>
            </TextLine>
            <TextLine id="tl_7" primaryLanguage="English" custom="readingOrder {index:4;}">
                <Coords points="438,570 1452,570 1452,623 438,623"/>
                <Baseline points="438,610 480,610 706,611 797,611 873,611 1216,620 1300,612 1452,610"/>
                <Word id="w_w2aab1b5b2b1b9ab1" language="English" custom="readingOrder {index:0;}">
                    <Coords points="438,572 480,572 480,610 438,610"/>
                    <TextEquiv>
                        <Unicode>in</Unicode>
                    </TextEquiv>
                    <TextStyle fontFamily="Times New Roman" fontSize="8.5"/>
                </Word>
                <Word id="w_w2aab1b5b2b1b9ab7" language="English" custom="readingOrder {index:1;}">
                    <Coords points="521,570 706,570 706,611 521,611"/>
                    <TextEquiv>
                        <Unicode>essendo</Unicode>
                    </TextEquiv>
                    <TextStyle fontFamily="Times New Roman" fontSize="8.5"/>
                </Word>
                <Word id="w_w2aab1b5b2b1b9ac23" language="English" custom="readingOrder {index:2;}">
                    <Coords points="755,576 797,576 797,611 755,611"/>
                    <TextEquiv>
                        <Unicode>et</Unicode>
                    </TextEquiv>
                    <TextStyle fontFamily="Times New Roman" fontSize="8.5"/>
                </Word>
                <Word id="w_w2aab1b5b2b1b9ac29" language="English" custom="readingOrder {index:3;}">
                    <Coords points="830,574 873,574 873,611 830,611"/>
                    <TextEquiv>
                        <Unicode>in</Unicode>
                    </TextEquiv>
                    <TextStyle fontFamily="Times New Roman" fontSize="8.5"/>
                </Word>
                <Word id="w_w2aab1b5b2b1b9ac35" language="English" custom="readingOrder {index:4;}">
                    <Coords points="920,570 1216,570 1216,623 920,623"/>
                    <TextEquiv>
                        <Unicode>significando,</Unicode>
                    </TextEquiv>
                    <TextStyle fontFamily="Times New Roman" fontSize="8.5"/>
                </Word>
                <Word id="w_w2aab1b5b2b1b9ac63" language="English" custom="readingOrder {index:5;}">
                    <Coords points="1259,577 1300,577 1300,612 1259,612"/>
                    <TextEquiv>
                        <Unicode>et</Unicode>
                    </TextEquiv>
                    <TextStyle fontFamily="Times New Roman" fontSize="8.5"/>
                </Word>
                <Word id="w_w2aab1b5b2b1b9ac69" language="English" custom="readingOrder {index:6;}">
                    <Coords points="1337,571 1452,571 1452,622 1337,622"/>
                    <TextEquiv>
                        <Unicode>quod</Unicode>
                    </TextEquiv>
                    <TextStyle fontFamily="Times New Roman" fontSize="8.5"/>
                </Word>
                <TextEquiv>
                    <Unicode>in essendo et in significando, et quod</Unicode>
                </TextEquiv>
                <TextStyle fontFamily="Times New Roman" fontSize="8.5"/>
            </TextLine>
            <TextLine id="tl_8" primaryLanguage="English" custom="readingOrder {index:5;}">
                <Coords points="440,646 1450,646 1450,696 440,696"/>
                <Baseline points="440,696 644,686 764,686 857,686 1161,687 1251,686 1374,686 1450,676"/>
                <Word id="w_w2aab1b5b2b1c11ab1" language="English" custom="readingOrder {index:0;}">
                    <Coords points="440,646 644,646 644,696 440,696"/>
                    <TextEquiv>
                        <Unicode>praedicta</Unicode>
                    </TextEquiv>
                    <TextStyle fontFamily="Times New Roman" fontSize="8.5"/>
                </Word>
                <Word id="w_w2aab1b5b2b1c11ac21" language="English" custom="readingOrder {index:1;}">
                    <Coords points="677,657 764,657 764,686 677,686"/>
                    <TextEquiv>
                        <Unicode>non</Unicode>
                    </TextEquiv>
                    <TextStyle fontFamily="Times New Roman" fontSize="8.5"/>
                </Word>
                <Word id="w_w2aab1b5b2b1c11ac29" language="English" custom="readingOrder {index:2;}">
                    <Coords points="801,649 857,649 857,686 801,686"/>
                    <TextEquiv>
                        <Unicode>ita</Unicode>
                    </TextEquiv>
                    <TextStyle fontFamily="Times New Roman" fontSize="8.5"/>
                </Word>
                <Word id="w_w2aab1b5b2b1c11ac37" language="English" custom="readingOrder {index:3;}">
                    <Coords points="885,646 1161,646 1161,688 885,688"/>
                    <TextEquiv>
                        <Unicode>verificentur</Unicode>
                    </TextEquiv>
                    <TextStyle fontFamily="Times New Roman" fontSize="8.5"/>
                </Word>
                <Word id="w_w2aab1b5b2b1c11ac63" language="English" custom="readingOrder {index:4;}">
                    <Coords points="1198,647 1251,647 1251,686 1198,686"/>
                    <TextEquiv>
                        <Unicode>de</Unicode>
                    </TextEquiv>
                    <TextStyle fontFamily="Times New Roman" fontSize="8.5"/>
                </Word>
                <Word id="w_w2aab1b5b2b1c11ac69" language="English" custom="readingOrder {index:5;}">
                    <Coords points="1288,658 1374,658 1374,686 1288,686"/>
                    <TextEquiv>
                        <Unicode>uno</Unicode>
                    </TextEquiv>
                    <TextStyle fontFamily="Times New Roman" fontSize="8.5"/>
                </Word>
                <Word id="w_w2aab1b5b2b1c11ac77" language="English" custom="readingOrder {index:6;}">
                    <Coords points="1396,647 1450,647 1450,686 1396,686"/>
                    <TextEquiv>
                        <Unicode>si¬</Unicode>
                    </TextEquiv>
                    <TextStyle fontFamily="Times New Roman" fontSize="8.5"/>
                </Word>
                <TextEquiv>
                    <Unicode>praedicta non ita verificentur de uno si¬</Unicode>
                </TextEquiv>
                <TextStyle fontFamily="Times New Roman" fontSize="8.5"/>
            </TextLine>
            <TextLine id="tl_9" primaryLanguage="English" custom="readingOrder {index:6;}">
                <Coords points="443,722 742,722 742,762 443,762"/>
                <Baseline points="443,762 515,761 605,762 742,762"/>
                <Word id="w_w2aab1b5b2b1c13ab1" language="English" custom="readingOrder {index:0;}">
                    <Coords points="443,726 515,726 515,762 443,762"/>
                    <TextEquiv>
                        <Unicode>cut</Unicode>
                    </TextEquiv>
                    <TextStyle fontFamily="Times New Roman" fontSize="8.5"/>
                </Word>
                <Word id="w_w2aab1b5b2b1c13ab9" language="English" custom="readingOrder {index:1;}">
                    <Coords points="551,722 605,722 605,762 551,762"/>
                    <TextEquiv>
                        <Unicode>de</Unicode>
                    </TextEquiv>
                    <TextStyle fontFamily="Times New Roman" fontSize="8.5"/>
                </Word>
                <Word id="w_w2aab1b5b2b1c13ac15" language="English" custom="readingOrder {index:2;}">
                    <Coords points="645,723 742,723 742,762 645,762"/>
                    <TextEquiv>
                        <Unicode>alio.</Unicode>
                    </TextEquiv>
                    <TextStyle fontFamily="Times New Roman" fontSize="8.5"/>
                </Word>
                <TextEquiv>
                    <Unicode>cut de alio.</Unicode>
                </TextEquiv>
                <TextStyle fontFamily="Times New Roman" fontSize="8.5"/>
            </TextLine>
            <TextLine id="tl_10" primaryLanguage="English" custom="readingOrder {index:7;}">
                <Coords points="492,798 1450,798 1450,850 492,850"/>
                <Baseline points="492,837 552,836 656,838 891,838 1027,838 1152,838 1224,838 1340,838 1450,827"/>
                <Word id="w_w2aab1b5b2b3b1ab1" language="English" custom="readingOrder {index:0;}">
                    <Coords points="492,799 552,799 552,837 492,837"/>
                    <TextEquiv>
                        <Unicode>Ex</Unicode>
                    </TextEquiv>
                    <TextStyle fontFamily="Times New Roman" fontSize="8.5"/>
                </Word>
                <Word id="w_w2aab1b5b2b3b1ab7" language="English" custom="readingOrder {index:1;}">
                    <Coords points="592,798 656,798 656,838 592,838"/>
                    <TextEquiv>
                        <Unicode>his</Unicode>
                    </TextEquiv>
                    <TextStyle fontFamily="Times New Roman" fontSize="8.5"/>
                </Word>
                <Word id="w_w2aab1b5b2b3b1ac15" language="English" custom="readingOrder {index:2;}">
                    <Coords points="692,799 891,799 891,838 692,838"/>
                    <TextEquiv>
                        <Unicode>omnibus</Unicode>
                    </TextEquiv>
                    <TextStyle fontFamily="Times New Roman" fontSize="8.5"/>
                </Word>
                <Word id="w_w2aab1b5b2b3b1ac31" language="English" custom="readingOrder {index:3;}">
                    <Coords points="930,809 1027,809 1027,850 930,850"/>
                    <TextEquiv>
                        <Unicode>quae</Unicode>
                    </TextEquiv>
                    <TextStyle fontFamily="Times New Roman" fontSize="8.5"/>
                </Word>
                <Word id="w_w2aab1b5b2b3b1ac41" language="English" custom="readingOrder {index:4;}">
                    <Coords points="1068,799 1152,799 1152,839 1068,839"/>
                    <TextEquiv>
                        <Unicode>dixi</Unicode>
                    </TextEquiv>
                    <TextStyle fontFamily="Times New Roman" fontSize="8.5"/>
                </Word>
                <Word id="w_w2aab1b5b2b3b1ac51" language="English" custom="readingOrder {index:5;}">
                    <Coords points="1182,800 1224,800 1224,838 1182,838"/>
                    <TextEquiv>
                        <Unicode>in</Unicode>
                    </TextEquiv>
                    <TextStyle fontFamily="Times New Roman" fontSize="8.5"/>
                </Word>
                <Word id="w_w2aab1b5b2b3b1ac57" language="English" custom="readingOrder {index:6;}">
                    <Coords points="1261,801 1340,801 1340,839 1261,839"/>
                    <TextEquiv>
                        <Unicode>ista</Unicode>
                    </TextEquiv>
                    <TextStyle fontFamily="Times New Roman" fontSize="8.5"/>
                </Word>
                <Word id="w_w2aab1b5b2b3b1ac67" language="English" custom="readingOrder {index:7;}">
                    <Coords points="1360,809 1450,809 1450,838 1360,838"/>
                    <TextEquiv>
                        <Unicode>ma¬</Unicode>
                    </TextEquiv>
                    <TextStyle fontFamily="Times New Roman" fontSize="8.5"/>
                </Word>
                <TextEquiv>
                    <Unicode>Ex his omnibus quae dixi in ista ma¬</Unicode>
                </TextEquiv>
                <TextStyle fontFamily="Times New Roman" fontSize="8.5"/>
            </TextLine>
            <TextLine id="tl_11" primaryLanguage="English" custom="readingOrder {index:8;}">
                <Coords points="445,876 1454,876 1454,928 445,928"/>
                <Baseline points="445,913 550,914 748,914 1050,916 1170,916 1337,915 1454,905"/>
                <Word id="w_w2aab1b5b2b3b3ab1" language="English" custom="readingOrder {index:0;}">
                    <Coords points="445,877 550,877 550,914 445,914"/>
                    <TextEquiv>
                        <Unicode>teria</Unicode>
                    </TextEquiv>
                    <TextStyle fontFamily="Times New Roman" fontSize="8.5"/>
                </Word>
                <Word id="w_w2aab1b5b2b3b3ac13" language="English" custom="readingOrder {index:1;}">
                    <Coords points="596,886 748,886 748,915 596,915"/>
                    <TextEquiv>
                        <Unicode>omnes</Unicode>
                    </TextEquiv>
                    <TextStyle fontFamily="Times New Roman" fontSize="8.5"/>
                </Word>
                <Word id="w_w2aab1b5b2b3b3ac25" language="English" custom="readingOrder {index:2;}">
                    <Coords points="779,876 1050,876 1050,928 779,928"/>
                    <TextEquiv>
                        <Unicode>objectiones</Unicode>
                    </TextEquiv>
                    <TextStyle fontFamily="Times New Roman" fontSize="8.5"/>
                </Word>
                <Word id="w_w2aab1b5b2b3b3ac49" language="English" custom="readingOrder {index:3;}">
                    <Coords points="1081,877 1170,877 1170,916 1081,916"/>
                    <TextEquiv>
                        <Unicode>aliae</Unicode>
                    </TextEquiv>
                    <TextStyle fontFamily="Times New Roman" fontSize="8.5"/>
                </Word>
                <Word id="w_w2aab1b5b2b3b3ac61" language="English" custom="readingOrder {index:4;}">
                    <Coords points="1206,877 1337,877 1337,926 1206,926"/>
                    <TextEquiv>
                        <Unicode>ipsius</Unicode>
                    </TextEquiv>
                    <TextStyle fontFamily="Times New Roman" fontSize="8.5"/>
                </Word>
                <Word id="w_w2aab1b5b2b3b3ac75" language="English" custom="readingOrder {index:5;}">
                    <Coords points="1376,876 1454,876 1454,916 1376,916"/>
                    <TextEquiv>
                        <Unicode>Oc-</Unicode>
                    </TextEquiv>
                    <TextStyle fontFamily="Times New Roman" fontSize="8.5"/>
                </Word>
                <TextEquiv>
                    <Unicode>teria omnes objectiones aliae ipsius Oc-</Unicode>
                </TextEquiv>
                <TextStyle fontFamily="Times New Roman" fontSize="8.5"/>
            </TextLine>
            <TextLine id="tl_12" primaryLanguage="English" custom="readingOrder {index:9;}">
                <Coords points="446,951 1454,951 1454,1002 446,1002"/>
                <Baseline points="446,990 584,999 664,990 829,990 981,990 1204,991 1287,990 1454,981"/>
                <Word id="w_w2aab1b5b2b3b5ab1" language="English" custom="readingOrder {index:0;}">
                    <Coords points="446,951 584,951 584,999 446,999"/>
                    <TextEquiv>
                        <Unicode>cham,</Unicode>
                    </TextEquiv>
                    <TextStyle fontFamily="Times New Roman" fontSize="8.5"/>
                </Word>
                <Word id="w_w2aab1b5b2b3b5ac13" language="English" custom="readingOrder {index:1;}">
                    <Coords points="616,954 664,954 664,990 616,990"/>
                    <TextEquiv>
                        <Unicode>ut</Unicode>
                    </TextEquiv>
                    <TextStyle fontFamily="Times New Roman" fontSize="8.5"/>
                </Word>
                <Word id="w_w2aab1b5b2b3b5ac19" language="English" custom="readingOrder {index:2;}">
                    <Coords points="701,963 829,963 829,1002 701,1002"/>
                    <TextEquiv>
                        <Unicode>supra</Unicode>
                    </TextEquiv>
                    <TextStyle fontFamily="Times New Roman" fontSize="8.5"/>
                </Word>
                <Word id="w_w2aab1b5b2b3b5ac31" language="English" custom="readingOrder {index:3;}">
                    <Coords points="877,952 981,952 981,990 877,990"/>
                    <TextEquiv>
                        <Unicode>solvi</Unicode>
                    </TextEquiv>
                    <TextStyle fontFamily="Times New Roman" fontSize="8.5"/>
                </Word>
                <Word id="w_w2aab1b5b2b3b5ac43" language="English" custom="readingOrder {index:4;}">
                    <Coords points="1011,957 1204,957 1204,1001 1011,1001"/>
                    <TextEquiv>
                        <Unicode>possunt.</Unicode>
                    </TextEquiv>
                    <TextStyle fontFamily="Times New Roman" fontSize="8.5"/>
                </Word>
                <Word id="w_w2aab1b5b2b3b5ac61" language="English" custom="readingOrder {index:5;}">
                    <Coords points="1238,953 1287,953 1287,991 1238,991"/>
                    <TextEquiv>
                        <Unicode>Et</Unicode>
                    </TextEquiv>
                    <TextStyle fontFamily="Times New Roman" fontSize="8.5"/>
                </Word>
                <Word id="w_w2aab1b5b2b3b5ac67" language="English" custom="readingOrder {index:6;}">
                    <Coords points="1306,953 1454,953 1454,992 1306,992"/>
                    <TextEquiv>
                        <Unicode>simili¬</Unicode>
                    </TextEquiv>
                    <TextStyle fontFamily="Times New Roman" fontSize="8.5"/>
                </Word>
                <TextEquiv>
                    <Unicode>cham, ut supra solvi possunt. Et simili¬</Unicode>
                </TextEquiv>
                <TextStyle fontFamily="Times New Roman" fontSize="8.5"/>
            </TextLine>
            <TextLine id="tl_13" primaryLanguage="English" custom="readingOrder {index:10;}">
                <Coords points="446,1026 1454,1026 1454,1076 446,1076"/>
                <Baseline points="446,1063 511,1063 698,1064 1007,1064 1250,1073 1348,1064 1454,1054"/>
                <Word id="w_w2aab1b5b2b3b7ab1" language="English" custom="readingOrder {index:0;}">
                    <Coords points="446,1027 511,1027 511,1064 446,1064"/>
                    <TextEquiv>
                        <Unicode>ter</Unicode>
                    </TextEquiv>
                    <TextStyle fontFamily="Times New Roman" fontSize="8.5"/>
                </Word>
                <Word id="w_w2aab1b5b2b3b7ab9" language="English" custom="readingOrder {index:1;}">
                    <Coords points="547,1035 698,1035 698,1065 547,1065"/>
                    <TextEquiv>
                        <Unicode>omnes</Unicode>
                    </TextEquiv>
                    <TextStyle fontFamily="Times New Roman" fontSize="8.5"/>
                </Word>
                <Word id="w_w2aab1b5b2b3b7ac21" language="English" custom="readingOrder {index:2;}">
                    <Coords points="739,1026 1007,1026 1007,1076 739,1076"/>
                    <TextEquiv>
                        <Unicode>objectiones</Unicode>
                    </TextEquiv>
                    <TextStyle fontFamily="Times New Roman" fontSize="8.5"/>
                </Word>
                <Word id="w_w2aab1b5b2b3b7ac45" language="English" custom="readingOrder {index:3;}">
                    <Coords points="1058,1026 1250,1026 1250,1073 1058,1073"/>
                    <TextEquiv>
                        <Unicode>aliorum,</Unicode>
                    </TextEquiv>
                    <TextStyle fontFamily="Times New Roman" fontSize="8.5"/>
                </Word>
                <Word id="w_w2aab1b5b2b3b7ac63" language="English" custom="readingOrder {index:4;}">
                    <Coords points="1301,1029 1348,1029 1348,1064 1301,1064"/>
                    <TextEquiv>
                        <Unicode>ut</Unicode>
                    </TextEquiv>
                    <TextStyle fontFamily="Times New Roman" fontSize="8.5"/>
                </Word>
                <Word id="w_w2aab1b5b2b3b7ac69" language="English" custom="readingOrder {index:5;}">
                    <Coords points="1388,1026 1454,1026 1454,1064 1388,1064"/>
                    <TextEquiv>
                        <Unicode>AL-</Unicode>
                    </TextEquiv>
                    <TextStyle fontFamily="Times New Roman" fontSize="8.5"/>
                </Word>
                <TextEquiv>
                    <Unicode>ter omnes objectiones aliorum, ut AL-</Unicode>
                </TextEquiv>
                <TextStyle fontFamily="Times New Roman" fontSize="8.5"/>
            </TextLine>
            <TextLine id="tl_14" primaryLanguage="English" custom="readingOrder {index:11;}">
                <Coords points="442,1101 1452,1101 1452,1154 442,1154"/>
                <Baseline points="442,1150 595,1140 832,1149 1035,1141 1225,1141 1452,1131"/>
                <Word id="w_w2aab1b5b2b3b9ab1" language="English" custom="readingOrder {index:0;}">
                    <Coords points="442,1101 595,1101 595,1150 442,1150"/>
                    <TextEquiv>
                        <Unicode>phonsi</Unicode>
                    </TextEquiv>
                    <TextStyle fontFamily="Times New Roman" fontSize="8.5"/>
                </Word>
                <Word id="w_w2aab1b5b2b3b9ac15" language="English" custom="readingOrder {index:1;}">
                    <Coords points="623,1102 832,1102 832,1149 623,1149"/>
                    <TextEquiv>
                        <Unicode>Toletani,</Unicode>
                    </TextEquiv>
                    <TextStyle fontFamily="Times New Roman" fontSize="8.5"/>
                </Word>
                <Word id="w_w2aab1b5b2b3b9ac35" language="English" custom="readingOrder {index:2;}">
                    <Coords points="857,1103 1035,1103 1035,1142 857,1142"/>
                    <TextEquiv>
                        <Unicode>Joannis</Unicode>
                    </TextEquiv>
                    <TextStyle fontFamily="Times New Roman" fontSize="8.5"/>
                </Word>
                <Word id="w_w2aab1b5b2b3b9ac51" language="English" custom="readingOrder {index:3;}">
                    <Coords points="1064,1102 1225,1102 1225,1154 1064,1154"/>
                    <TextEquiv>
                        <Unicode>Anglici</Unicode>
                    </TextEquiv>
                    <TextStyle fontFamily="Times New Roman" fontSize="8.5"/>
                </Word>
                <Word id="w_w2aab1b5b2b3b9ac67" language="English" custom="readingOrder {index:4;}">
                    <Coords points="1264,1103 1452,1103 1452,1143 1264,1143"/>
                    <TextEquiv>
                        <Unicode>Baccho-</Unicode>
                    </TextEquiv>
                    <TextStyle fontFamily="Times New Roman" fontSize="8.5"/>
                </Word>
                <TextEquiv>
                    <Unicode>phonsi Toletani, Joannis Anglici Baccho-</Unicode>
                </TextEquiv>
                <TextStyle fontFamily="Times New Roman" fontSize="8.5"/>
            </TextLine>
            <TextLine id="tl_15" primaryLanguage="English" custom="readingOrder {index:12;}">
                <Coords points="441,1175 800,1175 800,1216 441,1216"/>
                <Baseline points="441,1213 506,1215 580,1215 800,1216"/>
                <Word id="w_w2aab1b5b2b3c11ab1" language="English" custom="readingOrder {index:0;}">
                    <Coords points="441,1175 506,1175 506,1215 441,1215"/>
                    <TextEquiv>
                        <Unicode>nis</Unicode>
                    </TextEquiv>
                    <TextStyle fontFamily="Times New Roman" fontSize="8.5"/>
                </Word>
                <Word id="w_w2aab1b5b2b3c11ab9" language="English" custom="readingOrder {index:1;}">
                    <Coords points="537,1179 580,1179 580,1216 537,1216"/>
                    <TextEquiv>
                        <Unicode>et</Unicode>
                    </TextEquiv>
                    <TextStyle fontFamily="Times New Roman" fontSize="8.5"/>
                </Word>
                <Word id="w_w2aab1b5b2b3c11ac15" language="English" custom="readingOrder {index:2;}">
                    <Coords points="606,1176 800,1176 800,1216 606,1216"/>
                    <TextEquiv>
                        <Unicode>aliorum.</Unicode>
                    </TextEquiv>
                    <TextStyle fontFamily="Times New Roman" fontSize="8.5"/>
                </Word>
                <TextEquiv>
                    <Unicode>nis et aliorum.</Unicode>
                </TextEquiv>
                <TextStyle fontFamily="Times New Roman" fontSize="8.5"/>
            </TextLine>
            <TextLine id="tl_16" primaryLanguage="English" custom="readingOrder {index:13;}">
                <Coords points="816,1311 1075,1311 1075,1348 816,1348"/>
                <Baseline points="816,1346 1075,1348"/>
                <Word id="w_w2aab1b5b2b5b1ab1" language="English" custom="readingOrder {index:0;}">
                    <Coords points="816,1311 1075,1311 1075,1348 816,1348"/>
                    <TextEquiv>
                        <Unicode>SGHOLIUM.</Unicode>
                    </TextEquiv>
                    <TextStyle fontFamily="Times New Roman" fontSize="7.5" bold="true"/>
                </Word>
                <TextEquiv>
                    <Unicode>SGHOLIUM.</Unicode>
                </TextEquiv>
                <TextStyle fontFamily="Times New Roman" fontSize="7.5" bold="true"/>
            </TextLine>
            <TextLine id="tl_17" primaryLanguage="English" custom="readingOrder {index:14;}">
                <Coords points="489,1435 1457,1435 1457,1484 489,1484"/>
                <Baseline points="489,1471 618,1472 901,1472 1184,1473 1457,1474"/>
                <Word id="w_w2aab1b5b2b7b1ab1" language="English" custom="readingOrder {index:0;}">
                    <Coords points="489,1435 618,1435 618,1472 489,1472"/>
                    <TextEquiv>
                        <Unicode>Solvit</Unicode>
                    </TextEquiv>
                    <TextStyle fontFamily="Times New Roman" fontSize="7.5" bold="true"/>
                </Word>
                <Word id="w_w2aab1b5b2b7b1ac15" language="English" custom="readingOrder {index:1;}">
                    <Coords points="656,1440 901,1440 901,1481 656,1481"/>
                    <TextEquiv>
                        <Unicode>argumenta</Unicode>
                    </TextEquiv>
                    <TextStyle fontFamily="Times New Roman" fontSize="7.5" bold="true"/>
                </Word>
                <Word id="w_w2aab1b5b2b7b1ac35" language="English" custom="readingOrder {index:2;}">
                    <Coords points="936,1437 1184,1437 1184,1483 936,1483"/>
                    <TextEquiv>
                        <Unicode>principalia</Unicode>
                    </TextEquiv>
                    <TextStyle fontFamily="Times New Roman" fontSize="7.5" bold="true"/>
                </Word>
                <Word id="w_w2aab1b5b2b7b1ac59" language="English" custom="readingOrder {index:3;}">
                    <Coords points="1222,1439 1457,1439 1457,1484 1222,1484"/>
                    <TextEquiv>
                        <Unicode>quaestionis</Unicode>
                    </TextEquiv>
                    <TextStyle fontFamily="Times New Roman" fontSize="7.5" bold="true"/>
                </Word>
                <TextEquiv>
                    <Unicode>Solvit argumenta principalia quaestionis</Unicode>
                </TextEquiv>
                <TextStyle fontFamily="Times New Roman" fontSize="7.5" bold="true"/>
            </TextLine>
            <TextLine id="tl_18" primaryLanguage="English" custom="readingOrder {index:15;}">
                <Coords points="443,1502 1456,1502 1456,1549 443,1549"/>
                <Baseline points="443,1546 598,1536 728,1536 813,1537 984,1538 1204,1538 1386,1547 1456,1539"/>
                <Word id="w_w2aab1b5b2b7b3ab1" language="English" custom="readingOrder {index:0;}">
                    <Coords points="443,1503 598,1503 598,1546 443,1546"/>
                    <TextEquiv>
                        <Unicode>quartae</Unicode>
                    </TextEquiv>
                    <TextStyle fontFamily="Times New Roman" fontSize="7.5" bold="true"/>
                </Word>
                <Word id="w_w2aab1b5b2b7b3ac17" language="English" custom="readingOrder {index:1;}">
                    <Coords points="637,1511 728,1511 728,1546 637,1546"/>
                    <TextEquiv>
                        <Unicode>quae</Unicode>
                    </TextEquiv>
                    <TextStyle fontFamily="Times New Roman" fontSize="7.5" bold="true"/>
                </Word>
                <Word id="w_w2aab1b5b2b7b3ac27" language="English" custom="readingOrder {index:2;}">
                    <Coords points="753,1504 813,1504 813,1537 753,1537"/>
                    <TextEquiv>
                        <Unicode>est</Unicode>
                    </TextEquiv>
                    <TextStyle fontFamily="Times New Roman" fontSize="7.5" bold="true"/>
                </Word>
                <Word id="w_w2aab1b5b2b7b3ac35" language="English" custom="readingOrder {index:3;}">
                    <Coords points="850,1504 984,1504 984,1547 850,1547"/>
                    <TextEquiv>
                        <Unicode>prima</Unicode>
                    </TextEquiv>
                    <TextStyle fontFamily="Times New Roman" fontSize="7.5" bold="true"/>
                </Word>
                <Word id="w_w2aab1b5b2b7b3ac47" language="English" custom="readingOrder {index:4;}">
                    <Coords points="1016,1502 1204,1502 1204,1539 1016,1539"/>
                    <TextEquiv>
                        <Unicode>secundae</Unicode>
                    </TextEquiv>
                    <TextStyle fontFamily="Times New Roman" fontSize="7.5" bold="true"/>
                </Word>
                <Word id="w_w2aab1b5b2b7b3ac65" language="English" custom="readingOrder {index:5;}">
                    <Coords points="1242,1504 1386,1504 1386,1549 1242,1549"/>
                    <TextEquiv>
                        <Unicode>partis,</Unicode>
                    </TextEquiv>
                    <TextStyle fontFamily="Times New Roman" fontSize="7.5" bold="true"/>
                </Word>
                <Word id="w_w2aab1b5b2b7b3ac81" language="English" custom="readingOrder {index:6;}">
                    <Coords points="1414,1505 1456,1505 1456,1539 1414,1539"/>
                    <TextEquiv>
                        <Unicode>in</Unicode>
                    </TextEquiv>
                    <TextStyle fontFamily="Times New Roman" fontSize="7.5" bold="true"/>
                </Word>
                <TextEquiv>
                    <Unicode>quartae quae est prima secundae partis, in</Unicode>
                </TextEquiv>
                <TextStyle fontFamily="Times New Roman" fontSize="7.5" bold="true"/>
            </TextLine>
            <TextLine id="tl_19" primaryLanguage="English" custom="readingOrder {index:16;}">
                <Coords points="447,1565 1458,1565 1458,1612 447,1612"/>
                <Baseline points="447,1610 622,1600 929,1601 1139,1604 1316,1603 1458,1603"/>
                <Word id="w_w2aab1b5b2b7b5ab1" language="English" custom="readingOrder {index:0;}">
                    <Coords points="447,1574 622,1574 622,1610 447,1610"/>
                    <TextEquiv>
                        <Unicode>quorum</Unicode>
                    </TextEquiv>
                    <TextStyle fontFamily="Times New Roman" fontSize="7.5" bold="true"/>
                </Word>
                <Word id="w_w2aab1b5b2b7b5ac15" language="English" custom="readingOrder {index:1;}">
                    <Coords points="661,1565 929,1565 929,1602 661,1602"/>
                    <TextEquiv>
                        <Unicode>solutionibus</Unicode>
                    </TextEquiv>
                    <TextStyle fontFamily="Times New Roman" fontSize="7.5" bold="true"/>
                </Word>
                <Word id="w_w2aab1b5b2b7b5ac41" language="English" custom="readingOrder {index:2;}">
                    <Coords points="961,1567 1139,1567 1139,1612 961,1612"/>
                    <TextEquiv>
                        <Unicode>explicat</Unicode>
                    </TextEquiv>
                    <TextStyle fontFamily="Times New Roman" fontSize="7.5" bold="true"/>
                </Word>
                <Word id="w_w2aab1b5b2b7b5ac59" language="English" custom="readingOrder {index:3;}">
                    <Coords points="1189,1568 1316,1568 1316,1603 1189,1603"/>
                    <TextEquiv>
                        <Unicode>multa</Unicode>
                    </TextEquiv>
                    <TextStyle fontFamily="Times New Roman" fontSize="7.5" bold="true"/>
                </Word>
                <Word id="w_w2aab1b5b2b7b5ac71" language="English" custom="readingOrder {index:4;}">
                    <Coords points="1355,1570 1458,1570 1458,1604 1355,1604"/>
                    <TextEquiv>
                        <Unicode>scitu</Unicode>
                    </TextEquiv>
                    <TextStyle fontFamily="Times New Roman" fontSize="7.5" bold="true"/>
                </Word>
                <TextEquiv>
                    <Unicode>quorum solutionibus explicat multa scitu</Unicode>
                </TextEquiv>
                <TextStyle fontFamily="Times New Roman" fontSize="7.5" bold="true"/>
            </TextLine>
            <TextLine id="tl_20" primaryLanguage="English" custom="readingOrder {index:17;}">
                <Coords points="448,1628 1459,1628 1459,1676 448,1676"/>
                <Baseline points="448,1664 586,1672 735,1664 895,1666 1174,1676 1262,1668 1459,1667"/>
                <Word id="w_w2aab1b5b2b7b7ab1" language="English" custom="readingOrder {index:0;}">
                    <Coords points="448,1628 586,1628 586,1674 448,1674"/>
                    <TextEquiv>
                        <Unicode>digna,</Unicode>
                    </TextEquiv>
                    <TextStyle fontFamily="Times New Roman" fontSize="7.5" bold="true"/>
                </Word>
                <Word id="w_w2aab1b5b2b7b7ac15" language="English" custom="readingOrder {index:1;}">
                    <Coords points="625,1629 735,1629 735,1664 625,1664"/>
                    <TextEquiv>
                        <Unicode>circa</Unicode>
                    </TextEquiv>
                    <TextStyle fontFamily="Times New Roman" fontSize="7.5" bold="true"/>
                </Word>
                <Word id="w_w2aab1b5b2b7b7ac27" language="English" custom="readingOrder {index:2;}">
                    <Coords points="791,1629 895,1629 895,1666 791,1666"/>
                    <TextEquiv>
                        <Unicode>hanc</Unicode>
                    </TextEquiv>
                    <TextStyle fontFamily="Times New Roman" fontSize="7.5" bold="true"/>
                </Word>
                <Word id="w_w2aab1b5b2b7b7ac37" language="English" custom="readingOrder {index:3;}">
                    <Coords points="945,1632 1174,1632 1174,1676 945,1676"/>
                    <TextEquiv>
                        <Unicode>materiam,</Unicode>
                    </TextEquiv>
                    <TextStyle fontFamily="Times New Roman" fontSize="7.5" bold="true"/>
                </Word>
                <Word id="w_w2aab1b5b2b7b7ac57" language="English" custom="readingOrder {index:4;}">
                    <Coords points="1212,1631 1262,1631 1262,1668 1212,1668"/>
                    <TextEquiv>
                        <Unicode>de</Unicode>
                    </TextEquiv>
                    <TextStyle fontFamily="Times New Roman" fontSize="7.5" bold="true"/>
                </Word>
                <Word id="w_w2aab1b5b2b7b7ac63" language="English" custom="readingOrder {index:5;}">
                    <Coords points="1306,1633 1459,1633 1459,1668 1306,1668"/>
                    <TextEquiv>
                        <Unicode>unitate</Unicode>
                    </TextEquiv>
                    <TextStyle fontFamily="Times New Roman" fontSize="7.5" bold="true"/>
                </Word>
                <TextEquiv>
                    <Unicode>digna, circa hanc materiam, de unitate</Unicode>
                </TextEquiv>
                <TextStyle fontFamily="Times New Roman" fontSize="7.5" bold="true"/>
            </TextLine>
            <TextLine id="tl_21" primaryLanguage="English" custom="readingOrder {index:18;}">
                <Coords points="449,1691 1461,1691 1461,1736 449,1736"/>
                <Baseline points="449,1726 488,1728 727,1726 934,1736 1144,1729 1461,1729"/>
                <Word id="w_w2aab1b5b2b7b9ab1" language="English" custom="readingOrder {index:0;}">
                    <Coords points="449,1694 488,1694 488,1728 449,1728"/>
                    <TextEquiv>
                        <Unicode>et</Unicode>
                    </TextEquiv>
                    <TextStyle fontFamily="Times New Roman" fontSize="7.5" bold="true"/>
                </Word>
                <Word id="w_w2aab1b5b2b7b9ab7" language="English" custom="readingOrder {index:1;}">
                    <Coords points="530,1692 727,1692 727,1728 530,1728"/>
                    <TextEquiv>
                        <Unicode>Trinitate</Unicode>
                    </TextEquiv>
                    <TextStyle fontFamily="Times New Roman" fontSize="7.5" bold="true"/>
                </Word>
                <Word id="w_w2aab1b5b2b7b9ac27" language="English" custom="readingOrder {index:2;}">
                    <Coords points="777,1691 934,1691 934,1736 777,1736"/>
                    <TextEquiv>
                        <Unicode>divina,</Unicode>
                    </TextEquiv>
                    <TextStyle fontFamily="Times New Roman" fontSize="7.5" bold="true"/>
                </Word>
                <Word id="w_w2aab1b5b2b7b9ac43" language="English" custom="readingOrder {index:3;}">
                    <Coords points="968,1696 1144,1696 1144,1730 968,1730"/>
                    <TextEquiv>
                        <Unicode>tractans</Unicode>
                    </TextEquiv>
                    <TextStyle fontFamily="Times New Roman" fontSize="7.5" bold="true"/>
                </Word>
                <Word id="w_w2aab1b5b2b7b9ac61" language="English" custom="readingOrder {index:4;}">
                    <Coords points="1198,1694 1461,1694 1461,1731 1198,1731"/>
                    <TextEquiv>
                        <Unicode>subtilissime</Unicode>
                    </TextEquiv>
                    <TextStyle fontFamily="Times New Roman" fontSize="7.5" bold="true"/>
                </Word>
                <TextEquiv>
                    <Unicode>et Trinitate divina, tractans subtilissime</Unicode>
                </TextEquiv>
                <TextStyle fontFamily="Times New Roman" fontSize="7.5" bold="true"/>
            </TextLine>
            <TextLine id="tl_22" primaryLanguage="English" custom="readingOrder {index:19;}">
                <Coords points="450,1755 1461,1755 1461,1798 450,1798"/>
                <Baseline points="450,1790 671,1790 807,1791 833,1791 950,1791 1064,1793 1225,1793 1320,1794 1461,1796"/>
                <Word id="w_w2aab1b5b2b7c11ab1" language="English" custom="readingOrder {index:0;}">
                    <Coords points="450,1755 671,1755 671,1790 450,1790"/>
                    <TextEquiv>
                        <Unicode>maximam</Unicode>
                    </TextEquiv>
                    <TextStyle fontFamily="Times New Roman" fontSize="7.5" bold="true"/>
                </Word>
                <Word id="w_w2aab1b5b2b7c11ac17" language="English" custom="readingOrder {index:1;}">
                    <Coords points="692,1755 807,1755 807,1791 692,1791"/>
                    <TextEquiv>
                        <Unicode>illam</Unicode>
                    </TextEquiv>
                    <TextStyle fontFamily="Times New Roman" fontSize="7.5" bold="true"/>
                </Word>
                <Word id="w_w2aab1b5b2b7c11ac29" language="English" custom="readingOrder {index:2;}">
                    <Coords points="825,1768 833,1768 833,1791 825,1791"/>
                    <TextEquiv>
                        <Unicode>:</Unicode>
                    </TextEquiv>
                    <TextStyle fontFamily="Times New Roman" fontSize="7.5" bold="true"/>
                </Word>
                <Word id="w_w2aab1b5b2b7c11ac33" language="English" custom="readingOrder {index:3;}">
                    <Coords points="856,1757 950,1757 950,1798 856,1798"/>
                    <TextEquiv>
                        <Unicode>Quae</Unicode>
                    </TextEquiv>
                    <TextStyle fontFamily="Times New Roman" fontSize="7.5" bold="true"/>
                </Word>
                <Word id="w_w2aab1b5b2b7c11ac43" language="English" custom="readingOrder {index:4;}">
                    <Coords points="971,1760 1064,1760 1064,1793 971,1793"/>
                    <TextEquiv>
                        <Unicode>sunt</Unicode>
                    </TextEquiv>
                    <TextStyle fontFamily="Times New Roman" fontSize="7.5" bold="true"/>
                </Word>
                <Word id="w_w2aab1b5b2b7c11ac53" language="English" custom="readingOrder {index:5;}">
                    <Coords points="1085,1757 1225,1757 1225,1793 1085,1793"/>
                    <TextEquiv>
                        <Unicode>eadem</Unicode>
                    </TextEquiv>
                    <TextStyle fontFamily="Times New Roman" fontSize="7.5" bold="true"/>
                </Word>
                <Word id="w_w2aab1b5b2b7c11ac65" language="English" custom="readingOrder {index:6;}">
                    <Coords points="1249,1759 1320,1759 1320,1794 1249,1794"/>
                    <TextEquiv>
                        <Unicode>uni</Unicode>
                    </TextEquiv>
                    <TextStyle fontFamily="Times New Roman" fontSize="7.5" bold="true"/>
                </Word>
                <Word id="w_w2aab1b5b2b7c11ac73" language="English" custom="readingOrder {index:7;}">
                    <Coords points="1342,1760 1461,1760 1461,1796 1342,1796"/>
                    <TextEquiv>
                        <Unicode>tertio</Unicode>
                    </TextEquiv>
                    <TextStyle fontFamily="Times New Roman" fontSize="7.5" bold="true"/>
                </Word>
                <TextEquiv>
                    <Unicode>maximam illam : Quae sunt eadem uni tertio</Unicode>
                </TextEquiv>
                <TextStyle fontFamily="Times New Roman" fontSize="7.5" bold="true"/>
            </TextLine>
            <TextLine id="tl_23" primaryLanguage="English" custom="readingOrder {index:20;}">
                <Coords points="449,1819 1461,1819 1461,1867 449,1867"/>
                <Baseline points="449,1856 544,1856 706,1856 834,1856 922,1864 1144,1858 1344,1859 1461,1861"/>
                <Word id="w_w2aab1b5b2b7c13ab1" language="English" custom="readingOrder {index:0;}">
                    <Coords points="449,1823 544,1823 544,1856 449,1856"/>
                    <TextEquiv>
                        <Unicode>sunt</Unicode>
                    </TextEquiv>
                    <TextStyle fontFamily="Times New Roman" fontSize="7.5" bold="true"/>
                </Word>
                <Word id="w_w2aab1b5b2b7c13ac11" language="English" custom="readingOrder {index:1;}">
                    <Coords points="566,1819 706,1819 706,1856 566,1856"/>
                    <TextEquiv>
                        <Unicode>eadem</Unicode>
                    </TextEquiv>
                    <TextStyle fontFamily="Times New Roman" fontSize="7.5" bold="true"/>
                </Word>
                <Word id="w_w2aab1b5b2b7c13ac23" language="English" custom="readingOrder {index:2;}">
                    <Coords points="726,1821 834,1821 834,1857 726,1857"/>
                    <TextEquiv>
                        <Unicode>inter</Unicode>
                    </TextEquiv>
                    <TextStyle fontFamily="Times New Roman" fontSize="7.5" bold="true"/>
                </Word>
                <Word id="w_w2aab1b5b2b7c13ac35" language="English" custom="readingOrder {index:3;}">
                    <Coords points="865,1830 922,1830 922,1864 865,1864"/>
                    <TextEquiv>
                        <Unicode>se,</Unicode>
                    </TextEquiv>
                    <TextStyle fontFamily="Times New Roman" fontSize="7.5" bold="true"/>
                </Word>
                <Word id="w_w2aab1b5b2b7c13ac43" language="English" custom="readingOrder {index:4;}">
                    <Coords points="944,1825 1144,1825 1144,1867 944,1867"/>
                    <TextEquiv>
                        <Unicode>quatenus</Unicode>
                    </TextEquiv>
                    <TextStyle fontFamily="Times New Roman" fontSize="7.5" bold="true"/>
                </Word>
                <Word id="w_w2aab1b5b2b7c13ac61" language="English" custom="readingOrder {index:5;}">
                    <Coords points="1176,1823 1344,1823 1344,1859 1176,1859"/>
                    <TextEquiv>
                        <Unicode>videtur</Unicode>
                    </TextEquiv>
                    <TextStyle fontFamily="Times New Roman" fontSize="7.5" bold="true"/>
                </Word>
                <Word id="w_w2aab1b5b2b7c13ac77" language="English" custom="readingOrder {index:6;}">
                    <Coords points="1373,1834 1461,1834 1461,1861 1373,1861"/>
                    <TextEquiv>
                        <Unicode>esse</Unicode>
                    </TextEquiv>
                    <TextStyle fontFamily="Times New Roman" fontSize="7.5" bold="true"/>
                </Word>
                <TextEquiv>
                    <Unicode>sunt eadem inter se, quatenus videtur esse</Unicode>
                </TextEquiv>
                <TextStyle fontFamily="Times New Roman" fontSize="7.5" bold="true"/>
            </TextLine>
            <TextLine id="tl_24" primaryLanguage="English" custom="readingOrder {index:21;}">
                <Coords points="449,1886 1132,1886 1132,1930 449,1930"/>
                <Baseline points="449,1919 590,1920 867,1920 1132,1922"/>
                <Word id="w_w2aab1b5b2b7c15ab1" language="English" custom="readingOrder {index:0;}">
                    <Coords points="449,1887 590,1887 590,1920 449,1920"/>
                    <TextEquiv>
                        <Unicode>contra</Unicode>
                    </TextEquiv>
                    <TextStyle fontFamily="Times New Roman" fontSize="7.5" bold="true"/>
                </Word>
                <Word id="w_w2aab1b5b2b7c15ac15" language="English" custom="readingOrder {index:1;}">
                    <Coords points="628,1886 867,1886 867,1930 628,1930"/>
                    <TextEquiv>
                        <Unicode>mysterium</Unicode>
                    </TextEquiv>
                    <TextStyle fontFamily="Times New Roman" fontSize="7.5" bold="true"/>
                </Word>
                <Word id="w_w2aab1b5b2b7c15ac35" language="English" custom="readingOrder {index:2;}">
                    <Coords points="907,1886 1132,1886 1132,1922 907,1922"/>
                    <TextEquiv>
                        <Unicode>Trinitatis.</Unicode>
                    </TextEquiv>
                    <TextStyle fontFamily="Times New Roman" fontSize="7.5" bold="true"/>
                </Word>
                <TextEquiv>
                    <Unicode>contra mysterium Trinitatis.</Unicode>
                </TextEquiv>
                <TextStyle fontFamily="Times New Roman" fontSize="7.5" bold="true"/>
            </TextLine>
            <TextLine id="line_1616374369856_7063" primaryLanguage="English" custom="readingOrder {index:22;}">
                <Coords points="434,2010 1460,2010 1460,2093 434,2093"/>
                <Baseline points="434,2086 581,2056 674,2070 708,2056 728,2056 783,2056 959,2069 992,2058 1010,2070 1460,2062"/>
                <Word id="w_w2aab1b5b2b9b1b2b7" language="English" custom="readingOrder {index:0;}">
                    <Coords points="507,2011 581,2011 581,2056 507,2056"/>
                    <TextEquiv>
                        <Unicode>^</Unicode>
                    </TextEquiv>
                    <TextStyle fontFamily="Times New Roman" fontSize="10.5"/>
                </Word>
                <Word id="w_w2aab1b5b2b9b1b2c11" language="English" custom="readingOrder {index:1;}">
                    <Coords points="645,2024 674,2024 674,2070 645,2070"/>
                    <TextEquiv>
                        <Unicode>P</Unicode>
                    </TextEquiv>
                    <TextStyle fontFamily="Times New Roman" fontSize="10.5"/>
                </Word>
                <Word id="w_w2aab1b5b2b9b1b3b1" language="English" custom="readingOrder {index:2;}">
                    <Coords points="684,2025 708,2025 708,2056 684,2056"/>
                    <TextEquiv>
                        <Unicode>r</Unicode>
                    </TextEquiv>
                    <TextStyle fontFamily="Times New Roman" fontSize="10.5" superscript="true"/>
                </Word>
                <Word id="w_w2aab1b5b2b9b1b4b1" language="English" custom="readingOrder {index:3;}">
                    <Coords points="712,2010 728,2010 728,2056 712,2056"/>
                    <TextEquiv>
                        <Unicode>i</Unicode>
                    </TextEquiv>
                    <TextStyle fontFamily="Times New Roman" fontSize="10.5"/>
                </Word>
                <Word id="w_w2aab1b5b2b9b1b5b1" language="English" custom="readingOrder {index:4;}">
                    <Coords points="734,2024 876,2024 876,2057 734,2057"/>
                    <TextEquiv>
                        <Unicode>mum</Unicode>
                    </TextEquiv>
                    <TextStyle fontFamily="Times New Roman" fontSize="10.5" superscript="true"/>
                </Word>
                <Word id="w_w2aab1b5b2b9b1b6b3" language="English" custom="readingOrder {index:5;}">
                    <Coords points="943,2013 959,2013 959,2069 943,2069"/>
                    <TextEquiv>
                        <Unicode>(</Unicode>
                    </TextEquiv>
                    <TextStyle fontFamily="Times New Roman" fontSize="10.5"/>
                </Word>
                <Word id="w_w2aab1b5b2b9b1b7b1" language="English" custom="readingOrder {index:6;}">
                    <Coords points="963,2025 992,2025 992,2058 963,2058"/>
                    <TextEquiv>
                        <Unicode>a</Unicode>
                    </TextEquiv>
                    <TextStyle fontFamily="Times New Roman" fontSize="10.5" superscript="true"/>
                </Word>
                <Word id="w_w2aab1b5b2b9b1b8b1" language="English" custom="readingOrder {index:7;}">
                    <Coords points="995,2014 1010,2014 1010,2070 995,2070"/>
                    <TextEquiv>
                        <Unicode>)</Unicode>
                    </TextEquiv>
                    <TextStyle fontFamily="Times New Roman" fontSize="10.5"/>
                </Word>
                <Word id="w_w2aab1b5b2b9b1b8b5" language="English" custom="readingOrder {index:8;}">
                    <Coords points="1084,2017 1460,2017 1460,2072 1084,2072"/>
                    <TextEquiv>
                        <Unicode>argumentum</Unicode>
                    </TextEquiv>
                    <TextStyle fontFamily="Times New Roman" fontSize="10.5"/>
                </Word>
                <TextEquiv>
                    <Unicode>Ad tr' i ^ Primum (a) argumentum</Unicode>
                </TextEquiv>
            </TextLine>
            <TextLine id="line_1616374369857_7065" primaryLanguage="English" custom="readingOrder {index:23;}">
                <Coords points="434,2070 1461,2070 1461,2151 434,2151"/>
                <Baseline points="434,2134 744,2133 919,2140 1097,2135 1329,2136 1461,2139"/>
                <Word id="w_w2aab1b5b2b9b3b4b3" language="English" custom="readingOrder {index:0;}">
                    <Coords points="450,2086 744,2086 744,2146 450,2146"/>
                    <TextEquiv>
                        <Unicode>principale</Unicode>
                    </TextEquiv>
                    <TextStyle fontFamily="Times New Roman" fontSize="10.5"/>
                </Word>
                <Word id="w_w2aab1b5b2b9b3b4c25" language="English" custom="readingOrder {index:1;}">
                    <Coords points="787,2087 919,2087 919,2140 787,2140"/>
                    <TextEquiv>
                        <Unicode>dico,</Unicode>
                    </TextEquiv>
                    <TextStyle fontFamily="Times New Roman" fontSize="10.5"/>
                </Word>
                <Word id="w_w2aab1b5b2b9b3b4c37" language="English" custom="readingOrder {index:2;}">
                    <Coords points="963,2089 1097,2089 1097,2147 963,2147"/>
                    <TextEquiv>
                        <Unicode>quod</Unicode>
                    </TextEquiv>
                    <TextStyle fontFamily="Times New Roman" fontSize="10.5"/>
                </Word>
                <Word id="w_w2aab1b5b2b9b3b4c47" language="English" custom="readingOrder {index:3;}">
                    <Coords points="1154,2090 1329,2090 1329,2151 1154,2151"/>
                    <TextEquiv>
                        <Unicode>major</Unicode>
                    </TextEquiv>
                    <TextStyle fontFamily="Times New Roman" fontSize="10.5"/>
                </Word>
                <Word id="w_w2aab1b5b2b9b3b4c59" language="English" custom="readingOrder {index:4;}">
                    <Coords points="1387,2092 1461,2092 1461,2139 1387,2139"/>
                    <TextEquiv>
                        <Unicode>sic</Unicode>
                    </TextEquiv>
                    <TextStyle fontFamily="Times New Roman" fontSize="10.5"/>
                </Word>
                <TextEquiv>
                    <Unicode>qusestr.°'4'. principale dico, quod major sic</Unicode>
                </TextEquiv>
            </TextLine>
            <TextLine id="line_1616374369857_7067" primaryLanguage="English" custom="readingOrder {index:24;}">
                <Coords points="434,2141 1462,2141 1462,2226 434,2226"/>
                <Baseline points="434,2210 531,2208 914,2209 951,2209 1336,2213 1462,2201"/>
                <Word id="word_1616374369858_7069" language="English" custom="readingOrder {index:0;}">
                    <Coords points="434,2141 531,2141 531,2217 434,2217"/>
                    <TextEquiv>
                        <Unicode>siintSemest</Unicode>
                    </TextEquiv>
                    <TextStyle fontFamily="Times New Roman" fontSize="10.5"/>
                </Word>
                <Word id="w_w2aab1b5b2b9b5ac25" language="English" custom="readingOrder {index:1;}">
                    <Coords points="576,2162 914,2162 914,2222 576,2222"/>
                    <TextEquiv>
                        <Unicode>intelligenda</Unicode>
                    </TextEquiv>
                    <TextStyle fontFamily="Times New Roman" fontSize="10.5"/>
                </Word>
                <Word id="w_w2aab1b5b2b9b5ac51" language="English" custom="readingOrder {index:2;}">
                    <Coords points="942,2181 951,2181 951,2209 942,2209"/>
                    <TextEquiv>
                        <Unicode>:</Unicode>
                    </TextEquiv>
                    <TextStyle fontFamily="Times New Roman" fontSize="10.5"/>
                </Word>
                <Word id="w_w2aab1b5b2b9b5ac55" language="English" custom="readingOrder {index:3;}">
                    <Coords points="987,2167 1336,2167 1336,2226 987,2226"/>
                    <TextEquiv>
                        <Unicode>Quaecumque</Unicode>
                    </TextEquiv>
                    <TextStyle fontFamily="Times New Roman" fontSize="10.5"/>
                </Word>
                <Word id="w_w2aab1b5b2b9b5ac77" language="English" custom="readingOrder {index:4;}">
                    <Coords points="1371,2168 1462,2168 1462,2214 1371,2214"/>
                    <TextEquiv>
                        <Unicode>ali-</Unicode>
                    </TextEquiv>
                    <TextStyle fontFamily="Times New Roman" fontSize="10.5"/>
                </Word>
                <TextEquiv>
                    <Unicode>siintSemest intelligenda : Quaecumque ali-</Unicode>
                </TextEquiv>
                <TextStyle fontFamily="Times New Roman" fontSize="10.5"/>
            </TextLine>
            <TextLine id="line_1616374369858_7071" primaryLanguage="English" custom="readingOrder {index:25;}">
                <Coords points="434,2234 1458,2234 1458,2303 434,2303"/>
                <Baseline points="434,2295 859,2285 1019,2288 1242,2288 1458,2297"/>
                <Word id="w_w2aab1b5b2b9b7ac25" language="English" custom="readingOrder {index:0;}">
                    <Coords points="581,2239 859,2239 859,2286 581,2286"/>
                    <TextEquiv>
                        <Unicode>identitate</Unicode>
                    </TextEquiv>
                    <TextStyle fontFamily="Times New Roman" fontSize="10.5"/>
                </Word>
                <Word id="w_w2aab1b5b2b9b7ac47" language="English" custom="readingOrder {index:1;}">
                    <Coords points="899,2244 1019,2244 1019,2288 899,2288"/>
                    <TextEquiv>
                        <Unicode>sunt</Unicode>
                    </TextEquiv>
                    <TextStyle fontFamily="Times New Roman" fontSize="10.5"/>
                </Word>
                <Word id="w_w2aab1b5b2b9b7ac57" language="English" custom="readingOrder {index:2;}">
                    <Coords points="1064,2242 1242,2242 1242,2288 1064,2288"/>
                    <TextEquiv>
                        <Unicode>eadem</Unicode>
                    </TextEquiv>
                    <TextStyle fontFamily="Times New Roman" fontSize="10.5"/>
                </Word>
                <Word id="w_w2aab1b5b2b9b7ac69" language="English" custom="readingOrder {index:3;}">
                    <Coords points="1282,2243 1458,2243 1458,2297 1282,2297"/>
                    <TextEquiv>
                        <Unicode>alicui,</Unicode>
                    </TextEquiv>
                    <TextStyle fontFamily="Times New Roman" fontSize="10.5"/>
                </Word>
                <TextEquiv>
                    <Unicode>iertio?sunt identitate sunt eadem alicui,</Unicode>
                </TextEquiv>
                <TextStyle fontFamily="Times New Roman" fontSize="10.5"/>
            </TextLine>
            <TextLine id="line_1616374369858_7073" primaryLanguage="English" custom="readingOrder {index:26;}">
                <Coords points="434,2305 1463,2305 1463,2379 434,2379"/>
                <Baseline points="434,2371 582,2361 617,2360 659,2360 956,2361 1130,2361 1213,2364 1310,2364 1463,2367"/>
                <Word id="w_w2aab1b5b2b9b9b2b5" language="English" custom="readingOrder {index:0;}">
                    <Coords points="563,2316 582,2316 582,2361 563,2361"/>
                    <TextEquiv>
                        <Unicode>^</Unicode>
                    </TextEquiv>
                    <TextStyle fontFamily="Times New Roman" fontSize="10.5"/>
                </Word>
                <Word id="w_w2aab1b5b2b9b9b3b1" language="English" custom="readingOrder {index:1;}">
                    <Coords points="588,2327 617,2327 617,2360 588,2360"/>
                    <TextEquiv>
                        <Unicode>a</Unicode>
                    </TextEquiv>
                    <TextStyle fontFamily="Times New Roman" fontSize="10.5" superscript="true"/>
                </Word>
                <Word id="w_w2aab1b5b2b9b9b4b1" language="English" custom="readingOrder {index:2;}">
                    <Coords points="623,2314 659,2314 659,2360 623,2360"/>
                    <TextEquiv>
                        <Unicode>H</Unicode>
                    </TextEquiv>
                    <TextStyle fontFamily="Times New Roman" fontSize="10.5"/>
                </Word>
                <Word id="w_w2aab1b5b2b9b9b4b5" language="English" custom="readingOrder {index:3;}">
                    <Coords points="681,2314 956,2314 956,2362 681,2362"/>
                    <TextEquiv>
                        <Unicode>identitate</Unicode>
                    </TextEquiv>
                    <TextStyle fontFamily="Times New Roman" fontSize="10.5"/>
                </Word>
                <Word id="w_w2aab1b5b2b9b9b4c27" language="English" custom="readingOrder {index:4;}">
                    <Coords points="990,2315 1130,2315 1130,2363 990,2363"/>
                    <TextEquiv>
                        <Unicode>inter</Unicode>
                    </TextEquiv>
                    <TextStyle fontFamily="Times New Roman" fontSize="10.5"/>
                </Word>
                <Word id="w_w2aab1b5b2b9b9b4c39" language="English" custom="readingOrder {index:5;}">
                    <Coords points="1159,2331 1213,2331 1213,2364 1159,2364"/>
                    <TextEquiv>
                        <Unicode>se</Unicode>
                    </TextEquiv>
                    <TextStyle fontFamily="Times New Roman" fontSize="10.5"/>
                </Word>
                <Word id="w_w2aab1b5b2b9b9b4c45" language="English" custom="readingOrder {index:6;}">
                    <Coords points="1235,2319 1310,2319 1310,2364 1235,2364"/>
                    <TextEquiv>
                        <Unicode>sic</Unicode>
                    </TextEquiv>
                    <TextStyle fontFamily="Times New Roman" fontSize="10.5"/>
                </Word>
                <Word id="w_w2aab1b5b2b9b9b4c53" language="English" custom="readingOrder {index:7;}">
                    <Coords points="1341,2322 1463,2322 1463,2367 1341,2367"/>
                    <TextEquiv>
                        <Unicode>sunt</Unicode>
                    </TextEquiv>
                    <TextStyle fontFamily="Times New Roman" fontSize="10.5"/>
                </Word>
                <TextEquiv>
                    <Unicode>inte?te™x- ^aH identitate inter se sic sunt</Unicode>
                </TextEquiv>
            </TextLine>
            <TextLine id="line_1616374369859_7075" primaryLanguage="English" custom="readingOrder {index:27;}">
                <Coords points="434,2391 1464,2391 1464,2470 434,2470"/>
                <Baseline points="434,2458 643,2444 816,2437 964,2438 1185,2441 1464,2441"/>
                <Word id="w_w2aab1b5b2b9c11ac17" language="English" custom="readingOrder {index:0;}">
                    <Coords points="449,2391 643,2391 643,2444 449,2444"/>
                    <TextEquiv>
                        <Unicode>badem,</Unicode>
                    </TextEquiv>
                    <TextStyle fontFamily="Times New Roman" fontSize="10.5"/>
                </Word>
                <Word id="w_w2aab1b5b2b9c11ac31" language="English" custom="readingOrder {index:1;}">
                    <Coords points="693,2391 816,2391 816,2450 693,2450"/>
                    <TextEquiv>
                        <Unicode>quia</Unicode>
                    </TextEquiv>
                    <TextStyle fontFamily="Times New Roman" fontSize="10.5"/>
                </Word>
                <Word id="w_w2aab1b5b2b9c11ac41" language="English" custom="readingOrder {index:2;}">
                    <Coords points="860,2406 964,2406 964,2438 860,2438"/>
                    <TextEquiv>
                        <Unicode>non</Unicode>
                    </TextEquiv>
                    <TextStyle fontFamily="Times New Roman" fontSize="10.5"/>
                </Word>
                <Word id="w_w2aab1b5b2b9c11ac49" language="English" custom="readingOrder {index:3;}">
                    <Coords points="1009,2395 1185,2395 1185,2452 1009,2452"/>
                    <TextEquiv>
                        <Unicode>potest</Unicode>
                    </TextEquiv>
                    <TextStyle fontFamily="Times New Roman" fontSize="10.5"/>
                </Word>
                <Word id="w_w2aab1b5b2b9c11ac63" language="English" custom="readingOrder {index:4;}">
                    <Coords points="1224,2396 1464,2396 1464,2442 1224,2442"/>
                    <TextEquiv>
                        <Unicode>concludi</Unicode>
                    </TextEquiv>
                    <TextStyle fontFamily="Times New Roman" fontSize="10.5"/>
                </Word>
                <TextEquiv>
                    <Unicode>optfme! badem, quia non potest concludi</Unicode>
                </TextEquiv>
                <TextStyle fontFamily="Times New Roman" fontSize="10.5"/>
            </TextLine>
            <TextLine id="tl_31" primaryLanguage="English" custom="readingOrder {index:28;}">
                <Coords points="450,2468 1463,2468 1463,2528 450,2528"/>
                <Baseline points="450,2514 628,2514 923,2516 1333,2517 1463,2505"/>
                <Word id="w_w2aab1b5b2b9c13ab1" language="English" custom="readingOrder {index:0;}">
                    <Coords points="450,2468 628,2468 628,2528 450,2528"/>
                    <TextEquiv>
                        <Unicode>aliqua</Unicode>
                    </TextEquiv>
                    <TextStyle fontFamily="Times New Roman" fontSize="10.5"/>
                </Word>
                <Word id="w_w2aab1b5b2b9c13ac15" language="English" custom="readingOrder {index:1;}">
                    <Coords points="674,2469 923,2469 923,2518 674,2518"/>
                    <TextEquiv>
                        <Unicode>identitas</Unicode>
                    </TextEquiv>
                    <TextStyle fontFamily="Times New Roman" fontSize="10.5"/>
                </Word>
                <Word id="w_w2aab1b5b2b9c13ac35" language="English" custom="readingOrder {index:2;}">
                    <Coords points="963,2472 1333,2472 1333,2518 963,2518"/>
                    <TextEquiv>
                        <Unicode>extremorum</Unicode>
                    </TextEquiv>
                    <TextStyle fontFamily="Times New Roman" fontSize="10.5"/>
                </Word>
                <Word id="w_w2aab1b5b2b9c13ac57" language="English" custom="readingOrder {index:3;}">
                    <Coords points="1392,2474 1463,2474 1463,2519 1392,2519"/>
                    <TextEquiv>
                        <Unicode>in¬</Unicode>
                    </TextEquiv>
                    <TextStyle fontFamily="Times New Roman" fontSize="10.5"/>
                </Word>
                <TextEquiv>
                    <Unicode>aliqua identitas extremorum in¬</Unicode>
                </TextEquiv>
                <TextStyle fontFamily="Times New Roman" fontSize="10.5"/>
            </TextLine>
            <TextLine id="tl_32" primaryLanguage="English" custom="readingOrder {index:29;}">
                <Coords points="448,2544 1462,2544 1462,2595 448,2595"/>
                <Baseline points="448,2593 533,2590 615,2591 763,2591 1093,2592 1282,2594 1462,2581"/>
                <Word id="w_w2aab1b5b2b9c15ab1" language="English" custom="readingOrder {index:0;}">
                    <Coords points="448,2548 533,2548 533,2593 448,2593"/>
                    <TextEquiv>
                        <Unicode>ter</Unicode>
                    </TextEquiv>
                    <TextStyle fontFamily="Times New Roman" fontSize="10.5"/>
                </Word>
                <Word id="w_w2aab1b5b2b9c15ab9" language="English" custom="readingOrder {index:1;}">
                    <Coords points="561,2559 615,2559 615,2591 561,2591"/>
                    <TextEquiv>
                        <Unicode>se</Unicode>
                    </TextEquiv>
                    <TextStyle fontFamily="Times New Roman" fontSize="10.5"/>
                </Word>
                <Word id="w_w2aab1b5b2b9c15ac15" language="English" custom="readingOrder {index:2;}">
                    <Coords points="659,2544 763,2544 763,2591 659,2591"/>
                    <TextEquiv>
                        <Unicode>nisi</Unicode>
                    </TextEquiv>
                    <TextStyle fontFamily="Times New Roman" fontSize="10.5"/>
                </Word>
                <Word id="w_w2aab1b5b2b9c15ac25" language="English" custom="readingOrder {index:3;}">
                    <Coords points="809,2547 1093,2547 1093,2592 809,2592"/>
                    <TextEquiv>
                        <Unicode>secundum</Unicode>
                    </TextEquiv>
                    <TextStyle fontFamily="Times New Roman" fontSize="10.5"/>
                </Word>
                <Word id="w_w2aab1b5b2b9c15ac43" language="English" custom="readingOrder {index:4;}">
                    <Coords points="1134,2547 1282,2547 1282,2594 1134,2594"/>
                    <TextEquiv>
                        <Unicode>illam</Unicode>
                    </TextEquiv>
                    <TextStyle fontFamily="Times New Roman" fontSize="10.5"/>
                </Word>
                <Word id="w_w2aab1b5b2b9c15ac55" language="English" custom="readingOrder {index:5;}">
                    <Coords points="1328,2548 1462,2548 1462,2595 1328,2595"/>
                    <TextEquiv>
                        <Unicode>iden¬</Unicode>
                    </TextEquiv>
                    <TextStyle fontFamily="Times New Roman" fontSize="10.5"/>
                </Word>
                <TextEquiv>
                    <Unicode>ter se nisi secundum illam iden¬</Unicode>
                </TextEquiv>
                <TextStyle fontFamily="Times New Roman" fontSize="10.5"/>
            </TextLine>
            <TextLine id="tl_33" primaryLanguage="English" custom="readingOrder {index:30;}">
                <Coords points="446,2621 1462,2621 1462,2680 446,2680"/>
                <Baseline points="446,2668 660,2667 825,2668 1004,2670 1241,2669 1462,2677"/>
                <Word id="w_w2aab1b5b2b9c17ab1" language="English" custom="readingOrder {index:0;}">
                    <Coords points="446,2621 660,2621 660,2668 446,2668"/>
                    <TextEquiv>
                        <Unicode>titatem</Unicode>
                    </TextEquiv>
                    <TextStyle fontFamily="Times New Roman" fontSize="10.5"/>
                </Word>
                <Word id="w_w2aab1b5b2b9c17ac17" language="English" custom="readingOrder {index:1;}">
                    <Coords points="725,2635 825,2635 825,2680 725,2680"/>
                    <TextEquiv>
                        <Unicode>qua</Unicode>
                    </TextEquiv>
                    <TextStyle fontFamily="Times New Roman" fontSize="10.5"/>
                </Word>
                <Word id="w_w2aab1b5b2b9c17ac25" language="English" custom="readingOrder {index:2;}">
                    <Coords points="881,2625 1004,2625 1004,2670 881,2670"/>
                    <TextEquiv>
                        <Unicode>sunt</Unicode>
                    </TextEquiv>
                    <TextStyle fontFamily="Times New Roman" fontSize="10.5"/>
                </Word>
                <Word id="w_w2aab1b5b2b9c17ac35" language="English" custom="readingOrder {index:3;}">
                    <Coords points="1061,2623 1241,2623 1241,2669 1061,2669"/>
                    <TextEquiv>
                        <Unicode>eadem</Unicode>
                    </TextEquiv>
                    <TextStyle fontFamily="Times New Roman" fontSize="10.5"/>
                </Word>
                <Word id="w_w2aab1b5b2b9c17ac47" language="English" custom="readingOrder {index:4;}">
                    <Coords points="1276,2625 1462,2625 1462,2677 1276,2677"/>
                    <TextEquiv>
                        <Unicode>medio,</Unicode>
                    </TextEquiv>
                    <TextStyle fontFamily="Times New Roman" fontSize="10.5"/>
                </Word>
                <TextEquiv>
                    <Unicode>titatem qua sunt eadem medio,</Unicode>
                </TextEquiv>
                <TextStyle fontFamily="Times New Roman" fontSize="10.5"/>
            </TextLine>
            <TextLine id="tl_34" primaryLanguage="English" custom="readingOrder {index:31;}">
                <Coords points="446,2696 1460,2696 1460,2752 446,2752"/>
                <Baseline points="446,2742 498,2744 776,2742 875,2743 980,2743 1119,2744 1247,2745 1460,2752"/>
                <Word id="w_w2aab1b5b2b9c19ab1" language="English" custom="readingOrder {index:0;}">
                    <Coords points="446,2700 498,2700 498,2744 446,2744"/>
                    <TextEquiv>
                        <Unicode>et</Unicode>
                    </TextEquiv>
                    <TextStyle fontFamily="Times New Roman" fontSize="10.5"/>
                </Word>
                <Word id="w_w2aab1b5b2b9c19ab7" language="English" custom="readingOrder {index:1;}">
                    <Coords points="549,2696 776,2696 776,2743 549,2743"/>
                    <TextEquiv>
                        <Unicode>medium</Unicode>
                    </TextEquiv>
                    <TextStyle fontFamily="Times New Roman" fontSize="10.5"/>
                </Word>
                <Word id="w_w2aab1b5b2b9c19ac21" language="English" custom="readingOrder {index:2;}">
                    <Coords points="822,2697 875,2697 875,2743 822,2743"/>
                    <TextEquiv>
                        <Unicode>in</Unicode>
                    </TextEquiv>
                    <TextStyle fontFamily="Times New Roman" fontSize="10.5"/>
                </Word>
                <Word id="w_w2aab1b5b2b9c19ac27" language="English" custom="readingOrder {index:3;}">
                    <Coords points="927,2711 980,2711 980,2743 927,2743"/>
                    <TextEquiv>
                        <Unicode>se</Unicode>
                    </TextEquiv>
                    <TextStyle fontFamily="Times New Roman" fontSize="10.5"/>
                </Word>
                <Word id="w_w2aab1b5b2b9c19ac33" language="English" custom="readingOrder {index:4;}">
                    <Coords points="1045,2698 1119,2698 1119,2744 1045,2744"/>
                    <TextEquiv>
                        <Unicode>sic</Unicode>
                    </TextEquiv>
                    <TextStyle fontFamily="Times New Roman" fontSize="10.5"/>
                </Word>
                <Word id="w_w2aab1b5b2b9c19ac41" language="English" custom="readingOrder {index:5;}">
                    <Coords points="1179,2699 1247,2699 1247,2745 1179,2745"/>
                    <TextEquiv>
                        <Unicode>sit</Unicode>
                    </TextEquiv>
                    <TextStyle fontFamily="Times New Roman" fontSize="10.5"/>
                </Word>
                <Word id="w_w2aab1b5b2b9c19ac49" language="English" custom="readingOrder {index:6;}">
                    <Coords points="1312,2699 1460,2699 1460,2752 1312,2752"/>
                    <TextEquiv>
                        <Unicode>idem,</Unicode>
                    </TextEquiv>
                    <TextStyle fontFamily="Times New Roman" fontSize="10.5"/>
                </Word>
                <TextEquiv>
                    <Unicode>et medium in se sic sit idem,</Unicode>
                </TextEquiv>
                <TextStyle fontFamily="Times New Roman" fontSize="10.5"/>
            </TextLine>
            <TextLine id="tl_35" primaryLanguage="English" custom="readingOrder {index:32;}">
                <Coords points="444,2772 1462,2772 1462,2833 444,2833"/>
                <Baseline points="444,2820 496,2820 620,2817 780,2819 867,2831 1344,2821 1462,2822"/>
                <Word id="w_w2aab1b5b2b9c21ab1" language="English" custom="readingOrder {index:0;}">
                    <Coords points="444,2776 496,2776 496,2820 444,2820"/>
                    <TextEquiv>
                        <Unicode>et</Unicode>
                    </TextEquiv>
                    <TextStyle fontFamily="Times New Roman" fontSize="10.5"/>
                </Word>
                <Word id="w_w2aab1b5b2b9c21ab7" language="English" custom="readingOrder {index:1;}">
                    <Coords points="524,2786 620,2786 620,2832 524,2832"/>
                    <TextEquiv>
                        <Unicode>per</Unicode>
                    </TextEquiv>
                    <TextStyle fontFamily="Times New Roman" fontSize="10.5"/>
                </Word>
                <Word id="w_w2aab1b5b2b9c21ac15" language="English" custom="readingOrder {index:2;}">
                    <Coords points="647,2772 780,2772 780,2819 647,2819"/>
                    <TextEquiv>
                        <Unicode>hanc</Unicode>
                    </TextEquiv>
                    <TextStyle fontFamily="Times New Roman" fontSize="10.5"/>
                </Word>
                <Word id="w_w2aab1b5b2b9c21ac25" language="English" custom="readingOrder {index:3;}">
                    <Coords points="801,2773 867,2773 867,2831 801,2831"/>
                    <TextEquiv>
                        <Unicode>(b)</Unicode>
                    </TextEquiv>
                    <TextStyle fontFamily="Times New Roman" fontSize="10.5"/>
                </Word>
                <Word id="w_w2aab1b5b2b9c21ac33" language="English" custom="readingOrder {index:4;}">
                    <Coords points="918,2774 1344,2774 1344,2833 918,2833"/>
                    <TextEquiv>
                        <Unicode>propositionem</Unicode>
                    </TextEquiv>
                    <TextStyle fontFamily="Times New Roman" fontSize="10.5"/>
                </Word>
                <Word id="w_w2aab1b5b2b9c21ac61" language="English" custom="readingOrder {index:5;}">
                    <Coords points="1387,2776 1462,2776 1462,2822 1387,2822"/>
                    <TextEquiv>
                        <Unicode>sic</Unicode>
                    </TextEquiv>
                    <TextStyle fontFamily="Times New Roman" fontSize="10.5"/>
                </Word>
                <TextEquiv>
                    <Unicode>et per hanc (b) propositionem sic</Unicode>
                </TextEquiv>
                <TextStyle fontFamily="Times New Roman" fontSize="10.5"/>
            </TextLine>
            <TextLine id="tl_36" primaryLanguage="English" custom="readingOrder {index:33;}">
                <Coords points="446,2848 1464,2848 1464,2900 446,2900"/>
                <Baseline points="446,2895 791,2900 989,2896 1225,2897 1464,2898"/>
                <Word id="w_w2aab1b5b2b9c23ab1" language="English" custom="readingOrder {index:0;}">
                    <Coords points="446,2848 791,2848 791,2900 446,2900"/>
                    <TextEquiv>
                        <Unicode>intellectam,</Unicode>
                    </TextEquiv>
                    <TextStyle fontFamily="Times New Roman" fontSize="10.5"/>
                </Word>
                <Word id="w_w2aab1b5b2b9c23ac27" language="English" custom="readingOrder {index:1;}">
                    <Coords points="845,2852 989,2852 989,2896 845,2896"/>
                    <TextEquiv>
                        <Unicode>tenet</Unicode>
                    </TextEquiv>
                    <TextStyle fontFamily="Times New Roman" fontSize="10.5"/>
                </Word>
                <Word id="w_w2aab1b5b2b9c23ac39" language="English" custom="readingOrder {index:2;}">
                    <Coords points="1053,2851 1225,2851 1225,2897 1053,2897"/>
                    <TextEquiv>
                        <Unicode>omnis</Unicode>
                    </TextEquiv>
                    <TextStyle fontFamily="Times New Roman" fontSize="10.5"/>
                </Word>
                <Word id="w_w2aab1b5b2b9c23ac51" language="English" custom="readingOrder {index:3;}">
                    <Coords points="1288,2852 1464,2852 1464,2898 1288,2898"/>
                    <TextEquiv>
                        <Unicode>forma</Unicode>
                    </TextEquiv>
                    <TextStyle fontFamily="Times New Roman" fontSize="10.5"/>
                </Word>
                <TextEquiv>
                    <Unicode>intellectam, tenet omnis forma</Unicode>
                </TextEquiv>
                <TextStyle fontFamily="Times New Roman" fontSize="10.5"/>
            </TextLine>
            <TextLine id="tl_37" primaryLanguage="English" custom="readingOrder {index:34;}">
                <Coords points="446,2923 1462,2923 1462,2984 446,2984"/>
                <Baseline points="446,2970 800,2968 1060,2971 1156,2984 1336,2972 1462,2959"/>
                <Word id="w_w2aab1b5b2b9c25ab1" language="English" custom="readingOrder {index:0;}">
                    <Coords points="446,2923 800,2923 800,2983 446,2983"/>
                    <TextEquiv>
                        <Unicode>syllogistica.</Unicode>
                    </TextEquiv>
                    <TextStyle fontFamily="Times New Roman" fontSize="10.5"/>
                </Word>
                <Word id="w_w2aab1b5b2b9c25ac29" language="English" custom="readingOrder {index:1;}">
                    <Coords points="850,2925 1060,2925 1060,2972 850,2972"/>
                    <TextEquiv>
                        <Unicode>Omissa</Unicode>
                    </TextEquiv>
                    <TextStyle fontFamily="Times New Roman" fontSize="10.5"/>
                </Word>
                <Word id="w_w2aab1b5b2b9c25ac43" language="English" custom="readingOrder {index:2;}">
                    <Coords points="1093,2927 1156,2927 1156,2984 1093,2984"/>
                    <TextEquiv>
                        <Unicode>(c)</Unicode>
                    </TextEquiv>
                    <TextStyle fontFamily="Times New Roman" fontSize="10.5"/>
                </Word>
                <Word id="w_w2aab1b5b2b9c25ac51" language="English" custom="readingOrder {index:3;}">
                    <Coords points="1195,2926 1336,2926 1336,2973 1195,2973"/>
                    <TextEquiv>
                        <Unicode>enim</Unicode>
                    </TextEquiv>
                    <TextStyle fontFamily="Times New Roman" fontSize="10.5"/>
                </Word>
                <Word id="w_w2aab1b5b2b9c25ac61" language="English" custom="readingOrder {index:4;}">
                    <Coords points="1388,2927 1462,2927 1462,2972 1388,2972"/>
                    <TextEquiv>
                        <Unicode>al¬</Unicode>
                    </TextEquiv>
                    <TextStyle fontFamily="Times New Roman" fontSize="10.5"/>
                </Word>
                <TextEquiv>
                    <Unicode>syllogistica. Omissa (c) enim al¬</Unicode>
                </TextEquiv>
                <TextStyle fontFamily="Times New Roman" fontSize="10.5"/>
            </TextLine>
            <TextLine id="tl_38" primaryLanguage="English" custom="readingOrder {index:35;}">
                <Coords points="448,3000 1464,3000 1464,3049 448,3049"/>
                <Baseline points="448,3047 567,3046 899,3046 1018,3047 1279,3047 1464,3048"/>
                <Word id="w_w2aab1b5b2b9c27ab1" language="English" custom="readingOrder {index:0;}">
                    <Coords points="448,3003 567,3003 567,3047 448,3047"/>
                    <TextEquiv>
                        <Unicode>tera</Unicode>
                    </TextEquiv>
                    <TextStyle fontFamily="Times New Roman" fontSize="10.5"/>
                </Word>
                <Word id="w_w2aab1b5b2b9c27ac11" language="English" custom="readingOrder {index:1;}">
                    <Coords points="599,3000 899,3000 899,3047 599,3047"/>
                    <TextEquiv>
                        <Unicode>conditione</Unicode>
                    </TextEquiv>
                    <TextStyle fontFamily="Times New Roman" fontSize="10.5"/>
                </Word>
                <Word id="w_w2aab1b5b2b9c27ac33" language="English" custom="readingOrder {index:2;}">
                    <Coords points="933,3002 1018,3002 1018,3047 933,3047"/>
                    <TextEquiv>
                        <Unicode>vel</Unicode>
                    </TextEquiv>
                    <TextStyle fontFamily="Times New Roman" fontSize="10.5"/>
                </Word>
                <Word id="w_w2aab1b5b2b9c27ac41" language="English" custom="readingOrder {index:3;}">
                    <Coords points="1056,3002 1279,3002 1279,3048 1056,3048"/>
                    <TextEquiv>
                        <Unicode>unitatis</Unicode>
                    </TextEquiv>
                    <TextStyle fontFamily="Times New Roman" fontSize="10.5"/>
                </Word>
                <Word id="w_w2aab1b5b2b9c27ac59" language="English" custom="readingOrder {index:4;}">
                    <Coords points="1310,3003 1464,3003 1464,3049 1310,3049"/>
                    <TextEquiv>
                        <Unicode>medii</Unicode>
                    </TextEquiv>
                    <TextStyle fontFamily="Times New Roman" fontSize="10.5"/>
                </Word>
                <TextEquiv>
                    <Unicode>tera conditione vel unitatis medii</Unicode>
                </TextEquiv>
                <TextStyle fontFamily="Times New Roman" fontSize="10.5"/>
            </TextLine>
            <TextLine id="tl_39" primaryLanguage="English" custom="readingOrder {index:36;}">
                <Coords points="451,3076 1466,3076 1466,3129 451,3129"/>
                <Baseline points="451,3122 504,3122 615,3128 728,3121 819,3122 934,3129 1054,3123 1466,3124"/>
                <Word id="w_w2aab1b5b2b9c29ab1" language="English" custom="readingOrder {index:0;}">
                    <Coords points="451,3077 504,3077 504,3122 451,3122"/>
                    <TextEquiv>
                        <Unicode>in</Unicode>
                    </TextEquiv>
                    <TextStyle fontFamily="Times New Roman" fontSize="10.5"/>
                </Word>
                <Word id="w_w2aab1b5b2b9c29ab7" language="English" custom="readingOrder {index:1;}">
                    <Coords points="545,3090 615,3090 615,3128 545,3128"/>
                    <TextEquiv>
                        <Unicode>se,</Unicode>
                    </TextEquiv>
                    <TextStyle fontFamily="Times New Roman" fontSize="10.5"/>
                </Word>
                <Word id="w_w2aab1b5b2b9c29ac15" language="English" custom="readingOrder {index:2;}">
                    <Coords points="644,3076 728,3076 728,3122 644,3122"/>
                    <TextEquiv>
                        <Unicode>vel</Unicode>
                    </TextEquiv>
                    <TextStyle fontFamily="Times New Roman" fontSize="10.5"/>
                </Word>
                <Word id="w_w2aab1b5b2b9c29ac23" language="English" custom="readingOrder {index:3;}">
                    <Coords points="755,3089 819,3089 819,3122 755,3122"/>
                    <TextEquiv>
                        <Unicode>ex</Unicode>
                    </TextEquiv>
                    <TextStyle fontFamily="Times New Roman" fontSize="10.5"/>
                </Word>
                <Word id="w_w2aab1b5b2b9c29ac29" language="English" custom="readingOrder {index:4;}">
                    <Coords points="865,3091 934,3091 934,3129 865,3129"/>
                    <TextEquiv>
                        <Unicode>se,</Unicode>
                    </TextEquiv>
                    <TextStyle fontFamily="Times New Roman" fontSize="10.5"/>
                </Word>
                <Word id="w_w2aab1b5b2b9c29ac37" language="English" custom="readingOrder {index:5;}">
                    <Coords points="969,3078 1054,3078 1054,3124 969,3124"/>
                    <TextEquiv>
                        <Unicode>vel</Unicode>
                    </TextEquiv>
                    <TextStyle fontFamily="Times New Roman" fontSize="10.5"/>
                </Word>
                <Word id="w_w2aab1b5b2b9c29ac45" language="English" custom="readingOrder {index:6;}">
                    <Coords points="1097,3081 1466,3081 1466,3125 1097,3125"/>
                    <TextEquiv>
                        <Unicode>extremorum</Unicode>
                    </TextEquiv>
                    <TextStyle fontFamily="Times New Roman" fontSize="10.5"/>
                </Word>
                <TextEquiv>
                    <Unicode>in se, vel ex se, vel extremorum</Unicode>
                </TextEquiv>
                <TextStyle fontFamily="Times New Roman" fontSize="10.5"/>
            </TextLine>
            <TextLine id="tl_40" primaryLanguage="English" custom="readingOrder {index:37;}">
                <Coords points="453,3152 1459,3152 1459,3214 453,3214"/>
                <Baseline points="453,3198 514,3199 785,3198 929,3198 1056,3201 1459,3207"/>
                <Word id="w_w2aab1b5b2b9c31ab1" language="English" custom="readingOrder {index:0;}">
                    <Coords points="453,3153 514,3153 514,3199 453,3199"/>
                    <TextEquiv>
                        <Unicode>ad</Unicode>
                    </TextEquiv>
                    <TextStyle fontFamily="Times New Roman" fontSize="10.5"/>
                </Word>
                <Word id="w_w2aab1b5b2b9c31ab7" language="English" custom="readingOrder {index:1;}">
                    <Coords points="559,3152 785,3152 785,3198 559,3198"/>
                    <TextEquiv>
                        <Unicode>medium</Unicode>
                    </TextEquiv>
                    <TextStyle fontFamily="Times New Roman" fontSize="10.5"/>
                </Word>
                <Word id="w_w2aab1b5b2b9c31ac21" language="English" custom="readingOrder {index:2;}">
                    <Coords points="826,3167 929,3167 929,3199 826,3199"/>
                    <TextEquiv>
                        <Unicode>non</Unicode>
                    </TextEquiv>
                    <TextStyle fontFamily="Times New Roman" fontSize="10.5"/>
                </Word>
                <Word id="w_w2aab1b5b2b9c31ac29" language="English" custom="readingOrder {index:3;}">
                    <Coords points="974,3157 1056,3157 1056,3201 974,3201"/>
                    <TextEquiv>
                        <Unicode>est</Unicode>
                    </TextEquiv>
                    <TextStyle fontFamily="Times New Roman" fontSize="10.5"/>
                </Word>
                <Word id="w_w2aab1b5b2b9c31ac37" language="English" custom="readingOrder {index:4;}">
                    <Coords points="1085,3155 1459,3155 1459,3214 1085,3214"/>
                    <TextEquiv>
                        <Unicode>Syllogismus,</Unicode>
                    </TextEquiv>
                    <TextStyle fontFamily="Times New Roman" fontSize="10.5"/>
                </Word>
                <TextEquiv>
                    <Unicode>ad medium non est Syllogismus,</Unicode>
                </TextEquiv>
                <TextStyle fontFamily="Times New Roman" fontSize="10.5"/>
            </TextLine>
            <TextLine id="tl_41" primaryLanguage="English" custom="readingOrder {index:38;}">
                <Coords points="453,3228 1466,3228 1466,3287 453,3287"/>
                <Baseline points="453,3276 540,3275 974,3275 1316,3283 1466,3277"/>
                <Word id="w_w2aab1b5b2b9c33ab1" language="English" custom="readingOrder {index:0;}">
                    <Coords points="453,3229 540,3229 540,3276 453,3276"/>
                    <TextEquiv>
                        <Unicode>sed</Unicode>
                    </TextEquiv>
                    <TextStyle fontFamily="Times New Roman" fontSize="10.5"/>
                </Word>
                <Word id="w_w2aab1b5b2b9c33ab9" language="English" custom="readingOrder {index:1;}">
                    <Coords points="573,3228 974,3228 974,3287 573,3287"/>
                    <TextEquiv>
                        <Unicode>Paralogismus</Unicode>
                    </TextEquiv>
                    <TextStyle fontFamily="Times New Roman" fontSize="10.5"/>
                </Word>
                <Word id="w_w2aab1b5b2b9c33ac35" language="English" custom="readingOrder {index:2;}">
                    <Coords points="1009,3231 1316,3231 1316,3283 1009,3283"/>
                    <TextEquiv>
                        <Unicode>accidentis;</Unicode>
                    </TextEquiv>
                    <TextStyle fontFamily="Times New Roman" fontSize="10.5"/>
                </Word>
                <Word id="w_w2aab1b5b2b9c33ac59" language="English" custom="readingOrder {index:3;}">
                    <Coords points="1346,3244 1466,3244 1466,3278 1346,3278"/>
                    <TextEquiv>
                        <Unicode>cum</Unicode>
                    </TextEquiv>
                    <TextStyle fontFamily="Times New Roman" fontSize="10.5"/>
                </Word>
                <TextEquiv>
                    <Unicode>sed Paralogismus accidentis; cum</Unicode>
                </TextEquiv>
                <TextStyle fontFamily="Times New Roman" fontSize="10.5"/>
            </TextLine>
            <TextLine id="tl_42" primaryLanguage="English" custom="readingOrder {index:39;}">
                <Coords points="452,3304 1466,3304 1466,3365 452,3365"/>
                <Baseline points="452,3361 516,3362 822,3349 914,3349 1143,3351 1306,3352 1466,3338"/>
                <Word id="w_w2aab1b5b2b9c35ab1" language="English" custom="readingOrder {index:0;}">
                    <Coords points="452,3305 516,3305 516,3362 452,3362"/>
                    <TextEquiv>
                        <Unicode>(d)</Unicode>
                    </TextEquiv>
                    <TextStyle fontFamily="Times New Roman" fontSize="10.5"/>
                </Word>
                <Word id="w_w2aab1b5b2b9c35ab9" language="English" custom="readingOrder {index:1;}">
                    <Coords points="556,3304 822,3304 822,3363 556,3363"/>
                    <TextEquiv>
                        <Unicode>accipitur</Unicode>
                    </TextEquiv>
                    <TextStyle fontFamily="Times New Roman" fontSize="10.5"/>
                </Word>
                <Word id="w_w2aab1b5b2b9c35ac29" language="English" custom="readingOrder {index:2;}">
                    <Coords points="860,3305 914,3305 914,3350 860,3350"/>
                    <TextEquiv>
                        <Unicode>in</Unicode>
                    </TextEquiv>
                    <TextStyle fontFamily="Times New Roman" fontSize="10.5"/>
                </Word>
                <Word id="w_w2aab1b5b2b9c35ac35" language="English" custom="readingOrder {index:3;}">
                    <Coords points="948,3305 1143,3305 1143,3351 948,3351"/>
                    <TextEquiv>
                        <Unicode>minori</Unicode>
                    </TextEquiv>
                    <TextStyle fontFamily="Times New Roman" fontSize="10.5"/>
                </Word>
                <Word id="w_w2aab1b5b2b9c35ac49" language="English" custom="readingOrder {index:4;}">
                    <Coords points="1172,3307 1306,3307 1306,3365 1172,3365"/>
                    <TextEquiv>
                        <Unicode>quod</Unicode>
                    </TextEquiv>
                    <TextStyle fontFamily="Times New Roman" fontSize="10.5"/>
                </Word>
                <Word id="w_w2aab1b5b2b9c35ac59" language="English" custom="readingOrder {index:5;}">
                    <Coords points="1329,3306 1466,3306 1466,3365 1329,3365"/>
                    <TextEquiv>
                        <Unicode>quid¬</Unicode>
                    </TextEquiv>
                    <TextStyle fontFamily="Times New Roman" fontSize="10.5"/>
                </Word>
                <TextEquiv>
                    <Unicode>(d) accipitur in minori quod quid¬</Unicode>
                </TextEquiv>
                <TextStyle fontFamily="Times New Roman" fontSize="10.5"/>
            </TextLine>
            <TextLine id="tl_43" primaryLanguage="English" custom="readingOrder {index:40;}">
                <Coords points="454,3380 1466,3380 1466,3439 454,3439"/>
                <Baseline points="454,3439 575,3426 716,3427 838,3425 1116,3427 1343,3427 1466,3428"/>
                <Word id="w_w2aab1b5b2b9c37ab1" language="English" custom="readingOrder {index:0;}">
                    <Coords points="454,3380 575,3380 575,3439 454,3439"/>
                    <TextEquiv>
                        <Unicode>quid</Unicode>
                    </TextEquiv>
                    <TextStyle fontFamily="Times New Roman" fontSize="10.5"/>
                </Word>
                <Word id="w_w2aab1b5b2b9c37ac11" language="English" custom="readingOrder {index:1;}">
                    <Coords points="635,3383 716,3383 716,3427 635,3427"/>
                    <TextEquiv>
                        <Unicode>est</Unicode>
                    </TextEquiv>
                    <TextStyle fontFamily="Times New Roman" fontSize="10.5"/>
                </Word>
                <Word id="w_w2aab1b5b2b9c37ac19" language="English" custom="readingOrder {index:2;}">
                    <Coords points="786,3381 838,3381 838,3426 786,3426"/>
                    <TextEquiv>
                        <Unicode>in</Unicode>
                    </TextEquiv>
                    <TextStyle fontFamily="Times New Roman" fontSize="10.5"/>
                </Word>
                <Word id="w_w2aab1b5b2b9c37ac25" language="English" custom="readingOrder {index:3;}">
                    <Coords points="882,3382 1116,3382 1116,3428 882,3428"/>
                    <TextEquiv>
                        <Unicode>essentia</Unicode>
                    </TextEquiv>
                    <TextStyle fontFamily="Times New Roman" fontSize="10.5"/>
                </Word>
                <Word id="w_w2aab1b5b2b9c37ac43" language="English" custom="readingOrder {index:4;}">
                    <Coords points="1166,3382 1343,3382 1343,3428 1166,3428"/>
                    <TextEquiv>
                        <Unicode>divina</Unicode>
                    </TextEquiv>
                    <TextStyle fontFamily="Times New Roman" fontSize="10.5"/>
                </Word>
                <Word id="w_w2aab1b5b2b9c37ac57" language="English" custom="readingOrder {index:5;}">
                    <Coords points="1387,3384 1466,3384 1466,3428 1387,3428"/>
                    <TextEquiv>
                        <Unicode>est</Unicode>
                    </TextEquiv>
                    <TextStyle fontFamily="Times New Roman" fontSize="10.5"/>
                </Word>
                <TextEquiv>
                    <Unicode>quid est in essentia divina est</Unicode>
                </TextEquiv>
                <TextStyle fontFamily="Times New Roman" fontSize="10.5"/>
            </TextLine>
            <TextLine id="tl_44" primaryLanguage="English" custom="readingOrder {index:41;}">
                <Coords points="454,3454 1466,3454 1466,3511 454,3511"/>
                <Baseline points="454,3501 589,3501 720,3501 1029,3511 1192,3503 1341,3504 1466,3489"/>
                <Word id="w_w2aab1b5b2b9c39ab1" language="English" custom="readingOrder {index:0;}">
                    <Coords points="454,3454 589,3454 589,3502 454,3502"/>
                    <TextEquiv>
                        <Unicode>idem</Unicode>
                    </TextEquiv>
                    <TextStyle fontFamily="Times New Roman" fontSize="10.5"/>
                </Word>
                <Word id="w_w2aab1b5b2b9c39ac11" language="English" custom="readingOrder {index:1;}">
                    <Coords points="642,3455 720,3455 720,3501 642,3501"/>
                    <TextEquiv>
                        <Unicode>illi</Unicode>
                    </TextEquiv>
                    <TextStyle fontFamily="Times New Roman" fontSize="10.5"/>
                </Word>
                <Word id="w_w2aab1b5b2b9c39ac21" language="English" custom="readingOrder {index:2;}">
                    <Coords points="765,3456 1029,3456 1029,3511 765,3511"/>
                    <TextEquiv>
                        <Unicode>essentiae,</Unicode>
                    </TextEquiv>
                    <TextStyle fontFamily="Times New Roman" fontSize="10.5"/>
                </Word>
                <Word id="w_w2aab1b5b2b9c39ac43" language="English" custom="readingOrder {index:3;}">
                    <Coords points="1087,3471 1192,3471 1192,3503 1087,3503"/>
                    <TextEquiv>
                        <Unicode>non</Unicode>
                    </TextEquiv>
                    <TextStyle fontFamily="Times New Roman" fontSize="10.5"/>
                </Word>
                <Word id="w_w2aab1b5b2b9c39ac51" language="English" custom="readingOrder {index:4;}">
                    <Coords points="1260,3460 1341,3460 1341,3504 1260,3504"/>
                    <TextEquiv>
                        <Unicode>est</Unicode>
                    </TextEquiv>
                    <TextStyle fontFamily="Times New Roman" fontSize="10.5"/>
                </Word>
                <Word id="w_w2aab1b5b2b9c39ac59" language="English" custom="readingOrder {index:5;}">
                    <Coords points="1384,3472 1466,3472 1466,3503 1384,3503"/>
                    <TextEquiv>
                        <Unicode>ve¬</Unicode>
                    </TextEquiv>
                    <TextStyle fontFamily="Times New Roman" fontSize="10.5"/>
                </Word>
                <TextEquiv>
                    <Unicode>idem illi essentiae, non est ve¬</Unicode>
                </TextEquiv>
                <TextStyle fontFamily="Times New Roman" fontSize="10.5"/>
            </TextLine>
            <TextLine id="tl_45" primaryLanguage="English" custom="readingOrder {index:42;}">
                <Coords points="454,3532 1468,3532 1468,3592 454,3592"/>
                <Baseline points="454,3579 575,3579 975,3579 1108,3579 1468,3582"/>
                <Word id="w_w2aab1b5b2b9c41ab1" language="English" custom="readingOrder {index:0;}">
                    <Coords points="454,3545 575,3545 575,3579 454,3579"/>
                    <TextEquiv>
                        <Unicode>rum</Unicode>
                    </TextEquiv>
                    <TextStyle fontFamily="Times New Roman" fontSize="10.5"/>
                </Word>
                <Word id="w_w2aab1b5b2b9c41ab9" language="English" custom="readingOrder {index:1;}">
                    <Coords points="636,3532 975,3532 975,3592 636,3592"/>
                    <TextEquiv>
                        <Unicode>intelligendo</Unicode>
                    </TextEquiv>
                    <TextStyle fontFamily="Times New Roman" fontSize="10.5"/>
                </Word>
                <Word id="w_w2aab1b5b2b9c41ac35" language="English" custom="readingOrder {index:2;}">
                    <Coords points="1050,3534 1108,3534 1108,3580 1050,3580"/>
                    <TextEquiv>
                        <Unicode>de</Unicode>
                    </TextEquiv>
                    <TextStyle fontFamily="Times New Roman" fontSize="10.5"/>
                </Word>
                <Word id="w_w2aab1b5b2b9c41ac41" language="English" custom="readingOrder {index:3;}">
                    <Coords points="1193,3533 1468,3533 1468,3583 1193,3583"/>
                    <TextEquiv>
                        <Unicode>identitate</Unicode>
                    </TextEquiv>
                    <TextStyle fontFamily="Times New Roman" fontSize="10.5"/>
                </Word>
                <TextEquiv>
                    <Unicode>rum intelligendo de identitate</Unicode>
                </TextEquiv>
                <TextStyle fontFamily="Times New Roman" fontSize="10.5"/>
            </TextLine>
            <TextEquiv>
                <Unicode>praedicata similiter non verificentur de
paternitate et filiatione, videtur enim
simpliciter impossibile, quod subjecta
duarum propositionum sint omnino idem
in essendo et in significando, et quod
praedicta non ita verificentur de uno si¬
cut de alio.
Ex his omnibus quae dixi in ista ma¬
teria omnes objectiones aliae ipsius Oc-
cham, ut supra solvi possunt. Et simili¬
ter omnes objectiones aliorum, ut AL-
phonsi Toletani, Joannis Anglici Baccho-
nis et aliorum.
SGHOLIUM.
Solvit argumenta principalia quaestionis
quartae quae est prima secundae partis, in
quorum solutionibus explicat multa scitu
digna, circa hanc materiam, de unitate
et Trinitate divina, tractans subtilissime
maximam illam : Quae sunt eadem uni tertio
sunt eadem inter se, quatenus videtur esse
contra mysterium Trinitatis.
Ad tr' i ^ Primum (a) argumentum
qusestr.°'4'. principale dico, quod major sic
siintSemest intelligenda : Quaecumque ali-
iertio?sunt identitate sunt eadem alicui,
inte?te™x- ^aH identitate inter se sic sunt
optfme! badem, quia non potest concludi
aliqua identitas extremorum in¬
ter se nisi secundum illam iden¬
titatem qua sunt eadem medio,
et medium in se sic sit idem,
et per hanc (b) propositionem sic
intellectam, tenet omnis forma
syllogistica. Omissa (c) enim al¬
tera conditione vel unitatis medii
in se, vel ex se, vel extremorum
ad medium non est Syllogismus,
sed Paralogismus accidentis; cum
(d) accipitur in minori quod quid¬
quid est in essentia divina est
idem illi essentiae, non est ve¬
rum intelligendo de identitate</Unicode>
            </TextEquiv>
        </TextRegion>
        <TextRegion type="paragraph" id="TextRegion_1616374399373_7099" custom="readingOrder {index:1;}">
            <Coords points="1521,269 2537,269 2546,309 2551,1037 2546,1597 2575,3423 2577,3590 1597,3590 1538,3513 1533,3290 1521,710"/>
            <TextLine id="tl_46" primaryLanguage="English" custom="readingOrder {index:0;}">
                <Coords points="1522,270 2528,270 2528,330 1522,330"/>
                <Baseline points="1522,315 1754,323 1852,319 2003,317 2148,316 2368,318 2528,304"/>
                <Word id="w_w2aab1b7b2b1b1ab1" language="English" custom="readingOrder {index:0;}">
                    <Coords points="1522,270 1754,270 1754,323 1522,323"/>
                    <TextEquiv>
                        <Unicode>formali,</Unicode>
                    </TextEquiv>
                    <TextStyle fontFamily="Times New Roman" fontSize="10.5"/>
                </Word>
                <Word id="w_w2aab1b7b2b1b1ac19" language="English" custom="readingOrder {index:1;}">
                    <Coords points="1800,275 1852,275 1852,319 1800,319"/>
                    <TextEquiv>
                        <Unicode>et</Unicode>
                    </TextEquiv>
                    <TextStyle fontFamily="Times New Roman" fontSize="10.5"/>
                </Word>
                <Word id="w_w2aab1b7b2b1b1ac25" language="English" custom="readingOrder {index:2;}">
                    <Coords points="1892,271 2003,271 2003,318 1892,318"/>
                    <TextEquiv>
                        <Unicode>ideo</Unicode>
                    </TextEquiv>
                    <TextStyle fontFamily="Times New Roman" fontSize="10.5"/>
                </Word>
                <Word id="w_w2aab1b7b2b1b1ac35" language="English" custom="readingOrder {index:3;}">
                    <Coords points="2048,284 2148,284 2148,316 2048,316"/>
                    <TextEquiv>
                        <Unicode>non</Unicode>
                    </TextEquiv>
                    <TextStyle fontFamily="Times New Roman" fontSize="10.5"/>
                </Word>
                <Word id="w_w2aab1b7b2b1b1ac43" language="English" custom="readingOrder {index:4;}">
                    <Coords points="2193,274 2368,274 2368,330 2193,330"/>
                    <TextEquiv>
                        <Unicode>potest</Unicode>
                    </TextEquiv>
                    <TextStyle fontFamily="Times New Roman" fontSize="10.5"/>
                </Word>
                <Word id="w_w2aab1b7b2b1b1ac57" language="English" custom="readingOrder {index:5;}">
                    <Coords points="2412,283 2528,283 2528,317 2412,317"/>
                    <TextEquiv>
                        <Unicode>con¬</Unicode>
                    </TextEquiv>
                    <TextStyle fontFamily="Times New Roman" fontSize="10.5"/>
                </Word>
                <TextEquiv>
                    <Unicode>formali, et ideo non potest con¬</Unicode>
                </TextEquiv>
                <TextStyle fontFamily="Times New Roman" fontSize="10.5"/>
            </TextLine>
            <TextLine id="tl_47" primaryLanguage="English" custom="readingOrder {index:1;}">
                <Coords points="1524,345 2531,345 2531,392 1524,392"/>
                <Baseline points="1524,391 1659,391 1946,392 2232,391 2531,377"/>
                <Word id="w_w2aab1b7b2b1b3ab1" language="English" custom="readingOrder {index:0;}">
                    <Coords points="1524,345 1659,345 1659,392 1524,392"/>
                    <TextEquiv>
                        <Unicode>cludi</Unicode>
                    </TextEquiv>
                    <TextStyle fontFamily="Times New Roman" fontSize="10.5"/>
                </Word>
                <Word id="w_w2aab1b7b2b1b3ac13" language="English" custom="readingOrder {index:1;}">
                    <Coords points="1702,346 1946,346 1946,392 1702,392"/>
                    <TextEquiv>
                        <Unicode>formalis</Unicode>
                    </TextEquiv>
                    <TextStyle fontFamily="Times New Roman" fontSize="10.5"/>
                </Word>
                <Word id="w_w2aab1b7b2b1b3ac31" language="English" custom="readingOrder {index:2;}">
                    <Coords points="1989,346 2232,346 2232,392 1989,392"/>
                    <TextEquiv>
                        <Unicode>identitas</Unicode>
                    </TextEquiv>
                    <TextStyle fontFamily="Times New Roman" fontSize="10.5"/>
                </Word>
                <Word id="w_w2aab1b7b2b1b3ac51" language="English" custom="readingOrder {index:3;}">
                    <Coords points="2271,349 2531,349 2531,392 2271,392"/>
                    <TextEquiv>
                        <Unicode>extremo¬</Unicode>
                    </TextEquiv>
                    <TextStyle fontFamily="Times New Roman" fontSize="10.5"/>
                </Word>
                <TextEquiv>
                    <Unicode>cludi formalis identitas extremo¬</Unicode>
                </TextEquiv>
                <TextStyle fontFamily="Times New Roman" fontSize="10.5"/>
            </TextLine>
            <TextLine id="tl_48" primaryLanguage="English" custom="readingOrder {index:2;}">
                <Coords points="1525,421 2532,421 2532,480 1525,480"/>
                <Baseline points="1525,467 1644,466 1860,467 1992,474 2296,466 2532,466"/>
                <Word id="w_w2aab1b7b2b1b5ab1" language="English" custom="readingOrder {index:0;}">
                    <Coords points="1525,434 1644,434 1644,467 1525,467"/>
                    <TextEquiv>
                        <Unicode>rum</Unicode>
                    </TextEquiv>
                    <TextStyle fontFamily="Times New Roman" fontSize="10.5"/>
                </Word>
                <Word id="w_w2aab1b7b2b1b5ab9" language="English" custom="readingOrder {index:1;}">
                    <Coords points="1720,422 1860,422 1860,468 1720,468"/>
                    <TextEquiv>
                        <Unicode>inter</Unicode>
                    </TextEquiv>
                    <TextStyle fontFamily="Times New Roman" fontSize="10.5"/>
                </Word>
                <Word id="w_w2aab1b7b2b1b5ac21" language="English" custom="readingOrder {index:2;}">
                    <Coords points="1922,436 1992,436 1992,474 1922,474"/>
                    <TextEquiv>
                        <Unicode>se,</Unicode>
                    </TextEquiv>
                    <TextStyle fontFamily="Times New Roman" fontSize="10.5"/>
                </Word>
                <Word id="w_w2aab1b7b2b1b5ac29" language="English" custom="readingOrder {index:3;}">
                    <Coords points="2053,421 2296,421 2296,480 2053,480"/>
                    <TextEquiv>
                        <Unicode>quamdiu</Unicode>
                    </TextEquiv>
                    <TextStyle fontFamily="Times New Roman" fontSize="10.5"/>
                </Word>
                <Word id="w_w2aab1b7b2b1b5ac45" language="English" custom="readingOrder {index:4;}">
                    <Coords points="2356,422 2532,422 2532,466 2356,466"/>
                    <TextEquiv>
                        <Unicode>autem</Unicode>
                    </TextEquiv>
                    <TextStyle fontFamily="Times New Roman" fontSize="10.5"/>
                </Word>
                <TextEquiv>
                    <Unicode>rum inter se, quamdiu autem</Unicode>
                </TextEquiv>
                <TextStyle fontFamily="Times New Roman" fontSize="10.5"/>
            </TextLine>
            <TextLine id="tl_49" primaryLanguage="English" custom="readingOrder {index:3;}">
                <Coords points="1525,495 2535,495 2535,544 1525,544"/>
                <Baseline points="1525,542 1631,544 1929,542 2260,542 2535,527"/>
                <Word id="w_w2aab1b7b2b1b7ab1" language="English" custom="readingOrder {index:0;}">
                    <Coords points="1525,500 1631,500 1631,544 1525,544"/>
                    <TextEquiv>
                        <Unicode>stat</Unicode>
                    </TextEquiv>
                    <TextStyle fontFamily="Times New Roman" fontSize="10.5"/>
                </Word>
                <Word id="w_w2aab1b7b2b1b7ac11" language="English" custom="readingOrder {index:1;}">
                    <Coords points="1684,497 1929,497 1929,543 1684,543"/>
                    <TextEquiv>
                        <Unicode>formalis</Unicode>
                    </TextEquiv>
                    <TextStyle fontFamily="Times New Roman" fontSize="10.5"/>
                </Word>
                <Word id="w_w2aab1b7b2b1b7ac29" language="English" custom="readingOrder {index:2;}">
                    <Coords points="1989,497 2260,497 2260,544 1989,544"/>
                    <TextEquiv>
                        <Unicode>distinctio</Unicode>
                    </TextEquiv>
                    <TextStyle fontFamily="Times New Roman" fontSize="10.5"/>
                </Word>
                <Word id="w_w2aab1b7b2b1b7ac51" language="English" custom="readingOrder {index:3;}">
                    <Coords points="2320,495 2535,495 2535,543 2320,543"/>
                    <TextEquiv>
                        <Unicode>relatio¬</Unicode>
                    </TextEquiv>
                    <TextStyle fontFamily="Times New Roman" fontSize="10.5"/>
                </Word>
                <TextEquiv>
                    <Unicode>stat formalis distinctio relatio¬</Unicode>
                </TextEquiv>
                <TextStyle fontFamily="Times New Roman" fontSize="10.5"/>
            </TextLine>
            <TextLine id="tl_50" primaryLanguage="English" custom="readingOrder {index:4;}">
                <Coords points="1523,570 2536,570 2536,633 1523,633"/>
                <Baseline points="1523,618 1650,619 1988,628 2145,620 2429,617 2536,603"/>
                <Word id="w_w2aab1b7b2b1b9ab1" language="English" custom="readingOrder {index:0;}">
                    <Coords points="1523,586 1650,586 1650,619 1523,619"/>
                    <TextEquiv>
                        <Unicode>num</Unicode>
                    </TextEquiv>
                    <TextStyle fontFamily="Times New Roman" fontSize="10.5"/>
                </Word>
                <Word id="w_w2aab1b7b2b1b9ab9" language="English" custom="readingOrder {index:1;}">
                    <Coords points="1702,573 1988,573 1988,633 1702,633"/>
                    <TextEquiv>
                        <Unicode>suppositi,</Unicode>
                    </TextEquiv>
                    <TextStyle fontFamily="Times New Roman" fontSize="10.5"/>
                </Word>
                <Word id="w_w2aab1b7b2b1b9ac31" language="English" custom="readingOrder {index:2;}">
                    <Coords points="2037,576 2145,576 2145,620 2037,620"/>
                    <TextEquiv>
                        <Unicode>stat</Unicode>
                    </TextEquiv>
                    <TextStyle fontFamily="Times New Roman" fontSize="10.5"/>
                </Word>
                <Word id="w_w2aab1b7b2b1b9ac41" language="English" custom="readingOrder {index:3;}">
                    <Coords points="2186,570 2429,570 2429,618 2186,618"/>
                    <TextEquiv>
                        <Unicode>formalis</Unicode>
                    </TextEquiv>
                    <TextStyle fontFamily="Times New Roman" fontSize="10.5"/>
                </Word>
                <Word id="w_w2aab1b7b2b1b9ac59" language="English" custom="readingOrder {index:4;}">
                    <Coords points="2468,571 2536,571 2536,618 2468,618"/>
                    <TextEquiv>
                        <Unicode>di¬</Unicode>
                    </TextEquiv>
                    <TextStyle fontFamily="Times New Roman" fontSize="10.5"/>
                </Word>
                <TextEquiv>
                    <Unicode>num suppositi, stat formalis di¬</Unicode>
                </TextEquiv>
                <TextStyle fontFamily="Times New Roman" fontSize="10.5"/>
            </TextLine>
            <TextLine id="tl_51" primaryLanguage="English" custom="readingOrder {index:5;}">
                <Coords points="1526,649 2208,649 2208,709 1526,709"/>
                <Baseline points="1526,695 1744,694 2208,692"/>
                <Word id="w_w2aab1b7b2b1c11ab1" language="English" custom="readingOrder {index:0;}">
                    <Coords points="1526,649 1744,649 1744,696 1526,696"/>
                    <TextEquiv>
                        <Unicode>stinctio</Unicode>
                    </TextEquiv>
                    <TextStyle fontFamily="Times New Roman" fontSize="10.5"/>
                </Word>
                <Word id="w_w2aab1b7b2b1c11ac19" language="English" custom="readingOrder {index:1;}">
                    <Coords points="1786,649 2208,649 2208,709 1786,709"/>
                    <TextEquiv>
                        <Unicode>suppositorum.</Unicode>
                    </TextEquiv>
                    <TextStyle fontFamily="Times New Roman" fontSize="10.5"/>
                </Word>
                <TextEquiv>
                    <Unicode>stinctio suppositorum.</Unicode>
                </TextEquiv>
                <TextStyle fontFamily="Times New Roman" fontSize="10.5"/>
            </TextLine>
            <TextLine id="tl_52" primaryLanguage="English" custom="readingOrder {index:6;}">
                <Coords points="1583,724 2536,724 2536,783 1583,783"/>
                <Baseline points="1583,770 1648,770 1725,770 1896,770 2006,776 2189,770 2424,770 2536,768"/>
                <Word id="w_w2aab1b7b2b3b1ab1" language="English" custom="readingOrder {index:0;}">
                    <Coords points="1583,725 1648,725 1648,770 1583,770"/>
                    <TextEquiv>
                        <Unicode>Et</Unicode>
                    </TextEquiv>
                    <TextStyle fontFamily="Times New Roman" fontSize="10.5"/>
                </Word>
                <Word id="w_w2aab1b7b2b3b1ab7" language="English" custom="readingOrder {index:1;}">
                    <Coords points="1682,724 1725,724 1725,770 1682,770"/>
                    <TextEquiv>
                        <Unicode>si</Unicode>
                    </TextEquiv>
                    <TextStyle fontFamily="Times New Roman" fontSize="10.5"/>
                </Word>
                <Word id="w_w2aab1b7b2b3b1ac13" language="English" custom="readingOrder {index:2;}">
                    <Coords points="1753,724 1896,724 1896,770 1753,770"/>
                    <TextEquiv>
                        <Unicode>dicas</Unicode>
                    </TextEquiv>
                    <TextStyle fontFamily="Times New Roman" fontSize="10.5"/>
                </Word>
                <Word id="w_w2aab1b7b2b3b1ac25" language="English" custom="readingOrder {index:3;}">
                    <Coords points="1928,726 2006,726 2006,783 1928,783"/>
                    <TextEquiv>
                        <Unicode>(e),</Unicode>
                    </TextEquiv>
                    <TextStyle fontFamily="Times New Roman" fontSize="10.5"/>
                </Word>
                <Word id="w_w2aab1b7b2b3b1ac35" language="English" custom="readingOrder {index:4;}">
                    <Coords points="2055,724 2189,724 2189,782 2055,782"/>
                    <TextEquiv>
                        <Unicode>quod</Unicode>
                    </TextEquiv>
                    <TextStyle fontFamily="Times New Roman" fontSize="10.5"/>
                </Word>
                <Word id="w_w2aab1b7b2b3b1ac45" language="English" custom="readingOrder {index:5;}">
                    <Coords points="2235,724 2424,724 2424,770 2235,770"/>
                    <TextEquiv>
                        <Unicode>saltem</Unicode>
                    </TextEquiv>
                    <TextStyle fontFamily="Times New Roman" fontSize="10.5"/>
                </Word>
                <Word id="w_w2aab1b7b2b3b1ac59" language="English" custom="readingOrder {index:6;}">
                    <Coords points="2474,736 2536,736 2536,769 2474,769"/>
                    <TextEquiv>
                        <Unicode>ex</Unicode>
                    </TextEquiv>
                    <TextStyle fontFamily="Times New Roman" fontSize="10.5"/>
                </Word>
                <TextEquiv>
                    <Unicode>Et si dicas (e), quod saltem ex</Unicode>
                </TextEquiv>
                <TextStyle fontFamily="Times New Roman" fontSize="10.5"/>
            </TextLine>
            <TextLine id="tl_53" primaryLanguage="English" custom="readingOrder {index:7;}">
                <Coords points="1527,799 2536,799 2536,848 1527,848"/>
                <Baseline points="1527,845 1801,846 1982,846 2213,845 2320,846 2536,831"/>
                <Word id="w_w2aab1b7b2b3b3ab1" language="English" custom="readingOrder {index:0;}">
                    <Coords points="1527,799 1801,799 1801,848 1527,848"/>
                    <TextEquiv>
                        <Unicode>identitate</Unicode>
                    </TextEquiv>
                    <TextStyle fontFamily="Times New Roman" fontSize="10.5"/>
                </Word>
                <Word id="w_w2aab1b7b2b3b3ac23" language="English" custom="readingOrder {index:1;}">
                    <Coords points="1848,800 1982,800 1982,846 1848,846"/>
                    <TextEquiv>
                        <Unicode>reali</Unicode>
                    </TextEquiv>
                    <TextStyle fontFamily="Times New Roman" fontSize="10.5"/>
                </Word>
                <Word id="w_w2aab1b7b2b3b3ac35" language="English" custom="readingOrder {index:2;}">
                    <Coords points="2026,813 2213,813 2213,846 2026,846"/>
                    <TextEquiv>
                        <Unicode>eorum</Unicode>
                    </TextEquiv>
                    <TextStyle fontFamily="Times New Roman" fontSize="10.5"/>
                </Word>
                <Word id="w_w2aab1b7b2b3b3ac47" language="English" custom="readingOrder {index:3;}">
                    <Coords points="2260,800 2320,800 2320,846 2260,846"/>
                    <TextEquiv>
                        <Unicode>ad</Unicode>
                    </TextEquiv>
                    <TextStyle fontFamily="Times New Roman" fontSize="10.5"/>
                </Word>
                <Word id="w_w2aab1b7b2b3b3ac53" language="English" custom="readingOrder {index:4;}">
                    <Coords points="2365,812 2536,812 2536,845 2365,845"/>
                    <TextEquiv>
                        <Unicode>essen¬</Unicode>
                    </TextEquiv>
                    <TextStyle fontFamily="Times New Roman" fontSize="10.5"/>
                </Word>
                <TextEquiv>
                    <Unicode>identitate reali eorum ad essen¬</Unicode>
                </TextEquiv>
                <TextStyle fontFamily="Times New Roman" fontSize="10.5"/>
            </TextLine>
            <TextLine id="tl_54" primaryLanguage="English" custom="readingOrder {index:8;}">
                <Coords points="1526,876 2539,876 2539,928 1526,928"/>
                <Baseline points="1526,921 1673,928 2022,921 2387,921 2539,908"/>
                <Word id="w_w2aab1b7b2b3b5ab1" language="English" custom="readingOrder {index:0;}">
                    <Coords points="1526,876 1673,876 1673,928 1526,928"/>
                    <TextEquiv>
                        <Unicode>tiam,</Unicode>
                    </TextEquiv>
                    <TextStyle fontFamily="Times New Roman" fontSize="10.5"/>
                </Word>
                <Word id="w_w2aab1b7b2b3b5ac13" language="English" custom="readingOrder {index:1;}">
                    <Coords points="1716,877 2022,877 2022,923 1716,923"/>
                    <TextEquiv>
                        <Unicode>concludam</Unicode>
                    </TextEquiv>
                    <TextStyle fontFamily="Times New Roman" fontSize="10.5"/>
                </Word>
                <Word id="w_w2aab1b7b2b3b5ac33" language="English" custom="readingOrder {index:2;}">
                    <Coords points="2057,876 2387,876 2387,923 2057,923"/>
                    <TextEquiv>
                        <Unicode>identitatem</Unicode>
                    </TextEquiv>
                    <TextStyle fontFamily="Times New Roman" fontSize="10.5"/>
                </Word>
                <Word id="w_w2aab1b7b2b3b5ac57" language="English" custom="readingOrder {index:3;}">
                    <Coords points="2430,887 2539,887 2539,921 2430,921"/>
                    <TextEquiv>
                        <Unicode>rea-</Unicode>
                    </TextEquiv>
                    <TextStyle fontFamily="Times New Roman" fontSize="10.5"/>
                </Word>
                <TextEquiv>
                    <Unicode>tiam, concludam identitatem rea-</Unicode>
                </TextEquiv>
                <TextStyle fontFamily="Times New Roman" fontSize="10.5"/>
            </TextLine>
            <TextLine id="tl_55" primaryLanguage="English" custom="readingOrder {index:9;}">
                <Coords points="1526,950 2126,950 2126,998 1526,998"/>
                <Baseline points="1526,995 1630,995 1853,996 2028,995 2126,994"/>
                <Word id="w_w2aab1b7b2b3b7ab1" language="English" custom="readingOrder {index:0;}">
                    <Coords points="1526,950 1630,950 1630,996 1526,996"/>
                    <TextEquiv>
                        <Unicode>lem</Unicode>
                    </TextEquiv>
                    <TextStyle fontFamily="Times New Roman" fontSize="10.5"/>
                </Word>
                <Word id="w_w2aab1b7b2b3b7ab9" language="English" custom="readingOrder {index:1;}">
                    <Coords points="1668,964 1853,964 1853,996 1668,996"/>
                    <TextEquiv>
                        <Unicode>eorum</Unicode>
                    </TextEquiv>
                    <TextStyle fontFamily="Times New Roman" fontSize="10.5"/>
                </Word>
                <Word id="w_w2aab1b7b2b3b7ac21" language="English" custom="readingOrder {index:2;}">
                    <Coords points="1889,951 2028,951 2028,998 1889,998"/>
                    <TextEquiv>
                        <Unicode>inter</Unicode>
                    </TextEquiv>
                    <TextStyle fontFamily="Times New Roman" fontSize="10.5"/>
                </Word>
                <Word id="w_w2aab1b7b2b3b7ac33" language="English" custom="readingOrder {index:3;}">
                    <Coords points="2056,964 2126,964 2126,996 2056,996"/>
                    <TextEquiv>
                        <Unicode>se.</Unicode>
                    </TextEquiv>
                    <TextStyle fontFamily="Times New Roman" fontSize="10.5"/>
                </Word>
                <TextEquiv>
                    <Unicode>lem eorum inter se.</Unicode>
                </TextEquiv>
                <TextStyle fontFamily="Times New Roman" fontSize="10.5"/>
            </TextLine>
            <TextLine id="line_1616374399635_7101" primaryLanguage="English" custom="readingOrder {index:10;}">
                <Coords points="1584,1012 2550,1012 2551,1037 2550,1082 1584,1082"/>
                <Baseline points="1584,1072 1731,1078 1912,1072 2183,1072 2263,1071 2536,1072 2550,1072"/>
                <Word id="w_w2aab1b7b2b5b1ab1" language="English" custom="readingOrder {index:0;}">
                    <Coords points="1584,1026 1731,1026 1731,1078 1584,1078"/>
                    <TextEquiv>
                        <Unicode>Dico,</Unicode>
                    </TextEquiv>
                    <TextStyle fontFamily="Times New Roman" fontSize="10.5"/>
                </Word>
                <Word id="w_w2aab1b7b2b5b1ac13" language="English" custom="readingOrder {index:1;}">
                    <Coords points="1780,1027 1912,1027 1912,1082 1780,1082"/>
                    <TextEquiv>
                        <Unicode>quod</Unicode>
                    </TextEquiv>
                    <TextStyle fontFamily="Times New Roman" fontSize="10.5"/>
                </Word>
                <Word id="w_w2aab1b7b2b5b1ac23" language="English" custom="readingOrder {index:2;}">
                    <Coords points="1952,1026 2183,1026 2183,1072 1952,1072"/>
                    <TextEquiv>
                        <Unicode>essentia</Unicode>
                    </TextEquiv>
                    <TextStyle fontFamily="Times New Roman" fontSize="10.5"/>
                </Word>
                <Word id="w_w2aab1b7b2b5b1ac41" language="English" custom="readingOrder {index:3;}">
                    <Coords points="2232,1025 2337,1025 2337,1072 2232,1072"/>
                    <TextEquiv>
                        <Unicode>non</Unicode>
                    </TextEquiv>
                    <TextStyle fontFamily="Times New Roman" fontSize="10.5"/>
                </Word>
                <Word id="w_w2aab1b7b2b5b1b1b1" language="English" custom="readingOrder {index:4;}">
                    <Coords points="2381,1025 2536,1025 2536,1072 2381,1072"/>
                    <TextEquiv>
                        <Unicode>habet</Unicode>
                    </TextEquiv>
                    <TextStyle fontFamily="Times New Roman" fontSize="10.5"/>
                </Word>
                <TextEquiv>
                    <Unicode>Dico, quod essentia non habet Puar.ej</Unicode>
                </TextEquiv>
            </TextLine>
            <TextLine id="line_1616374399636_7103" primaryLanguage="English" custom="readingOrder {index:11;}">
                <Coords points="1528,1101 2550,1101 2549,1154 1528,1154"/>
                <Baseline points="1528,1149 1859,1148 2071,1148 2147,1147 2538,1133 2550,1133"/>
                <Word id="w_w2aab1b7b2b9b1ab1" language="English" custom="readingOrder {index:0;}">
                    <Coords points="1528,1102 1859,1102 1859,1149 1528,1149"/>
                    <TextEquiv>
                        <Unicode>identitatem</Unicode>
                    </TextEquiv>
                    <TextStyle fontFamily="Times New Roman" fontSize="10.5"/>
                </Word>
                <Word id="w_w2aab1b7b2b9b1ac25" language="English" custom="readingOrder {index:1;}">
                    <Coords points="1912,1102 2071,1102 2071,1149 1912,1149"/>
                    <TextEquiv>
                        <Unicode>talem</Unicode>
                    </TextEquiv>
                    <TextStyle fontFamily="Times New Roman" fontSize="10.5"/>
                </Word>
                <Word id="w_w2aab1b7b2b9b1ac37" language="English" custom="readingOrder {index:2;}">
                    <Coords points="2119,1102 2345,1102 2345,1154 2119,1154"/>
                    <TextEquiv>
                        <Unicode>unicam,</Unicode>
                    </TextEquiv>
                    <TextStyle fontFamily="Times New Roman" fontSize="10.5"/>
                </Word>
                <Word id="w_w2aab1b7b2b9b1b1b1" language="English" custom="readingOrder {index:3;}">
                    <Coords points="2399,1101 2538,1101 2538,1148 2399,1148"/>
                    <TextEquiv>
                        <Unicode>scili-</Unicode>
                    </TextEquiv>
                    <TextStyle fontFamily="Times New Roman" fontSize="10.5"/>
                </Word>
                <TextEquiv>
                    <Unicode>identitatem talem unicam, scili- j-eaii</Unicode>
                </TextEquiv>
            </TextLine>
            <TextLine id="line_1616374399639_7105" primaryLanguage="English" custom="readingOrder {index:12;}">
                <Coords points="1529,1180 2549,1180 2549,1237 1529,1237"/>
                <Baseline points="1529,1225 1554,1225 1886,1224 2121,1237 2537,1222 2549,1221"/>
                <Word id="w_w2aab1b7b2c13b1ab1" language="English" custom="readingOrder {index:0;}">
                    <Coords points="1529,1181 1609,1181 1609,1225 1529,1225"/>
                    <TextEquiv>
                        <Unicode>cet</Unicode>
                    </TextEquiv>
                    <TextStyle fontFamily="Times New Roman" fontSize="10.5"/>
                </Word>
                <Word id="w_w2aab1b7b2c13b1b1b1" language="English" custom="readingOrder {index:1;}">
                    <Coords points="1657,1180 2030,1180 2030,1237 1657,1237"/>
                    <TextEquiv>
                        <Unicode>subsistentiae,</Unicode>
                    </TextEquiv>
                    <TextStyle fontFamily="Times New Roman" fontSize="10.5"/>
                </Word>
                <Word id="w_w2aab1b7b2c13b1b2b1" language="English" custom="readingOrder {index:2;}">
                    <Coords points="2091,1181 2252,1181 2252,1237 2091,1237"/>
                    <TextEquiv>
                        <Unicode>prout</Unicode>
                    </TextEquiv>
                    <TextStyle fontFamily="Times New Roman" fontSize="10.5"/>
                </Word>
                <Word id="w_w2aab1b7b2c13b1b3b1" language="English" custom="readingOrder {index:3;}">
                    <Coords points="2297,1191 2537,1191 2537,1237 2297,1237"/>
                    <TextEquiv>
                        <Unicode>personae</Unicode>
                    </TextEquiv>
                    <TextStyle fontFamily="Times New Roman" fontSize="10.5"/>
                </Word>
                <TextEquiv>
                    <Unicode>cet subsistentiae, prout personae rum</Unicode>
                </TextEquiv>
            </TextLine>
            <TextLine id="line_1616374399640_7111" primaryLanguage="English" custom="readingOrder {index:13;}">
                <Coords points="1527,1256 2549,1256 2548,1314 1527,1314"/>
                <Baseline points="1527,1301 1611,1300 1879,1300 2018,1300 2100,1300 2381,1300 2548,1305"/>
                <Word id="w_w2aab1b7b2c17b1ab1" language="English" custom="readingOrder {index:0;}">
                    <Coords points="1527,1256 1611,1256 1611,1301 1527,1301"/>
                    <TextEquiv>
                        <Unicode>vel</Unicode>
                    </TextEquiv>
                    <TextStyle fontFamily="Times New Roman" fontSize="10.5"/>
                </Word>
                <Word id="w_w2aab1b7b2c17b1ab9" language="English" custom="readingOrder {index:1;}">
                    <Coords points="1651,1256 1956,1256 1956,1314 1651,1314"/>
                    <TextEquiv>
                        <Unicode>personalia</Unicode>
                    </TextEquiv>
                    <TextStyle fontFamily="Times New Roman" fontSize="10.5"/>
                </Word>
                <Word id="w_w2aab1b7b2c17b1b1b1" language="English" custom="readingOrder {index:2;}">
                    <Coords points="1988,1257 2046,1257 2046,1302 1988,1302"/>
                    <TextEquiv>
                        <Unicode>ut</Unicode>
                    </TextEquiv>
                    <TextStyle fontFamily="Times New Roman" fontSize="10.5"/>
                </Word>
                <Word id="w_w2aab1b7b2c17b1b2b1" language="English" custom="readingOrder {index:3;}">
                    <Coords points="2073,1257 2316,1257 2316,1301 2073,1301"/>
                    <TextEquiv>
                        <Unicode>extrema</Unicode>
                    </TextEquiv>
                    <TextStyle fontFamily="Times New Roman" fontSize="10.5"/>
                </Word>
                <Word id="w_w2aab1b7b2c17b1b3b1" language="English" custom="readingOrder {index:4;}">
                    <Coords points="2352,1266 2534,1266 2534,1301 2352,1301"/>
                    <TextEquiv>
                        <Unicode>uniun-</Unicode>
                    </TextEquiv>
                    <TextStyle fontFamily="Times New Roman" fontSize="10.5"/>
                </Word>
                <TextEquiv>
                    <Unicode>vel personalia ut extrema uniun- tiam,</Unicode>
                </TextEquiv>
            </TextLine>
            <TextLine id="line_1616374399641_7113" primaryLanguage="English" custom="readingOrder {index:14;}">
                <Coords points="1527,1312 2548,1312 2547,1389 1527,1389"/>
                <Baseline points="1527,1378 1548,1378 1678,1377 2006,1384 2075,1378 2252,1377 2403,1375 2471,1389 2548,1350"/>
                <Word id="w_w2aab1b7b2c17b3ab1" language="English" custom="readingOrder {index:0;}">
                    <Coords points="1527,1332 1618,1332 1618,1378 1527,1378"/>
                    <TextEquiv>
                        <Unicode>tur</Unicode>
                    </TextEquiv>
                    <TextStyle fontFamily="Times New Roman" fontSize="10.5"/>
                </Word>
                <Word id="w_w2aab1b7b2c17b3b1b1" language="English" custom="readingOrder {index:1;}">
                    <Coords points="1664,1332 1717,1332 1717,1377 1664,1377"/>
                    <TextEquiv>
                        <Unicode>in</Unicode>
                    </TextEquiv>
                    <TextStyle fontFamily="Times New Roman" fontSize="10.5"/>
                </Word>
                <Word id="w_w2aab1b7b2c17b3b2b1" language="English" custom="readingOrder {index:2;}">
                    <Coords points="1760,1332 2006,1332 2006,1384 1760,1384"/>
                    <TextEquiv>
                        <Unicode>essentia,</Unicode>
                    </TextEquiv>
                    <TextStyle fontFamily="Times New Roman" fontSize="10.5"/>
                </Word>
                <Word id="w_w2aab1b7b2c17b3b2c21" language="English" custom="readingOrder {index:3;}">
                    <Coords points="2048,1330 2099,1330 2099,1378 2048,1378"/>
                    <TextEquiv>
                        <Unicode>et</Unicode>
                    </TextEquiv>
                    <TextStyle fontFamily="Times New Roman" fontSize="10.5"/>
                </Word>
                <Word id="w_w2aab1b7b2c17b3b3b1" language="English" custom="readingOrder {index:4;}">
                    <Coords points="2140,1330 2252,1330 2252,1377 2140,1377"/>
                    <TextEquiv>
                        <Unicode>ideo</Unicode>
                    </TextEquiv>
                    <TextStyle fontFamily="Times New Roman" fontSize="10.5"/>
                </Word>
                <Word id="w_w2aab1b7b2c17b3b3c11" language="English" custom="readingOrder {index:5;}">
                    <Coords points="2298,1343 2403,1343 2403,1376 2298,1376"/>
                    <TextEquiv>
                        <Unicode>non</Unicode>
                    </TextEquiv>
                    <TextStyle fontFamily="Times New Roman" fontSize="10.5"/>
                </Word>
                <Word id="w_w2aab1b7b2c17b3b3c19" language="English" custom="readingOrder {index:6;}">
                    <Coords points="2441,1321 2532,1321 2532,1389 2441,1389"/>
                    <TextEquiv>
                        <Unicode>po-</Unicode>
                    </TextEquiv>
                    <TextStyle fontFamily="Times New Roman" fontSize="10.5"/>
                </Word>
                <TextEquiv>
                    <Unicode>tur in essentia, et ideo non po- earu£id'</Unicode>
                </TextEquiv>
            </TextLine>
            <TextLine id="line_1616374399642_7115" primaryLanguage="English" custom="readingOrder {index:15;}">
                <Coords points="1531,1395 2547,1395 2547,1465 1531,1465"/>
                <Baseline points="1531,1454 1552,1454 1708,1454 1982,1453 2421,1452 2547,1431"/>
                <Word id="w_w2aab1b7b2c17b5ab1" language="English" custom="readingOrder {index:0;}">
                    <Coords points="1531,1410 1637,1410 1637,1454 1531,1454"/>
                    <TextEquiv>
                        <Unicode>test</Unicode>
                    </TextEquiv>
                    <TextStyle fontFamily="Times New Roman" fontSize="10.5"/>
                </Word>
                <Word id="w_w2aab1b7b2c17b5b1b1" language="English" custom="readingOrder {index:1;}">
                    <Coords points="1682,1407 1922,1407 1922,1454 1682,1454"/>
                    <TextEquiv>
                        <Unicode>concludi</Unicode>
                    </TextEquiv>
                    <TextStyle fontFamily="Times New Roman" fontSize="10.5"/>
                </Word>
                <Word id="w_w2aab1b7b2c17b5b2b1" language="English" custom="readingOrder {index:2;}">
                    <Coords points="1969,1407 2216,1407 2216,1455 1969,1455"/>
                    <TextEquiv>
                        <Unicode>identitas</Unicode>
                    </TextEquiv>
                    <TextStyle fontFamily="Times New Roman" fontSize="10.5"/>
                </Word>
                <Word id="w_w2aab1b7b2c17b5b3b1" language="English" custom="readingOrder {index:3;}">
                    <Coords points="2251,1402 2534,1402 2534,1453 2251,1453"/>
                    <TextEquiv>
                        <Unicode>subsisten-</Unicode>
                    </TextEquiv>
                    <TextStyle fontFamily="Times New Roman" fontSize="10.5"/>
                </Word>
                <TextEquiv>
                    <Unicode>test concludi identitas subsisten- 1Dten0s®</Unicode>
                </TextEquiv>
            </TextLine>
            <TextLine id="line_1616374399642_7117" primaryLanguage="English" custom="readingOrder {index:16;}">
                <Coords points="1530,1473 2547,1473 2546,1546 1530,1546"/>
                <Baseline points="1530,1531 1600,1530 1728,1530 1880,1530 2320,1528 2480,1528 2546,1513"/>
                <Word id="w_w2aab1b7b2c17b7ab1" language="English" custom="readingOrder {index:0;}">
                    <Coords points="1530,1484 1600,1484 1600,1531 1530,1531"/>
                    <TextEquiv>
                        <Unicode>tis</Unicode>
                    </TextEquiv>
                    <TextStyle fontFamily="Times New Roman" fontSize="10.5"/>
                </Word>
                <Word id="w_w2aab1b7b2c17b7ab9" language="English" custom="readingOrder {index:1;}">
                    <Coords points="1644,1485 1728,1485 1728,1536 1644,1536"/>
                    <TextEquiv>
                        <Unicode>vel</Unicode>
                    </TextEquiv>
                    <TextStyle fontFamily="Times New Roman" fontSize="10.5"/>
                </Word>
                <Word id="w_w2aab1b7b2c17b7ac17" language="English" custom="readingOrder {index:2;}">
                    <Coords points="1787,1484 2160,1484 2160,1543 1787,1543"/>
                    <TextEquiv>
                        <Unicode>subsistentiae,</Unicode>
                    </TextEquiv>
                    <TextStyle fontFamily="Times New Roman" fontSize="10.5"/>
                </Word>
                <Word id="w_w2aab1b7b2c17b7b1b1" language="English" custom="readingOrder {index:3;}">
                    <Coords points="2228,1496 2320,1496 2320,1543 2228,1543"/>
                    <TextEquiv>
                        <Unicode>per</Unicode>
                    </TextEquiv>
                    <TextStyle fontFamily="Times New Roman" fontSize="10.5"/>
                </Word>
                <Word id="w_w2aab1b7b2c17b7b1b9" language="English" custom="readingOrder {index:4;}">
                    <Coords points="2381,1483 2534,1483 2534,1529 2381,1529"/>
                    <TextEquiv>
                        <Unicode>ratio-</Unicode>
                    </TextEquiv>
                    <TextStyle fontFamily="Times New Roman" fontSize="10.5"/>
                </Word>
                <TextEquiv>
                    <Unicode>tis vel subsistentiae, per ratio- c0™j.u?d</Unicode>
                </TextEquiv>
            </TextLine>
            <TextLine id="line_1616374399643_7119" primaryLanguage="English" custom="readingOrder {index:17;}">
                <Coords points="1529,1554 2546,1554 2546,1597 2546,1607 1529,1607"/>
                <Baseline points="1529,1605 1648,1604 1988,1607 2218,1604 2317,1604 2520,1604 2546,1594"/>
                <Word id="w_w2aab1b7b2c17b9ab1" language="English" custom="readingOrder {index:0;}">
                    <Coords points="1529,1572 1648,1572 1648,1606 1529,1606"/>
                    <TextEquiv>
                        <Unicode>nem</Unicode>
                    </TextEquiv>
                    <TextStyle fontFamily="Times New Roman" fontSize="10.5"/>
                </Word>
                <Word id="w_w2aab1b7b2c17b9ab9" language="English" custom="readingOrder {index:1;}">
                    <Coords points="1694,1559 1988,1559 1988,1607 1694,1607"/>
                    <TextEquiv>
                        <Unicode>identitatis</Unicode>
                    </TextEquiv>
                    <TextStyle fontFamily="Times New Roman" fontSize="10.5"/>
                </Word>
                <Word id="w_w2aab1b7b2c17b9ac33" language="English" custom="readingOrder {index:2;}">
                    <Coords points="2033,1572 2218,1572 2218,1606 2033,1606"/>
                    <TextEquiv>
                        <Unicode>eorum</Unicode>
                    </TextEquiv>
                    <TextStyle fontFamily="Times New Roman" fontSize="10.5"/>
                </Word>
                <Word id="w_w2aab1b7b2c17b9ac45" language="English" custom="readingOrder {index:3;}">
                    <Coords points="2265,1559 2317,1559 2317,1604 2265,1604"/>
                    <TextEquiv>
                        <Unicode>in</Unicode>
                    </TextEquiv>
                    <TextStyle fontFamily="Times New Roman" fontSize="10.5"/>
                </Word>
                <Word id="w_w2aab1b7b2c17b9ac51" language="English" custom="readingOrder {index:4;}">
                    <Coords points="2367,1554 2538,1554 2538,1605 2367,1605"/>
                    <TextEquiv>
                        <Unicode>essen-</Unicode>
                    </TextEquiv>
                    <TextStyle fontFamily="Times New Roman" fontSize="10.5"/>
                </Word>
                <TextEquiv>
                    <Unicode>nem identitatis eorum in essen- 1*Prioru</Unicode>
                </TextEquiv>
            </TextLine>
            <TextLine id="tl_67" primaryLanguage="English" custom="readingOrder {index:18;}">
                <Coords points="1530,1635 1999,1635 1999,1682 1530,1682"/>
                <Baseline points="1530,1682 1606,1680 1689,1682 1738,1680 1999,1680"/>
                <Word id="w_w2aab1b7b2c17c11ab1" language="English" custom="readingOrder {index:0;}">
                    <Coords points="1530,1637 1606,1637 1606,1682 1530,1682"/>
                    <TextEquiv>
                        <Unicode>tia</Unicode>
                    </TextEquiv>
                    <TextStyle fontFamily="Times New Roman" fontSize="10.5"/>
                </Word>
                <Word id="w_w2aab1b7b2c17c11ab9" language="English" custom="readingOrder {index:1;}">
                    <Coords points="1632,1638 1689,1638 1689,1682 1632,1682"/>
                    <TextEquiv>
                        <Unicode>ut</Unicode>
                    </TextEquiv>
                    <TextStyle fontFamily="Times New Roman" fontSize="10.5"/>
                </Word>
                <Word id="w_w2aab1b7b2c17c11ac15" language="English" custom="readingOrder {index:2;}">
                    <Coords points="1723,1635 1776,1635 1776,1681 1723,1681"/>
                    <TextEquiv>
                        <Unicode>in</Unicode>
                    </TextEquiv>
                    <TextStyle fontFamily="Times New Roman" fontSize="10.5"/>
                </Word>
                <Word id="w_w2aab1b7b2c17c11b1b1" language="English" custom="readingOrder {index:3;}">
                    <Coords points="1815,1635 1999,1635 1999,1682 1815,1682"/>
                    <TextEquiv>
                        <Unicode>medio.</Unicode>
                    </TextEquiv>
                    <TextStyle fontFamily="Times New Roman" fontSize="10.5"/>
                </Word>
                <TextEquiv>
                    <Unicode>tia ut in medio.</Unicode>
                </TextEquiv>
            </TextLine>
            <TextLine id="tl_68" primaryLanguage="English" custom="readingOrder {index:19;}">
                <Coords points="1590,1709 2543,1709 2543,1771 1590,1771"/>
                <Baseline points="1590,1758 1628,1758 1762,1757 1906,1771 2087,1769 2228,1757 2407,1756 2543,1742"/>
                <Word id="w_w2aab1b7b2c19b1ab1" language="English" custom="readingOrder {index:0;}">
                    <Coords points="1590,1711 1691,1711 1691,1758 1590,1758"/>
                    <TextEquiv>
                        <Unicode>Per</Unicode>
                    </TextEquiv>
                    <TextStyle fontFamily="Times New Roman" fontSize="10.5"/>
                </Word>
                <Word id="w_w2aab1b7b2c19b1b1b1" language="English" custom="readingOrder {index:1;}">
                    <Coords points="1730,1711 1830,1711 1830,1771 1730,1771"/>
                    <TextEquiv>
                        <Unicode>hoc</Unicode>
                    </TextEquiv>
                    <TextStyle fontFamily="Times New Roman" fontSize="10.5"/>
                </Word>
                <Word id="w_w2aab1b7b2c19b1b2b1" language="English" custom="readingOrder {index:2;}">
                    <Coords points="1877,1713 2021,1713 2021,1771 1877,1771"/>
                    <TextEquiv>
                        <Unicode>patet</Unicode>
                    </TextEquiv>
                    <TextStyle fontFamily="Times New Roman" fontSize="10.5"/>
                </Word>
                <Word id="w_w2aab1b7b2c19b1b3b1" language="English" custom="readingOrder {index:3;}">
                    <Coords points="2071,1709 2129,1709 2129,1770 2071,1770"/>
                    <TextEquiv>
                        <Unicode>(f)</Unicode>
                    </TextEquiv>
                    <TextStyle fontFamily="Times New Roman" fontSize="10.5"/>
                </Word>
                <Word id="w_w2aab1b7b2c19b1b4b1" language="English" custom="readingOrder {index:4;}">
                    <Coords points="2169,1712 2228,1712 2228,1757 2169,1757"/>
                    <TextEquiv>
                        <Unicode>ad</Unicode>
                    </TextEquiv>
                    <TextStyle fontFamily="Times New Roman" fontSize="10.5"/>
                </Word>
                <Word id="w_w2aab1b7b2c19b1b4b7" language="English" custom="readingOrder {index:5;}">
                    <Coords points="2276,1711 2407,1711 2407,1758 2276,1758"/>
                    <TextEquiv>
                        <Unicode>talia</Unicode>
                    </TextEquiv>
                    <TextStyle fontFamily="Times New Roman" fontSize="10.5"/>
                </Word>
                <Word id="w_w2aab1b7b2c19b1b4c19" language="English" custom="readingOrder {index:6;}">
                    <Coords points="2456,1712 2543,1712 2543,1758 2456,1758"/>
                    <TextEquiv>
                        <Unicode>So¬</Unicode>
                    </TextEquiv>
                    <TextStyle fontFamily="Times New Roman" fontSize="10.5"/>
                </Word>
                <TextEquiv>
                    <Unicode>Per hoc patet (f) ad talia So¬</Unicode>
                </TextEquiv>
            </TextLine>
            <TextLine id="tl_69" primaryLanguage="English" custom="readingOrder {index:20;}">
                <Coords points="1533,1787 2541,1787 2541,1847 1533,1847"/>
                <Baseline points="1533,1847 1802,1833 1860,1832 2008,1831 2203,1830 2335,1830 2541,1838"/>
                <Word id="w_w2aab1b7b2c19b3ab1" language="English" custom="readingOrder {index:0;}">
                    <Coords points="1533,1787 1802,1787 1802,1847 1533,1847"/>
                    <TextEquiv>
                        <Unicode>phismata</Unicode>
                    </TextEquiv>
                    <TextStyle fontFamily="Times New Roman" fontSize="10.5"/>
                </Word>
                <Word id="w_w2aab1b7b2c19b3ac19" language="English" custom="readingOrder {index:1;}">
                    <Coords points="1852,1791 1860,1791 1860,1832 1852,1832"/>
                    <TextEquiv>
                        <Unicode>:</Unicode>
                    </TextEquiv>
                    <TextStyle fontFamily="Times New Roman" fontSize="10.5"/>
                </Word>
                <Word id="w_w2aab1b7b2c19b3b1b1" language="English" custom="readingOrder {index:2;}">
                    <Coords points="1928,1790 2008,1790 2008,1832 1928,1832"/>
                    <TextEquiv>
                        <Unicode>Hic</Unicode>
                    </TextEquiv>
                    <TextStyle fontFamily="Times New Roman" fontSize="8.5" italic="true"/>
                </Word>
                <Word id="w_w2aab1b7b2c19b3b1b9" language="English" custom="readingOrder {index:3;}">
                    <Coords points="2090,1790 2203,1790 2203,1830 2090,1830"/>
                    <TextEquiv>
                        <Unicode>Deus</Unicode>
                    </TextEquiv>
                    <TextStyle fontFamily="Times New Roman" fontSize="8.5" italic="true"/>
                </Word>
                <Word id="w_w2aab1b7b2c19b3b1c19" language="English" custom="readingOrder {index:4;}">
                    <Coords points="2275,1796 2335,1796 2335,1830 2275,1830"/>
                    <TextEquiv>
                        <Unicode>est</Unicode>
                    </TextEquiv>
                    <TextStyle fontFamily="Times New Roman" fontSize="8.5" italic="true"/>
                </Word>
                <Word id="w_w2aab1b7b2c19b3b1c27" language="English" custom="readingOrder {index:5;}">
                    <Coords points="2394,1789 2541,1789 2541,1838 2394,1838"/>
                    <TextEquiv>
                        <Unicode>Pater,</Unicode>
                    </TextEquiv>
                    <TextStyle fontFamily="Times New Roman" fontSize="8.5" italic="true"/>
                </Word>
                <TextEquiv>
                    <Unicode>phismata : Hic Deus est Pater,</Unicode>
                </TextEquiv>
            </TextLine>
            <TextLine id="tl_70" primaryLanguage="English" custom="readingOrder {index:21;}">
                <Coords points="1531,1864 2546,1864 2546,1920 1531,1920"/>
                <Baseline points="1531,1908 1674,1907 1801,1907 1924,1907 2016,1906 2104,1916 2247,1906 2442,1906 2546,1905"/>
                <Word id="w_w2aab1b7b2c21b1ab1" language="English" custom="readingOrder {index:0;}">
                    <Coords points="1531,1867 1674,1867 1674,1908 1531,1908"/>
                    <TextEquiv>
                        <Unicode>Filius</Unicode>
                    </TextEquiv>
                    <TextStyle fontFamily="Times New Roman" fontSize="8.5" italic="true"/>
                </Word>
                <Word id="w_w2aab1b7b2c21b1ac15" language="English" custom="readingOrder {index:1;}">
                    <Coords points="1741,1872 1801,1872 1801,1907 1741,1907"/>
                    <TextEquiv>
                        <Unicode>est</Unicode>
                    </TextEquiv>
                    <TextStyle fontFamily="Times New Roman" fontSize="8.5" italic="true"/>
                </Word>
                <Word id="w_w2aab1b7b2c21b1ac23" language="English" custom="readingOrder {index:2;}">
                    <Coords points="1851,1865 1924,1865 1924,1907 1851,1907"/>
                    <TextEquiv>
                        <Unicode>hic</Unicode>
                    </TextEquiv>
                    <TextStyle fontFamily="Times New Roman" fontSize="8.5" italic="true"/>
                </Word>
                <Word id="w_w2aab1b7b2c21b1ac31" language="English" custom="readingOrder {index:3;}">
                    <Coords points="1977,1866 2089,1866 2089,1906 1977,1906"/>
                    <TextEquiv>
                        <Unicode>Deus</Unicode>
                    </TextEquiv>
                    <TextStyle fontFamily="Times New Roman" fontSize="8.5" italic="true"/>
                </Word>
                <Word id="w_w2aab1b7b2c21b1b1b1" language="English" custom="readingOrder {index:4;}">
                    <Coords points="2095,1878 2104,1878 2104,1916 2095,1916"/>
                    <TextEquiv>
                        <Unicode>,</Unicode>
                    </TextEquiv>
                    <TextStyle fontFamily="Times New Roman" fontSize="6.5" bold="true"/>
                </Word>
                <Word id="w_w2aab1b7b2c21b1b2b1" language="English" custom="readingOrder {index:5;}">
                    <Coords points="2147,1878 2247,1878 2247,1920 2147,1920"/>
                    <TextEquiv>
                        <Unicode>ergo</Unicode>
                    </TextEquiv>
                    <TextStyle fontFamily="Times New Roman" fontSize="8.5" italic="true"/>
                </Word>
                <Word id="w_w2aab1b7b2c21b1b2c11" language="English" custom="readingOrder {index:6;}">
                    <Coords points="2296,1864 2442,1864 2442,1908 2296,1908"/>
                    <TextEquiv>
                        <Unicode>Filius</Unicode>
                    </TextEquiv>
                    <TextStyle fontFamily="Times New Roman" fontSize="8.5" italic="true"/>
                </Word>
                <Word id="w_w2aab1b7b2c21b1b2c25" language="English" custom="readingOrder {index:7;}">
                    <Coords points="2486,1870 2546,1870 2546,1905 2486,1905"/>
                    <TextEquiv>
                        <Unicode>est</Unicode>
                    </TextEquiv>
                    <TextStyle fontFamily="Times New Roman" fontSize="8.5" italic="true"/>
                </Word>
                <TextEquiv>
                    <Unicode>Filius est hic Deus, ergo Filius est</Unicode>
                </TextEquiv>
            </TextLine>
            <TextLine id="tl_71" primaryLanguage="English" custom="readingOrder {index:22;}">
                <Coords points="1534,1938 2546,1938 2546,1998 1534,1998"/>
                <Baseline points="1534,1985 1643,1984 1873,1986 2271,1991 2420,1984 2546,1968"/>
                <Word id="w_w2aab1b7b2c21b3ab1" language="English" custom="readingOrder {index:0;}">
                    <Coords points="1534,1942 1684,1942 1684,1992 1534,1992"/>
                    <TextEquiv>
                        <Unicode>Pater,</Unicode>
                    </TextEquiv>
                    <TextStyle fontFamily="Times New Roman" fontSize="8.5" italic="true"/>
                </Word>
                <Word id="w_w2aab1b7b2c21b3b2b1" language="English" custom="readingOrder {index:1;}">
                    <Coords points="1738,1940 1873,1940 1873,1998 1738,1998"/>
                    <TextEquiv>
                        <Unicode>quod</Unicode>
                    </TextEquiv>
                    <TextStyle fontFamily="Times New Roman" fontSize="10.5"/>
                </Word>
                <Word id="w_w2aab1b7b2c21b3b2c11" language="English" custom="readingOrder {index:2;}">
                    <Coords points="1903,1939 2271,1939 2271,1991 1903,1991"/>
                    <TextEquiv>
                        <Unicode>confirmatur,</Unicode>
                    </TextEquiv>
                    <TextStyle fontFamily="Times New Roman" fontSize="10.5"/>
                </Word>
                <Word id="w_w2aab1b7b2c21b3b2c37" language="English" custom="readingOrder {index:3;}">
                    <Coords points="2298,1938 2420,1938 2420,1997 2298,1997"/>
                    <TextEquiv>
                        <Unicode>quia</Unicode>
                    </TextEquiv>
                    <TextStyle fontFamily="Times New Roman" fontSize="10.5"/>
                </Word>
                <Word id="w_w2aab1b7b2c21b3b2c47" language="English" custom="readingOrder {index:4;}">
                    <Coords points="2444,1950 2546,1950 2546,1983 2444,1983"/>
                    <TextEquiv>
                        <Unicode>me¬</Unicode>
                    </TextEquiv>
                    <TextStyle fontFamily="Times New Roman" fontSize="10.5"/>
                </Word>
                <TextEquiv>
                    <Unicode>Pater, quod confirmatur, quia me¬</Unicode>
                </TextEquiv>
            </TextLine>
            <TextLine id="tl_72" primaryLanguage="English" custom="readingOrder {index:23;}">
                <Coords points="1532,2014 2545,2014 2545,2073 1532,2073"/>
                <Baseline points="1532,2061 1615,2061 1916,2061 2041,2061 2282,2060 2545,2059"/>
                <Word id="w_w2aab1b7b2c21b5ab1" language="English" custom="readingOrder {index:0;}">
                    <Coords points="1532,2016 1615,2016 1615,2061 1532,2061"/>
                    <TextEquiv>
                        <Unicode>dio</Unicode>
                    </TextEquiv>
                    <TextStyle fontFamily="Times New Roman" fontSize="10.5"/>
                </Word>
                <Word id="w_w2aab1b7b2c21b5ab9" language="English" custom="readingOrder {index:1;}">
                    <Coords points="1655,2014 1916,2014 1916,2062 1655,2062"/>
                    <TextEquiv>
                        <Unicode>existente</Unicode>
                    </TextEquiv>
                    <TextStyle fontFamily="Times New Roman" fontSize="10.5"/>
                </Word>
                <Word id="w_w2aab1b7b2c21b5ac29" language="English" custom="readingOrder {index:2;}">
                    <Coords points="1944,2015 2041,2015 2041,2061 1944,2061"/>
                    <TextEquiv>
                        <Unicode>hoc</Unicode>
                    </TextEquiv>
                    <TextStyle fontFamily="Times New Roman" fontSize="10.5"/>
                </Word>
                <Word id="w_w2aab1b7b2c21b5ac37" language="English" custom="readingOrder {index:3;}">
                    <Coords points="2086,2014 2282,2014 2282,2073 2086,2073"/>
                    <TextEquiv>
                        <Unicode>aliquid</Unicode>
                    </TextEquiv>
                    <TextStyle fontFamily="Times New Roman" fontSize="10.5"/>
                </Word>
                <Word id="w_w2aab1b7b2c21b5ac53" language="English" custom="readingOrder {index:4;}">
                    <Coords points="2331,2026 2545,2026 2545,2060 2331,2060"/>
                    <TextEquiv>
                        <Unicode>necesse</Unicode>
                    </TextEquiv>
                    <TextStyle fontFamily="Times New Roman" fontSize="10.5"/>
                </Word>
                <TextEquiv>
                    <Unicode>dio existente hoc aliquid necesse</Unicode>
                </TextEquiv>
                <TextStyle fontFamily="Times New Roman" fontSize="10.5"/>
            </TextLine>
            <TextLine id="tl_73" primaryLanguage="English" custom="readingOrder {index:24;}">
                <Coords points="1534,2089 2223,2089 2223,2148 1534,2148"/>
                <Baseline points="1534,2135 1561,2135 1904,2136 2223,2133"/>
                <Word id="w_w2aab1b7b2c21b7ab1" language="English" custom="readingOrder {index:0;}">
                    <Coords points="1534,2091 1615,2091 1615,2136 1534,2136"/>
                    <TextEquiv>
                        <Unicode>est</Unicode>
                    </TextEquiv>
                    <TextStyle fontFamily="Times New Roman" fontSize="10.5"/>
                </Word>
                <Word id="w_w2aab1b7b2c21b7b1b1" language="English" custom="readingOrder {index:1;}">
                    <Coords points="1661,2092 1904,2092 1904,2136 1661,2136"/>
                    <TextEquiv>
                        <Unicode>extrema</Unicode>
                    </TextEquiv>
                    <TextStyle fontFamily="Times New Roman" fontSize="10.5"/>
                </Word>
                <Word id="w_w2aab1b7b2c21b7b1c17" language="English" custom="readingOrder {index:2;}">
                    <Coords points="1955,2089 2223,2089 2223,2148 1955,2148"/>
                    <TextEquiv>
                        <Unicode>conjungi.</Unicode>
                    </TextEquiv>
                    <TextStyle fontFamily="Times New Roman" fontSize="10.5"/>
                </Word>
                <TextEquiv>
                    <Unicode>est extrema conjungi.</Unicode>
                </TextEquiv>
            </TextLine>
            <TextLine id="tl_74" primaryLanguage="English" custom="readingOrder {index:25;}">
                <Coords points="1594,2165 2546,2165 2546,2225 1594,2225"/>
                <Baseline points="1594,2212 1921,2218 2103,2211 2268,2212 2360,2210 2546,2196"/>
                <Word id="w_w2aab1b7b2c23b1ab1" language="English" custom="readingOrder {index:0;}">
                    <Coords points="1594,2167 1921,2167 1921,2225 1594,2225"/>
                    <TextEquiv>
                        <Unicode>Respondeo,</Unicode>
                    </TextEquiv>
                    <TextStyle fontFamily="Times New Roman" fontSize="10.5"/>
                </Word>
                <Word id="w_w2aab1b7b2c23b1ac23" language="English" custom="readingOrder {index:1;}">
                    <Coords points="1970,2166 2103,2166 2103,2225 1970,2225"/>
                    <TextEquiv>
                        <Unicode>quod</Unicode>
                    </TextEquiv>
                    <TextStyle fontFamily="Times New Roman" fontSize="10.5"/>
                </Word>
                <Word id="w_w2aab1b7b2c23b1ac33" language="English" custom="readingOrder {index:2;}">
                    <Coords points="2131,2165 2268,2165 2268,2212 2131,2212"/>
                    <TextEquiv>
                        <Unicode>sicut</Unicode>
                    </TextEquiv>
                    <TextStyle fontFamily="Times New Roman" fontSize="10.5"/>
                </Word>
                <Word id="w_w2aab1b7b2c23b1ac45" language="English" custom="readingOrder {index:3;}">
                    <Coords points="2307,2165 2360,2165 2360,2210 2307,2210"/>
                    <TextEquiv>
                        <Unicode>in</Unicode>
                    </TextEquiv>
                    <TextStyle fontFamily="Times New Roman" fontSize="10.5"/>
                </Word>
                <Word id="w_w2aab1b7b2c23b1ac51" language="English" custom="readingOrder {index:4;}">
                    <Coords points="2404,2177 2546,2177 2546,2211 2404,2211"/>
                    <TextEquiv>
                        <Unicode>crea¬</Unicode>
                    </TextEquiv>
                    <TextStyle fontFamily="Times New Roman" fontSize="10.5"/>
                </Word>
                <TextEquiv>
                    <Unicode>Respondeo, quod sicut in crea¬</Unicode>
                </TextEquiv>
                <TextStyle fontFamily="Times New Roman" fontSize="10.5"/>
            </TextLine>
            <TextLine id="tl_75" primaryLanguage="English" custom="readingOrder {index:26;}">
                <Coords points="1534,2241 2547,2241 2547,2298 1534,2298"/>
                <Baseline points="1534,2290 1674,2288 1996,2288 2078,2287 2266,2288 2348,2286 2547,2283"/>
                <Word id="w_w2aab1b7b2c23b3ab1" language="English" custom="readingOrder {index:0;}">
                    <Coords points="1534,2243 1674,2243 1674,2290 1534,2290"/>
                    <TextEquiv>
                        <Unicode>turis</Unicode>
                    </TextEquiv>
                    <TextStyle fontFamily="Times New Roman" fontSize="10.5"/>
                </Word>
                <Word id="w_w2aab1b7b2c23b3ac13" language="English" custom="readingOrder {index:1;}">
                    <Coords points="1719,2255 1996,2255 1996,2288 1719,2288"/>
                    <TextEquiv>
                        <Unicode>commune</Unicode>
                    </TextEquiv>
                    <TextStyle fontFamily="Times New Roman" fontSize="10.5"/>
                </Word>
                <Word id="w_w2aab1b7b2c23b3ac29" language="English" custom="readingOrder {index:2;}">
                    <Coords points="2023,2255 2078,2255 2078,2287 2023,2287"/>
                    <TextEquiv>
                        <Unicode>se</Unicode>
                    </TextEquiv>
                    <TextStyle fontFamily="Times New Roman" fontSize="10.5"/>
                </Word>
                <Word id="w_w2aab1b7b2c23b3ac35" language="English" custom="readingOrder {index:3;}">
                    <Coords points="2111,2241 2266,2241 2266,2288 2111,2288"/>
                    <TextEquiv>
                        <Unicode>habet</Unicode>
                    </TextEquiv>
                    <TextStyle fontFamily="Times New Roman" fontSize="10.5"/>
                </Word>
                <Word id="w_w2aab1b7b2c23b3ac47" language="English" custom="readingOrder {index:4;}">
                    <Coords points="2318,2243 2374,2243 2374,2298 2318,2298"/>
                    <TextEquiv>
                        <Unicode>ut</Unicode>
                    </TextEquiv>
                    <TextStyle fontFamily="Times New Roman" fontSize="10.5"/>
                </Word>
                <Word id="w_w2aab1b7b2c23b3b1b1" language="English" custom="readingOrder {index:5;}">
                    <Coords points="2421,2243 2547,2243 2547,2298 2421,2298"/>
                    <TextEquiv>
                        <Unicode>quale</Unicode>
                    </TextEquiv>
                    <TextStyle fontFamily="Times New Roman" fontSize="8.5" italic="true"/>
                </Word>
                <TextEquiv>
                    <Unicode>turis commune se habet ut quale</Unicode>
                </TextEquiv>
            </TextLine>
            <TextLine id="tl_76" primaryLanguage="English" custom="readingOrder {index:27;}">
                <Coords points="1536,2316 2547,2316 2547,2376 1536,2376"/>
                <Baseline points="1536,2376 1560,2376 1655,2371 1962,2363 2044,2362 2190,2361 2380,2360 2547,2362"/>
                <Word id="w_w2aab1b7b2c23b5ab1" language="English" custom="readingOrder {index:0;}">
                    <Coords points="1536,2321 1640,2321 1640,2376 1536,2376"/>
                    <TextEquiv>
                        <Unicode>quid,</Unicode>
                    </TextEquiv>
                    <TextStyle fontFamily="Times New Roman" fontSize="8.5" italic="true"/>
                </Word>
                <Word id="w_w2aab1b7b2c23b5b1b1" language="English" custom="readingOrder {index:1;}">
                    <Coords points="1646,2355 1655,2355 1655,2371 1646,2371"/>
                    <TextEquiv>
                        <Unicode>,</Unicode>
                    </TextEquiv>
                    <TextStyle fontFamily="Times New Roman" fontSize="10.5"/>
                </Word>
                <Word id="w_w2aab1b7b2c23b5b1b5" language="English" custom="readingOrder {index:2;}">
                    <Coords points="1688,2318 1962,2318 1962,2376 1688,2376"/>
                    <TextEquiv>
                        <Unicode>singulare</Unicode>
                    </TextEquiv>
                    <TextStyle fontFamily="Times New Roman" fontSize="10.5"/>
                </Word>
                <Word id="w_w2aab1b7b2c23b5b1c25" language="English" custom="readingOrder {index:3;}">
                    <Coords points="2016,2320 2070,2320 2070,2363 2016,2363"/>
                    <TextEquiv>
                        <Unicode>ut</Unicode>
                    </TextEquiv>
                    <TextStyle fontFamily="Times New Roman" fontSize="10.5"/>
                </Word>
                <Word id="w_w2aab1b7b2c23b5b2b1" language="English" custom="readingOrder {index:4;}">
                    <Coords points="2112,2320 2190,2320 2190,2361 2112,2361"/>
                    <TextEquiv>
                        <Unicode>hoc</Unicode>
                    </TextEquiv>
                    <TextStyle fontFamily="Times New Roman" fontSize="8.5" italic="true"/>
                </Word>
                <Word id="w_w2aab1b7b2c23b5b2b9" language="English" custom="readingOrder {index:5;}">
                    <Coords points="2239,2318 2426,2318 2426,2374 2239,2374"/>
                    <TextEquiv>
                        <Unicode>aliquid,</Unicode>
                    </TextEquiv>
                    <TextStyle fontFamily="Times New Roman" fontSize="8.5" italic="true"/>
                </Word>
                <Word id="w_w2aab1b7b2c23b5b4b1" language="English" custom="readingOrder {index:6;}">
                    <Coords points="2473,2316 2547,2316 2547,2362 2473,2362"/>
                    <TextEquiv>
                        <Unicode>ita</Unicode>
                    </TextEquiv>
                    <TextStyle fontFamily="Times New Roman" fontSize="10.5"/>
                </Word>
                <TextEquiv>
                    <Unicode>quid,, singulare ut hoc aliquid, ita</Unicode>
                </TextEquiv>
            </TextLine>
            <TextLine id="tl_77" primaryLanguage="English" custom="readingOrder {index:28;}">
                <Coords points="1534,2389 2549,2389 2549,2449 1534,2449"/>
                <Baseline points="1534,2438 1647,2438 1922,2437 2263,2436 2549,2435"/>
                <Word id="w_w2aab1b7b2c23b7ab1" language="English" custom="readingOrder {index:0;}">
                    <Coords points="1534,2392 1647,2392 1647,2438 1534,2438"/>
                    <TextEquiv>
                        <Unicode>haec</Unicode>
                    </TextEquiv>
                    <TextStyle fontFamily="Times New Roman" fontSize="10.5"/>
                </Word>
                <Word id="w_w2aab1b7b2c23b7ac11" language="English" custom="readingOrder {index:1;}">
                    <Coords points="1689,2391 1922,2391 1922,2437 1689,2437"/>
                    <TextEquiv>
                        <Unicode>essentia</Unicode>
                    </TextEquiv>
                    <TextStyle fontFamily="Times New Roman" fontSize="10.5"/>
                </Word>
                <Word id="w_w2aab1b7b2c23b7ac29" language="English" custom="readingOrder {index:2;}">
                    <Coords points="1967,2389 2263,2389 2263,2436 1967,2436"/>
                    <TextEquiv>
                        <Unicode>communis</Unicode>
                    </TextEquiv>
                    <TextStyle fontFamily="Times New Roman" fontSize="10.5"/>
                </Word>
                <Word id="w_w2aab1b7b2c23b7ac47" language="English" custom="readingOrder {index:3;}">
                    <Coords points="2305,2389 2549,2389 2549,2449 2305,2449"/>
                    <TextEquiv>
                        <Unicode>personis</Unicode>
                    </TextEquiv>
                    <TextStyle fontFamily="Times New Roman" fontSize="10.5"/>
                </Word>
                <TextEquiv>
                    <Unicode>haec essentia communis personis</Unicode>
                </TextEquiv>
                <TextStyle fontFamily="Times New Roman" fontSize="10.5"/>
            </TextLine>
            <TextLine id="tl_78" primaryLanguage="English" custom="readingOrder {index:29;}">
                <Coords points="1536,2467 2549,2467 2549,2524 1536,2524"/>
                <Baseline points="1536,2514 1692,2515 1782,2513 2224,2510 2389,2509 2549,2512"/>
                <Word id="w_w2aab1b7b2c23b9ab1" language="English" custom="readingOrder {index:0;}">
                    <Coords points="1536,2468 1692,2468 1692,2515 1536,2515"/>
                    <TextEquiv>
                        <Unicode>habet</Unicode>
                    </TextEquiv>
                    <TextStyle fontFamily="Times New Roman" fontSize="10.5"/>
                </Word>
                <Word id="w_w2aab1b7b2c23b9ac13" language="English" custom="readingOrder {index:1;}">
                    <Coords points="1755,2467 2021,2467 2021,2524 1755,2524"/>
                    <TextEquiv>
                        <Unicode>rationem</Unicode>
                    </TextEquiv>
                    <TextStyle fontFamily="Times New Roman" fontSize="10.5"/>
                </Word>
                <Word id="w_w2aab1b7b2c23b9b1b1" language="English" custom="readingOrder {index:2;}">
                    <Coords points="2082,2469 2224,2469 2224,2524 2082,2524"/>
                    <TextEquiv>
                        <Unicode>qualis</Unicode>
                    </TextEquiv>
                    <TextStyle fontFamily="Times New Roman" fontSize="8.5" italic="true"/>
                </Word>
                <Word id="w_w2aab1b7b2c23b9b1c15" language="English" custom="readingOrder {index:3;}">
                    <Coords points="2291,2470 2426,2470 2426,2524 2291,2524"/>
                    <TextEquiv>
                        <Unicode>cujus,</Unicode>
                    </TextEquiv>
                    <TextStyle fontFamily="Times New Roman" fontSize="8.5" italic="true"/>
                </Word>
                <Word id="w_w2aab1b7b2c23b9b3b1" language="English" custom="readingOrder {index:4;}">
                    <Coords points="2497,2468 2549,2468 2549,2512 2497,2512"/>
                    <TextEquiv>
                        <Unicode>et</Unicode>
                    </TextEquiv>
                    <TextStyle fontFamily="Times New Roman" fontSize="10.5"/>
                </Word>
                <TextEquiv>
                    <Unicode>habet rationem qualis cujus, et</Unicode>
                </TextEquiv>
            </TextLine>
            <TextLine id="tl_79" primaryLanguage="English" custom="readingOrder {index:30;}">
                <Coords points="1536,2543 2547,2543 2547,2605 1536,2605"/>
                <Baseline points="1536,2605 1769,2590 1962,2590 2029,2588 2436,2586 2547,2576"/>
                <Word id="w_w2aab1b7b2c23c11ab1" language="English" custom="readingOrder {index:0;}">
                    <Coords points="1536,2557 1769,2557 1769,2605 1536,2605"/>
                    <TextEquiv>
                        <Unicode>persona</Unicode>
                    </TextEquiv>
                    <TextStyle fontFamily="Times New Roman" fontSize="10.5"/>
                </Word>
                <Word id="w_w2aab1b7b2c23c11ac17" language="English" custom="readingOrder {index:1;}">
                    <Coords points="1806,2543 1962,2543 1962,2590 1806,2590"/>
                    <TextEquiv>
                        <Unicode>habet</Unicode>
                    </TextEquiv>
                    <TextStyle fontFamily="Times New Roman" fontSize="10.5"/>
                </Word>
                <Word id="w_w2aab1b7b2c23c11ac29" language="English" custom="readingOrder {index:2;}">
                    <Coords points="2004,2543 2268,2543 2268,2590 2004,2590"/>
                    <TextEquiv>
                        <Unicode>rationem</Unicode>
                    </TextEquiv>
                    <TextStyle fontFamily="Times New Roman" fontSize="10.5"/>
                </Word>
                <Word id="w_w2aab1b7b2c23c11b1b1" language="English" custom="readingOrder {index:3;}">
                    <Coords points="2307,2545 2436,2545 2436,2600 2307,2600"/>
                    <TextEquiv>
                        <Unicode>hujus</Unicode>
                    </TextEquiv>
                    <TextStyle fontFamily="Times New Roman" fontSize="8.5" italic="true"/>
                </Word>
                <Word id="w_w2aab1b7b2c23c11b1c13" language="English" custom="readingOrder {index:4;}">
                    <Coords points="2459,2545 2547,2545 2547,2586 2459,2586"/>
                    <TextEquiv>
                        <Unicode>ali-</Unicode>
                    </TextEquiv>
                    <TextStyle fontFamily="Times New Roman" fontSize="8.5" italic="true"/>
                </Word>
                <TextEquiv>
                    <Unicode>persona habet rationem hujus ali-</Unicode>
                </TextEquiv>
            </TextLine>
            <TextLine id="tl_80" primaryLanguage="English" custom="readingOrder {index:31;}">
                <Coords points="1537,2619 2548,2619 2548,2679 1537,2679"/>
                <Baseline points="1537,2665 1608,2679 1686,2674 1950,2664 2135,2665 2257,2665 2328,2665 2548,2662"/>
                <Word id="w_w2aab1b7b2c23c13ab1" language="English" custom="readingOrder {index:0;}">
                    <Coords points="1537,2625 1658,2625 1658,2679 1537,2679"/>
                    <TextEquiv>
                        <Unicode>cujus</Unicode>
                    </TextEquiv>
                    <TextStyle fontFamily="Times New Roman" fontSize="8.5" italic="true"/>
                </Word>
                <Word id="w_w2aab1b7b2c23c13b1b1" language="English" custom="readingOrder {index:1;}">
                    <Coords points="1672,2640 1686,2640 1686,2674 1672,2674"/>
                    <TextEquiv>
                        <Unicode>;</Unicode>
                    </TextEquiv>
                    <TextStyle fontFamily="Times New Roman" fontSize="8.5" bold="true" italic="true"/>
                </Word>
                <Word id="w_w2aab1b7b2c23c13b2b3" language="English" custom="readingOrder {index:2;}">
                    <Coords points="1724,2619 1950,2619 1950,2666 1724,2666"/>
                    <TextEquiv>
                        <Unicode>medium</Unicode>
                    </TextEquiv>
                    <TextStyle fontFamily="Times New Roman" fontSize="10.5"/>
                </Word>
                <Word id="w_w2aab1b7b2c23c13b2c17" language="English" custom="readingOrder {index:3;}">
                    <Coords points="2007,2632 2135,2632 2135,2678 2007,2678"/>
                    <TextEquiv>
                        <Unicode>ergo</Unicode>
                    </TextEquiv>
                    <TextStyle fontFamily="Times New Roman" fontSize="10.5"/>
                </Word>
                <Word id="w_w2aab1b7b2c23c13b2c27" language="English" custom="readingOrder {index:4;}">
                    <Coords points="2172,2619 2257,2619 2257,2665 2172,2665"/>
                    <TextEquiv>
                        <Unicode>hic</Unicode>
                    </TextEquiv>
                    <TextStyle fontFamily="Times New Roman" fontSize="10.5"/>
                </Word>
                <Word id="w_w2aab1b7b2c23c13b2c35" language="English" custom="readingOrder {index:5;}">
                    <Coords points="2303,2621 2381,2621 2381,2676 2303,2676"/>
                    <TextEquiv>
                        <Unicode>est</Unicode>
                    </TextEquiv>
                    <TextStyle fontFamily="Times New Roman" fontSize="10.5"/>
                </Word>
                <Word id="w_w2aab1b7b2c23c13b3b1" language="English" custom="readingOrder {index:6;}">
                    <Coords points="2422,2621 2548,2621 2548,2676 2422,2676"/>
                    <TextEquiv>
                        <Unicode>quale</Unicode>
                    </TextEquiv>
                    <TextStyle fontFamily="Times New Roman" fontSize="8.5" italic="true"/>
                </Word>
                <TextEquiv>
                    <Unicode>cujus; medium ergo hic est quale</Unicode>
                </TextEquiv>
            </TextLine>
            <TextLine id="tl_81" primaryLanguage="English" custom="readingOrder {index:32;}">
                <Coords points="1537,2695 2548,2695 2548,2756 1537,2756"/>
                <Baseline points="1537,2756 1591,2741 1714,2743 1774,2742 1958,2740 2117,2738 2548,2740"/>
                <Word id="w_w2aab1b7b2c23c15ab1" language="English" custom="readingOrder {index:0;}">
                    <Coords points="1537,2700 1643,2700 1643,2756 1537,2756"/>
                    <TextEquiv>
                        <Unicode>quid</Unicode>
                    </TextEquiv>
                    <TextStyle fontFamily="Times New Roman" fontSize="8.5" italic="true"/>
                </Word>
                <Word id="w_w2aab1b7b2c23c15b2b1" language="English" custom="readingOrder {index:1;}">
                    <Coords points="1663,2699 1714,2699 1714,2743 1663,2743"/>
                    <TextEquiv>
                        <Unicode>et</Unicode>
                    </TextEquiv>
                    <TextStyle fontFamily="Times New Roman" fontSize="10.5"/>
                </Word>
                <Word id="w_w2aab1b7b2c23c15b2b7" language="English" custom="readingOrder {index:2;}">
                    <Coords points="1742,2699 1848,2699 1848,2743 1742,2743"/>
                    <TextEquiv>
                        <Unicode>non</Unicode>
                    </TextEquiv>
                    <TextStyle fontFamily="Times New Roman" fontSize="10.5"/>
                </Word>
                <Word id="w_w2aab1b7b2c23c15b3b1" language="English" custom="readingOrder {index:3;}">
                    <Coords points="1880,2699 1958,2699 1958,2740 1880,2740"/>
                    <TextEquiv>
                        <Unicode>hoc</Unicode>
                    </TextEquiv>
                    <TextStyle fontFamily="Times New Roman" fontSize="8.5" italic="true"/>
                </Word>
                <Word id="w_w2aab1b7b2c23c15b3b9" language="English" custom="readingOrder {index:4;}">
                    <Coords points="1976,2697 2167,2697 2167,2753 1976,2753"/>
                    <TextEquiv>
                        <Unicode>aliquid.</Unicode>
                    </TextEquiv>
                    <TextStyle fontFamily="Times New Roman" fontSize="8.5" italic="true"/>
                </Word>
                <Word id="w_w2aab1b7b2c23c15b5b1" language="English" custom="readingOrder {index:5;}">
                    <Coords points="2204,2695 2548,2695 2548,2743 2204,2743"/>
                    <TextEquiv>
                        <Unicode>Concluditur</Unicode>
                    </TextEquiv>
                    <TextStyle fontFamily="Times New Roman" fontSize="10.5"/>
                </Word>
                <TextEquiv>
                    <Unicode>quid et non hoc aliquid. Concluditur</Unicode>
                </TextEquiv>
            </TextLine>
            <TextLine id="tl_82" primaryLanguage="English" custom="readingOrder {index:33;}">
                <Coords points="1538,2772 2549,2772 2549,2820 1538,2820"/>
                <Baseline points="1538,2819 1716,2818 2022,2818 2438,2817 2549,2818"/>
                <Word id="w_w2aab1b7b2c23c17ab1" language="English" custom="readingOrder {index:0;}">
                    <Coords points="1538,2777 1716,2777 1716,2820 1538,2820"/>
                    <TextEquiv>
                        <Unicode>autem</Unicode>
                    </TextEquiv>
                    <TextStyle fontFamily="Times New Roman" fontSize="10.5"/>
                </Word>
                <Word id="w_w2aab1b7b2c23c17ac13" language="English" custom="readingOrder {index:1;}">
                    <Coords points="1775,2772 2022,2772 2022,2819 1775,2819"/>
                    <TextEquiv>
                        <Unicode>identitas</Unicode>
                    </TextEquiv>
                    <TextStyle fontFamily="Times New Roman" fontSize="10.5"/>
                </Word>
                <Word id="w_w2aab1b7b2c23c17ac33" language="English" custom="readingOrder {index:2;}">
                    <Coords points="2071,2773 2438,2773 2438,2817 2071,2817"/>
                    <TextEquiv>
                        <Unicode>extremorum</Unicode>
                    </TextEquiv>
                    <TextStyle fontFamily="Times New Roman" fontSize="10.5"/>
                </Word>
                <Word id="w_w2aab1b7b2c23c17ac55" language="English" custom="readingOrder {index:3;}">
                    <Coords points="2497,2772 2549,2772 2549,2818 2497,2818"/>
                    <TextEquiv>
                        <Unicode>in</Unicode>
                    </TextEquiv>
                    <TextStyle fontFamily="Times New Roman" fontSize="10.5"/>
                </Word>
                <TextEquiv>
                    <Unicode>autem identitas extremorum in</Unicode>
                </TextEquiv>
                <TextStyle fontFamily="Times New Roman" fontSize="10.5"/>
            </TextLine>
            <TextLine id="tl_83" primaryLanguage="English" custom="readingOrder {index:34;}">
                <Coords points="1538,2846 2552,2846 2552,2897 1538,2897"/>
                <Baseline points="1538,2897 1877,2894 1977,2894 2060,2893 2326,2892 2552,2895"/>
                <Word id="w_w2aab1b7b2c23c19ab1" language="English" custom="readingOrder {index:0;}">
                    <Coords points="1538,2848 1877,2848 1877,2897 1538,2897"/>
                    <TextEquiv>
                        <Unicode>conclusione</Unicode>
                    </TextEquiv>
                    <TextStyle fontFamily="Times New Roman" fontSize="10.5"/>
                </Word>
                <Word id="w_w2aab1b7b2c23c19ac25" language="English" custom="readingOrder {index:1;}">
                    <Coords points="1917,2861 1977,2861 1977,2894 1917,2894"/>
                    <TextEquiv>
                        <Unicode>ac</Unicode>
                    </TextEquiv>
                    <TextStyle fontFamily="Times New Roman" fontSize="10.5"/>
                </Word>
                <Word id="w_w2aab1b7b2c23c19ac31" language="English" custom="readingOrder {index:2;}">
                    <Coords points="2015,2847 2060,2847 2060,2893 2015,2893"/>
                    <TextEquiv>
                        <Unicode>si</Unicode>
                    </TextEquiv>
                    <TextStyle fontFamily="Times New Roman" fontSize="10.5"/>
                </Word>
                <Word id="w_w2aab1b7b2c23c19ac37" language="English" custom="readingOrder {index:3;}">
                    <Coords points="2102,2846 2326,2846 2326,2893 2102,2893"/>
                    <TextEquiv>
                        <Unicode>medium</Unicode>
                    </TextEquiv>
                    <TextStyle fontFamily="Times New Roman" fontSize="10.5"/>
                </Word>
                <Word id="w_w2aab1b7b2c23c19ac51" language="English" custom="readingOrder {index:4;}">
                    <Coords points="2362,2847 2552,2847 2552,2895 2362,2895"/>
                    <TextEquiv>
                        <Unicode>fuisset</Unicode>
                    </TextEquiv>
                    <TextStyle fontFamily="Times New Roman" fontSize="10.5"/>
                </Word>
                <TextEquiv>
                    <Unicode>conclusione ac si medium fuisset</Unicode>
                </TextEquiv>
                <TextStyle fontFamily="Times New Roman" fontSize="10.5"/>
            </TextLine>
            <TextLine id="tl_84" primaryLanguage="English" custom="readingOrder {index:35;}">
                <Coords points="1536,2923 2555,2923 2555,2982 1536,2982"/>
                <Baseline points="1536,2970 1616,2969 1817,2967 2167,2968 2282,2969 2555,2969"/>
                <Word id="w_w2aab1b7b2c23c21ab1" language="English" custom="readingOrder {index:0;}">
                    <Coords points="1536,2928 1616,2928 1616,2970 1536,2970"/>
                    <TextEquiv>
                        <Unicode>hoc</Unicode>
                    </TextEquiv>
                    <TextStyle fontFamily="Times New Roman" fontSize="8.5" italic="true"/>
                </Word>
                <Word id="w_w2aab1b7b2c23c21ab9" language="English" custom="readingOrder {index:1;}">
                    <Coords points="1675,2926 1864,2926 1864,2982 1675,2982"/>
                    <TextEquiv>
                        <Unicode>aliquid,</Unicode>
                    </TextEquiv>
                    <TextStyle fontFamily="Times New Roman" fontSize="8.5" italic="true"/>
                </Word>
                <Word id="w_w2aab1b7b2c23c21b2b1" language="English" custom="readingOrder {index:2;}">
                    <Coords points="1915,2923 2167,2923 2167,2970 1915,2970"/>
                    <TextEquiv>
                        <Unicode>similiter</Unicode>
                    </TextEquiv>
                    <TextStyle fontFamily="Times New Roman" fontSize="10.5"/>
                </Word>
                <Word id="w_w2aab1b7b2c23c21b2c21" language="English" custom="readingOrder {index:3;}">
                    <Coords points="2213,2923 2282,2923 2282,2969 2213,2969"/>
                    <TextEquiv>
                        <Unicode>ibi</Unicode>
                    </TextEquiv>
                    <TextStyle fontFamily="Times New Roman" fontSize="10.5"/>
                </Word>
                <Word id="w_w2aab1b7b2c23c21b2c29" language="English" custom="readingOrder {index:4;}">
                    <Coords points="2345,2923 2555,2923 2555,2970 2345,2970"/>
                    <TextEquiv>
                        <Unicode>videtur</Unicode>
                    </TextEquiv>
                    <TextStyle fontFamily="Times New Roman" fontSize="10.5"/>
                </Word>
                <TextEquiv>
                    <Unicode>hoc aliquid, similiter ibi videtur</Unicode>
                </TextEquiv>
            </TextLine>
            <TextLine id="tl_85" primaryLanguage="English" custom="readingOrder {index:36;}">
                <Coords points="1539,2999 2556,2999 2556,3060 1539,3060"/>
                <Baseline points="1539,3059 1607,3060 1755,3047 2008,3045 2314,3045 2394,3046 2556,3032"/>
                <Word id="w_w2aab1b7b2c23c23ab1" language="English" custom="readingOrder {index:0;}">
                    <Coords points="1539,3003 1607,3003 1607,3060 1539,3060"/>
                    <TextEquiv>
                        <Unicode>(g)</Unicode>
                    </TextEquiv>
                    <TextStyle fontFamily="Times New Roman" fontSize="10.5"/>
                </Word>
                <Word id="w_w2aab1b7b2c23c23ab9" language="English" custom="readingOrder {index:1;}">
                    <Coords points="1639,3014 1755,3014 1755,3047 1639,3047"/>
                    <TextEquiv>
                        <Unicode>esse</Unicode>
                    </TextEquiv>
                    <TextStyle fontFamily="Times New Roman" fontSize="10.5"/>
                </Word>
                <Word id="w_w2aab1b7b2c23c23ac19" language="English" custom="readingOrder {index:2;}">
                    <Coords points="1794,3000 2008,3000 2008,3046 1794,3046"/>
                    <TextEquiv>
                        <Unicode>fallacia</Unicode>
                    </TextEquiv>
                    <TextStyle fontFamily="Times New Roman" fontSize="10.5"/>
                </Word>
                <Word id="w_w2aab1b7b2c23c23ac37" language="English" custom="readingOrder {index:3;}">
                    <Coords points="2031,2999 2314,2999 2314,3046 2031,3046"/>
                    <TextEquiv>
                        <Unicode>accidentis</Unicode>
                    </TextEquiv>
                    <TextStyle fontFamily="Times New Roman" fontSize="10.5"/>
                </Word>
                <Word id="w_w2aab1b7b2c23c23ac59" language="English" custom="readingOrder {index:4;}">
                    <Coords points="2343,3002 2394,3002 2394,3046 2343,3046"/>
                    <TextEquiv>
                        <Unicode>et</Unicode>
                    </TextEquiv>
                    <TextStyle fontFamily="Times New Roman" fontSize="10.5"/>
                </Word>
                <Word id="w_w2aab1b7b2c23c23ac65" language="English" custom="readingOrder {index:5;}">
                    <Coords points="2433,3014 2556,3014 2556,3046 2433,3046"/>
                    <TextEquiv>
                        <Unicode>con¬</Unicode>
                    </TextEquiv>
                    <TextStyle fontFamily="Times New Roman" fontSize="10.5"/>
                </Word>
                <TextEquiv>
                    <Unicode>(g) esse fallacia accidentis et con¬</Unicode>
                </TextEquiv>
                <TextStyle fontFamily="Times New Roman" fontSize="10.5"/>
            </TextLine>
            <TextLine id="tl_86" primaryLanguage="English" custom="readingOrder {index:37;}">
                <Coords points="1539,3076 2560,3076 2560,3137 1539,3137"/>
                <Baseline points="1539,3124 1824,3129 2003,3122 2062,3121 2202,3119 2560,3121"/>
                <Word id="w_w2aab1b7b2c23c25ab1" language="English" custom="readingOrder {index:0;}">
                    <Coords points="1539,3077 1824,3077 1824,3137 1539,3137"/>
                    <TextEquiv>
                        <Unicode>sequentis,</Unicode>
                    </TextEquiv>
                    <TextStyle fontFamily="Times New Roman" fontSize="10.5"/>
                </Word>
                <Word id="w_w2aab1b7b2c23c25ac23" language="English" custom="readingOrder {index:1;}">
                    <Coords points="1881,3076 2003,3076 2003,3135 1881,3135"/>
                    <TextEquiv>
                        <Unicode>quia</Unicode>
                    </TextEquiv>
                    <TextStyle fontFamily="Times New Roman" fontSize="10.5"/>
                </Word>
                <Word id="w_w2aab1b7b2c23c25ac33" language="English" custom="readingOrder {index:2;}">
                    <Coords points="2047,3076 2102,3076 2102,3134 2047,3134"/>
                    <TextEquiv>
                        <Unicode>ly</Unicode>
                    </TextEquiv>
                    <TextStyle fontFamily="Times New Roman" fontSize="10.5"/>
                </Word>
                <Word id="w_w2aab1b7b2c23c25b1b1" language="English" custom="readingOrder {index:3;}">
                    <Coords points="2139,3079 2253,3079 2253,3120 2139,3120"/>
                    <TextEquiv>
                        <Unicode>Deus</Unicode>
                    </TextEquiv>
                    <TextStyle fontFamily="Times New Roman" fontSize="8.5" italic="true"/>
                </Word>
                <Word id="w_w2aab1b7b2c23c25b3b1" language="English" custom="readingOrder {index:4;}">
                    <Coords points="2295,3076 2560,3076 2560,3136 2295,3136"/>
                    <TextEquiv>
                        <Unicode>accipitur</Unicode>
                    </TextEquiv>
                    <TextStyle fontFamily="Times New Roman" fontSize="10.5"/>
                </Word>
                <TextEquiv>
                    <Unicode>sequentis, quia ly Deus accipitur</Unicode>
                </TextEquiv>
            </TextLine>
            <TextLine id="tl_87" primaryLanguage="English" custom="readingOrder {index:38;}">
                <Coords points="1538,3151 2557,3151 2557,3213 1538,3213"/>
                <Baseline points="1538,3200 1588,3200 1930,3198 2107,3198 2273,3197 2396,3198 2557,3197"/>
                <Word id="w_w2aab1b7b2c23c27ab1" language="English" custom="readingOrder {index:0;}">
                    <Coords points="1538,3155 1588,3155 1588,3200 1538,3200"/>
                    <TextEquiv>
                        <Unicode>in</Unicode>
                    </TextEquiv>
                    <TextStyle fontFamily="Times New Roman" fontSize="10.5"/>
                </Word>
                <Word id="w_w2aab1b7b2c23c27ab7" language="English" custom="readingOrder {index:1;}">
                    <Coords points="1635,3152 1930,3152 1930,3213 1635,3213"/>
                    <TextEquiv>
                        <Unicode>praemissis</Unicode>
                    </TextEquiv>
                    <TextStyle fontFamily="Times New Roman" fontSize="10.5"/>
                </Word>
                <Word id="w_w2aab1b7b2c23c27ac29" language="English" custom="readingOrder {index:2;}">
                    <Coords points="2009,3165 2107,3165 2107,3211 2009,3211"/>
                    <TextEquiv>
                        <Unicode>pro</Unicode>
                    </TextEquiv>
                    <TextStyle fontFamily="Times New Roman" fontSize="10.5"/>
                </Word>
                <Word id="w_w2aab1b7b2c23c27ac37" language="English" custom="readingOrder {index:3;}">
                    <Coords points="2167,3151 2273,3151 2273,3197 2167,3197"/>
                    <TextEquiv>
                        <Unicode>alio</Unicode>
                    </TextEquiv>
                    <TextStyle fontFamily="Times New Roman" fontSize="10.5"/>
                </Word>
                <Word id="w_w2aab1b7b2c23c27ac47" language="English" custom="readingOrder {index:4;}">
                    <Coords points="2344,3155 2396,3155 2396,3198 2344,3198"/>
                    <TextEquiv>
                        <Unicode>et</Unicode>
                    </TextEquiv>
                    <TextStyle fontFamily="Times New Roman" fontSize="10.5"/>
                </Word>
                <Word id="w_w2aab1b7b2c23c27ac53" language="English" custom="readingOrder {index:5;}">
                    <Coords points="2450,3152 2557,3152 2557,3198 2450,3198"/>
                    <TextEquiv>
                        <Unicode>alio</Unicode>
                    </TextEquiv>
                    <TextStyle fontFamily="Times New Roman" fontSize="10.5"/>
                </Word>
                <TextEquiv>
                    <Unicode>in praemissis pro alio et alio</Unicode>
                </TextEquiv>
                <TextStyle fontFamily="Times New Roman" fontSize="10.5"/>
            </TextLine>
            <TextLine id="tl_88" primaryLanguage="English" custom="readingOrder {index:39;}">
                <Coords points="1539,3229 1836,3229 1836,3289 1539,3289"/>
                <Baseline points="1539,3277 1836,3273"/>
                <Word id="w_w2aab1b7b2c23c29ab1" language="English" custom="readingOrder {index:0;}">
                    <Coords points="1539,3229 1836,3229 1836,3289 1539,3289"/>
                    <TextEquiv>
                        <Unicode>supposito.</Unicode>
                    </TextEquiv>
                    <TextStyle fontFamily="Times New Roman" fontSize="10.5"/>
                </Word>
                <TextEquiv>
                    <Unicode>supposito.</Unicode>
                </TextEquiv>
                <TextStyle fontFamily="Times New Roman" fontSize="10.5"/>
            </TextLine>
            <TextLine id="tl_89" primaryLanguage="English" custom="readingOrder {index:40;}">
                <Coords points="1600,3303 2552,3303 2552,3362 1600,3362"/>
                <Baseline points="1600,3353 1665,3353 1962,3349 2216,3349 2335,3350 2552,3350"/>
                <Word id="w_w2aab1b7b2c25b1ab1" language="English" custom="readingOrder {index:0;}">
                    <Coords points="1600,3309 1665,3309 1665,3353 1600,3353"/>
                    <TextEquiv>
                        <Unicode>Et</Unicode>
                    </TextEquiv>
                    <TextStyle fontFamily="Times New Roman" fontSize="10.5"/>
                </Word>
                <Word id="w_w2aab1b7b2c25b1ab7" language="English" custom="readingOrder {index:1;}">
                    <Coords points="1711,3303 1962,3303 1962,3351 1711,3351"/>
                    <TextEquiv>
                        <Unicode>similiter</Unicode>
                    </TextEquiv>
                    <TextStyle fontFamily="Times New Roman" fontSize="10.5"/>
                </Word>
                <Word id="w_w2aab1b7b2c25b1ac27" language="English" custom="readingOrder {index:2;}">
                    <Coords points="2001,3303 2216,3303 2216,3349 2001,3349"/>
                    <TextEquiv>
                        <Unicode>fallacia</Unicode>
                    </TextEquiv>
                    <TextStyle fontFamily="Times New Roman" fontSize="10.5"/>
                </Word>
                <Word id="w_w2aab1b7b2c25b1ac45" language="English" custom="readingOrder {index:3;}">
                    <Coords points="2254,3306 2335,3306 2335,3350 2254,3350"/>
                    <TextEquiv>
                        <Unicode>est</Unicode>
                    </TextEquiv>
                    <TextStyle fontFamily="Times New Roman" fontSize="10.5"/>
                </Word>
                <Word id="w_w2aab1b7b2c25b1ac53" language="English" custom="readingOrder {index:4;}">
                    <Coords points="2366,3304 2552,3304 2552,3362 2366,3362"/>
                    <TextEquiv>
                        <Unicode>figurae</Unicode>
                    </TextEquiv>
                    <TextStyle fontFamily="Times New Roman" fontSize="10.5"/>
                </Word>
                <TextEquiv>
                    <Unicode>Et similiter fallacia est figurae</Unicode>
                </TextEquiv>
                <TextStyle fontFamily="Times New Roman" fontSize="10.5"/>
            </TextLine>
            <TextLine id="tl_90" primaryLanguage="English" custom="readingOrder {index:41;}">
                <Coords points="1539,3379 2552,3379 2552,3437 1539,3437"/>
                <Baseline points="1539,3429 1784,3427 1870,3425 2396,3423 2552,3424"/>
                <Word id="w_w2aab1b7b2c25b3ab1" language="English" custom="readingOrder {index:0;}">
                    <Coords points="1539,3380 1784,3380 1784,3429 1539,3429"/>
                    <TextEquiv>
                        <Unicode>dictionis</Unicode>
                    </TextEquiv>
                    <TextStyle fontFamily="Times New Roman" fontSize="10.5"/>
                </Word>
                <Word id="w_w2aab1b7b2c25b3ac21" language="English" custom="readingOrder {index:1;}">
                    <Coords points="1845,3379 2217,3379 2217,3436 1845,3436"/>
                    <TextEquiv>
                        <Unicode>commutando</Unicode>
                    </TextEquiv>
                    <TextStyle fontFamily="Times New Roman" fontSize="10.5"/>
                </Word>
                <Word id="w_w2aab1b7b2c25b3b1b1" language="English" custom="readingOrder {index:2;}">
                    <Coords points="2271,3382 2396,3382 2396,3436 2271,3436"/>
                    <TextEquiv>
                        <Unicode>quale</Unicode>
                    </TextEquiv>
                    <TextStyle fontFamily="Times New Roman" fontSize="8.5" italic="true"/>
                </Word>
                <Word id="w_w2aab1b7b2c25b3b1c13" language="English" custom="readingOrder {index:3;}">
                    <Coords points="2445,3384 2552,3384 2552,3437 2445,3437"/>
                    <TextEquiv>
                        <Unicode>quid</Unicode>
                    </TextEquiv>
                    <TextStyle fontFamily="Times New Roman" fontSize="8.5" italic="true"/>
                </Word>
                <TextEquiv>
                    <Unicode>dictionis commutando quale quid</Unicode>
                </TextEquiv>
            </TextLine>
            <TextLine id="tl_91" primaryLanguage="English" custom="readingOrder {index:42;}">
                <Coords points="1542,3456 1909,3456 1909,3512 1542,3512"/>
                <Baseline points="1542,3503 1556,3503 1698,3499 1909,3496"/>
                <Word id="w_w2aab1b7b2c25b5ab1" language="English" custom="readingOrder {index:0;}">
                    <Coords points="1542,3458 1595,3458 1595,3503 1542,3503"/>
                    <TextEquiv>
                        <Unicode>in</Unicode>
                    </TextEquiv>
                    <TextStyle fontFamily="Times New Roman" fontSize="10.5"/>
                </Word>
                <Word id="w_w2aab1b7b2c25b5b1b1" language="English" custom="readingOrder {index:1;}">
                    <Coords points="1622,3459 1698,3459 1698,3500 1622,3500"/>
                    <TextEquiv>
                        <Unicode>hoc</Unicode>
                    </TextEquiv>
                    <TextStyle fontFamily="Times New Roman" fontSize="8.5" italic="true"/>
                </Word>
                <Word id="w_w2aab1b7b2c25b5b1b9" language="English" custom="readingOrder {index:2;}">
                    <Coords points="1719,3456 1909,3456 1909,3512 1719,3512"/>
                    <TextEquiv>
                        <Unicode>aliquid.</Unicode>
                    </TextEquiv>
                    <TextStyle fontFamily="Times New Roman" fontSize="8.5" italic="true"/>
                </Word>
                <TextEquiv>
                    <Unicode>in hoc aliquid.</Unicode>
                </TextEquiv>
            </TextLine>
            <TextLine id="line_1616374399646_7121" primaryLanguage="English" custom="readingOrder {index:43;}">
                <Coords points="1598,3530 2576,3530 2577,3589 1598,3589"/>
                <Baseline points="1598,3576 1701,3574 1969,3584 2090,3573 2272,3573 2445,3574 2511,3574 2577,3570"/>
                <Word id="w_w2aab1b7b2c27b1ab1" language="English" custom="readingOrder {index:0;}">
                    <Coords points="1598,3534 1701,3534 1701,3576 1598,3576"/>
                    <TextEquiv>
                        <Unicode>Alia</Unicode>
                    </TextEquiv>
                    <TextStyle fontFamily="Times New Roman" fontSize="8.5" italic="true"/>
                </Word>
                <Word id="w_w2aab1b7b2c27b1ac11" language="English" custom="readingOrder {index:1;}">
                    <Coords points="1731,3532 1969,3532 1969,3589 1731,3589"/>
                    <TextEquiv>
                        <Unicode>responsio,</Unicode>
                    </TextEquiv>
                    <TextStyle fontFamily="Times New Roman" fontSize="8.5" italic="true"/>
                </Word>
                <Word id="w_w2aab1b7b2c27b1ac33" language="English" custom="readingOrder {index:2;}">
                    <Coords points="2019,3530 2090,3530 2090,3574 2019,3574"/>
                    <TextEquiv>
                        <Unicode>ubi</Unicode>
                    </TextEquiv>
                    <TextStyle fontFamily="Times New Roman" fontSize="8.5" italic="true"/>
                </Word>
                <Word id="w_w2aab1b7b2c27b1ac41" language="English" custom="readingOrder {index:3;}">
                    <Coords points="2127,3532 2272,3532 2272,3575 2127,3575"/>
                    <TextEquiv>
                        <Unicode>unitas</Unicode>
                    </TextEquiv>
                    <TextStyle fontFamily="Times New Roman" fontSize="8.5" italic="true"/>
                </Word>
                <Word id="w_w2aab1b7b2c27b1ac55" language="English" custom="readingOrder {index:4;}">
                    <Coords points="2312,3531 2445,3531 2445,3575 2312,3575"/>
                    <TextEquiv>
                        <Unicode>medii</Unicode>
                    </TextEquiv>
                    <TextStyle fontFamily="Times New Roman" fontSize="8.5" italic="true"/>
                </Word>
                <Word id="w_w2aab1b7b2c27b1ac67" language="English" custom="readingOrder {index:5;}">
                    <Coords points="2489,3538 2548,3538 2548,3575 2489,3575"/>
                    <TextEquiv>
                        <Unicode>est</Unicode>
                    </TextEquiv>
                    <TextStyle fontFamily="Times New Roman" fontSize="8.5" italic="true"/>
                </Word>
                <TextEquiv>
                    <Unicode>Alia responsio, ubi unitas medii est Additi&lt;</Unicode>
                </TextEquiv>
            </TextLine>
            <TextEquiv>
                <Unicode>formali, et ideo non potest con¬
cludi formalis identitas extremo¬
rum inter se, quamdiu autem
stat formalis distinctio relatio¬
num suppositi, stat formalis di¬
stinctio suppositorum.
Et si dicas (e), quod saltem ex
identitate reali eorum ad essen¬
tiam, concludam identitatem rea-
lem eorum inter se.
Dico, quod essentia non habet Puar.ej
identitatem talem unicam, scili- j-eaii
cet subsistentiae, prout personae rum
vel personalia ut extrema uniun- tiam,
tur in essentia, et ideo non po- earu£id'
test concludi identitas subsisten- 1Dten0s®
tis vel subsistentiae, per ratio- c0™j.u?d
nem identitatis eorum in essen- 1*Prioru
tia ut in medio.
Per hoc patet (f) ad talia So¬
phismata : Hic Deus est Pater,
Filius est hic Deus, ergo Filius est
Pater, quod confirmatur, quia me¬
dio existente hoc aliquid necesse
est extrema conjungi.
Respondeo, quod sicut in crea¬
turis commune se habet ut quale
quid,, singulare ut hoc aliquid, ita
haec essentia communis personis
habet rationem qualis cujus, et
persona habet rationem hujus ali-
cujus; medium ergo hic est quale
quid et non hoc aliquid. Concluditur
autem identitas extremorum in
conclusione ac si medium fuisset
hoc aliquid, similiter ibi videtur
(g) esse fallacia accidentis et con¬
sequentis, quia ly Deus accipitur
in praemissis pro alio et alio
supposito.
Et similiter fallacia est figurae
dictionis commutando quale quid
in hoc aliquid.
Alia responsio, ubi unitas medii est Additi&lt;</Unicode>
            </TextEquiv>
        </TextRegion>
    </Page>
</PcGts>
