2711 3950
346 294 531 354 piendo
556 293 833 352 propriam
881 291 1184 338 realitatem
1222 291 1353 337 unde

345 369 577 416 sumitur
598 381 779 426 genus,
806 368 883 415 illi
904 381 968 414 ex
995 381 1048 414 se
1076 381 1180 414 non
1207 380 1353 426 repu¬

342 447 470 504 gnat
515 443 813 491 differentia
844 444 1105 504 opposita,
1149 442 1352 489 scilicet

340 519 649 579 nigredinis,
699 522 875 567 tamen
929 518 1168 566 realitati
1221 518 1352 564 unde

340 596 575 642 sumitur
615 594 913 642 differentia
937 594 1180 654 specifica
1219 593 1352 640 albe-

338 671 491 724 dinis,
524 670 824 718 differentia
864 670 1155 730 nigredinis
1203 683 1352 729 repu¬

341 750 483 803 gnat,
504 750 555 794 et
579 748 682 795 ista
712 748 989 807 responsio
1030 747 1176 793 debet
1204 746 1352 793 intel-

342 823 432 882 ligi
464 826 720 883 quantum
753 823 816 869 ad
840 823 1120 869 secundam
1144 825 1352 882 partem

344 899 583 958 majoris,
611 913 723 958 quae
765 898 890 946 dicit
920 899 1053 958 quod
1087 898 1260 945 altera
1283 898 1352 944 af¬

341 976 578 1023 firmatio
629 977 734 1022 stat
776 989 894 1022 cum
924 974 1223 1033 negatione.
1257 976 1352 1022 Sed

342 1052 516 1112 prima
567 1065 689 1111 pars
721 1050 962 1111 majoris,
1006 1064 1120 1110 quae
1153 1051 1352 1111 accipit

339 1129 681 1187 negationem
732 1128 790 1174 de
827 1127 1188 1175 affirmatione
1233 1127 1352 1182 dici,

340 1206 521 1264 posset
557 1203 649 1250 illa
691 1203 866 1263 major
919 1203 1132 1254 concedi
1185 1204 1353 1263 quoad

341 1280 490 1326 illam
534 1282 758 1339 partem,
809 1280 853 1325 si
878 1278 1214 1338 intelligatur
1251 1278 1353 1325 dici

340 1355 649 1403 necessario
678 1358 728 1402 et
752 1355 1150 1409 universaliter,
1175 1358 1227 1403 et
1260 1369 1355 1415 per

341 1433 606 1480 rationem
639 1431 916 1492 propriam
962 1431 1121 1490 hujus
1161 1432 1220 1477 de
1249 1443 1350 1490 quo

338 1507 553 1560 dicitur,
591 1510 642 1554 et
694 1506 792 1553 hoc
853 1507 1056 1566 quando
1087 1506 1355 1553 contradi¬

340 1584 447 1632 ctio
473 1583 565 1630 illa
592 1584 651 1630 de
680 1596 781 1642 qua
819 1586 900 1630 est
937 1596 1131 1636 sermo,
1168 1586 1248 1631 est
1278 1596 1356 1630 re-

345 1660 445 1706 alis
472 1660 581 1706 sive
605 1659 682 1706 rei
704 1659 766 1705 ad
789 1673 894 1705 non
912 1672 1154 1712 rem,non
1176 1661 1354 1706 autem

344 1736 572 1783 rationis
626 1736 689 1782 ad
728 1749 832 1782 non
883 1736 1149 1783 rationem
1220 1737 1355 1783 Nam

341 1815 464 1860 tunc
485 1826 590 1859 non
631 1812 872 1871 sequitur
929 1812 1031 1859 nisi
1081 1813 1354 1861 distinctio

340 1888 568 1936 rationis
587 1887 966 1935 affirmationis
989 1889 1052 1935 ab
1082 1889 1356 1937 affirmati¬

340 1979 452 2017 one,
503 1964 812 2024 applicando
864 1965 1093 2024 primam
1146 1968 1354 2025 partem

340 2040 581 2101 majoris,
604 2043 659 2087 ut
699 2055 828 2088 vera
881 2043 977 2094 est,
1008 2042 1070 2088 ad
1117 2043 1356 2102 proposi¬

336 2117 467 2168 tum,
503 2116 745 2176 sequitur
773 2117 907 2175 quod
930 2116 1096 2163 Filius
1137 2117 1357 2164 realiter

336 2190 686 2250 distinguitur
708 2204 738 2237 a
760 2192 935 2245 Patre,
955 2206 1061 2238 non
1082 2195 1258 2240 autem
1283 2208 1358 2240 se¬

340 2268 567 2314 cundum
595 2268 730 2326 quod
750 2269 890 2314 Deus
906 2268 988 2314 vel
1016 2269 1215 2322 Deitas,
1236 2270 1357 2330 quia

339 2345 399 2390 de
438 2345 547 2391 Deo
575 2357 679 2390 non
700 2344 909 2398 dicitur,
936 2359 1040 2391 non
1093 2347 1253 2394 Pater
1274 2361 1356 2394 ne¬

341 2420 577 2467 cessario
601 2422 652 2467 et
681 2420 1078 2474 universaliter,
1121 2436 1214 2469 nec
1262 2437 1357 2482 per

343 2496 609 2543 rationem
638 2495 878 2555 subjecti,
917 2497 1041 2544 licet
1070 2500 1354 2546 secundum

343 2572 550 2632 aliquos
599 2572 809 2619 dicatur
849 2573 1257 2632 particulariter
1276 2589 1356 2622 ra¬

343 2649 487 2697 tione
528 2649 795 2709 suppositi
843 2649 987 2696 illius
1055 2651 1296 2712 subjecti.

403 2726 547 2777 Quod
577 2724 620 2772 si
648 2738 841 2785 arguas
870 2726 996 2774 illud
1036 2728 1103 2786 (n)
1127 2741 1228 2786 quo
1260 2730 1354 2775 Pa¬

343 2803 426 2847 ter
454 2801 803 2860 distinguitur
830 2816 860 2848 a
905 2803 1058 2856 Filio,
1111 2803 1180 2850 sit
1212 2806 1264 2859 fi,
1318 2809 1352 2850 A

344 2877 660 2937 inquantum
687 2882 720 2922 A
729 2915 739 2931 ,
771 2881 861 2925 aut
890 2882 971 2926 est
1006 2879 1138 2926 idem
1182 2895 1355 2928 essen¬

341 2953 447 3008 tiae,
473 2957 563 3001 aut
587 2954 728 3001 aliud
750 2971 758 3007 ;
787 2954 830 3000 si
863 2955 1018 3010 aliud,
1052 2956 1148 3004 hoc
1178 2961 1258 3005 est
1282 2958 1353 3004 in¬

343 3034 661 3080 conveniens
692 3051 701 3087 ;
758 3034 802 3080 si
848 3034 1159 3094 inquantum
1187 3040 1221 3080 A
1273 3039 1353 3084 est

342 3109 492 3164 idem,
524 3110 694 3169 igitur
715 3110 1028 3169 inquantum
1051 3112 1349 3172 distinguit,

344 3190 425 3233 est
470 3186 621 3240 idem,
666 3190 717 3234 et
765 3201 858 3247 per
896 3202 1224 3248 consequens
1276 3205 1352 3239 es¬

343 3263 513 3311 sentia
540 3263 836 3322 distinguit.

400 3341 711 3400 Respondeo
739 3343 791 3388 et
842 3340 956 3387 dico
990 3342 1072 3400 (o),
1101 3343 1234 3401 quod
1255 3358 1349 3391 nec

340 3428 527 3461 verum
568 3418 646 3462 est
697 3418 732 3459 A
799 3416 1112 3475 inquantum
1139 3420 1190 3471 A,
1210 3420 1290 3464 est
1314 3419 1350 3465 i-

342 3492 456 3538 dem
487 3492 732 3540 essentiae
756 3509 765 3545 ;
790 3496 884 3538 nec
918 3496 951 3536 A
982 3493 1294 3552 inquantum
1312 3499 1347 3539 fi

341 3570 422 3618 est
443 3567 583 3617 aliud
611 3568 674 3617 ab
700 3569 949 3624 essentia,
980 3571 1030 3617 et
1073 3568 1173 3619 hoc
1196 3570 1349 3621 intel-

1420 291 1625 350 ligendo
1668 291 1794 338 illud
1835 292 1967 352 quod
2013 292 2253 351 sequitur
2288 291 2431 338 redu¬

1419 368 1763 427 plicationem
1828 371 2088 426 inquantum
2129 368 2299 427 accipi
2356 381 2430 414 se¬

1418 444 1642 490 cundum
1671 444 1934 490 rationem
1956 456 2105 489 suam
2129 443 2426 496 formalem,

1416 520 1466 566 et
1507 533 1628 566 cum
1668 519 1766 566 hoc
1823 519 1986 567 etiam
2027 534 2142 566 esse
2165 520 2429 568 rationem

1417 593 1698 641 formalem
1742 594 2069 643 inhaerentiae
2139 596 2428 656 praedicati,

1418 672 1555 719 sicut
1589 671 1808 719 distinxi
1856 672 2101 730 superius
2142 673 2194 718 in
2237 672 2435 719 talibus

1417 749 1751 795 sermonibus
1775 749 1826 795 in
1856 748 2149 808 quaestione
2172 749 2230 795 de
2260 748 2433 796 unita¬

1417 828 1468 871 te
1489 825 1680 885 objecti
1711 825 1958 872 fruibilis.
1977 827 2086 873 IIoc
2103 825 2264 873 etiam
2288 827 2434 884 patet

1417 900 1468 945 in
1491 901 1753 961 exemplo,
1779 901 1939 948 homo
1967 901 2108 947 enim
2131 904 2182 948 et
2218 914 2323 946 non
2345 900 2434 946 ho¬

1418 989 1502 1023 mo
1527 979 1649 1024 sunt
1674 978 1919 1037 opposita
1941 978 2263 1029 immediata,
2285 980 2337 1024 et
2362 979 2434 1023 ta¬

1420 1068 1536 1101 men
1568 1054 1872 1100 formaliter
1894 1054 1953 1100 de
1989 1053 2164 1113 aliquo
2207 1066 2324 1100 cum
2356 1067 2432 1099 re¬

1414 1129 1772 1189 duplicatione
1793 1131 2042 1176 neutrum
2065 1128 2277 1182 dicitur,
2295 1129 2433 1176 sicut

1416 1207 1612 1257 album,
1641 1219 1734 1252 nec
1782 1205 2095 1264 inquantum
2141 1204 2318 1251 album
2351 1209 2432 1254 est

1413 1283 1592 1334 homo,
1618 1295 1711 1328 nec
1765 1281 2080 1340 inquantum
2145 1281 2321 1327 album
2350 1283 2429 1328 est

1418 1372 1524 1404 non
1547 1358 1724 1404 homo.

1477 1436 1543 1483 Et
1585 1434 1630 1480 si
1657 1433 1816 1486 dicas,
1866 1433 2000 1480 idem
2037 1436 2088 1481 et
2127 1435 2268 1481 aliud
2288 1435 2433 1482 circa

1419 1524 1510 1556 ens
1535 1512 1655 1556 sunt
1677 1509 1979 1556 immediate
2004 1510 2250 1569 opposita
2274 1528 2282 1556 :

1476 1586 1605 1633 Dico
1630 1586 1764 1645 quod
1790 1598 1892 1632 non
1918 1585 2174 1646 sequitur,
2196 1589 2317 1635 sunt
2339 1588 2432 1633 im¬

1421 1663 1646 1709 mediate
1706 1661 1968 1722 opposita,
2023 1675 2151 1721 ergo
2199 1662 2429 1710 alterum

1421 1739 1744 1798 praedicatur
1763 1739 1821 1784 de
1852 1738 2083 1797 quolibet
2104 1742 2223 1785 cum
2246 1742 2432 1798 inquan¬

1421 1826 1508 1861 tum
1516 1853 1524 1869 ,
1556 1815 1632 1861 ita
1655 1815 1790 1874 quod
1813 1814 1953 1861 ratio
1984 1815 2208 1875 subjecti
2238 1816 2306 1862 sit
2324 1815 2430 1863 for¬

1422 1891 1577 1938 malis
1631 1890 1771 1937 ratio
1818 1889 2148 1937 inhaerentiae
2206 1891 2431 1938 alterius

1422 1968 1593 2028 partis
1616 1967 2073 2021 contradictionis,
2113 1969 2200 2015 sed
2233 1969 2431 2016 sufficit

1421 2046 1556 2104 quod
1593 2045 1823 2092 alterum
1886 2045 2431 2092 contradictoriorum

1420 2135 1545 2167 vere
1584 2121 1711 2168 insit
1756 2120 1969 2168 cuilibet
2009 2121 2263 2180 subjecto,
2304 2122 2428 2169 licet

1420 2210 1524 2242 non
1547 2210 1641 2256 per
1663 2211 1716 2243 se
1741 2196 1950 2244 ratione
1975 2196 2214 2256 subjecti.

1480 2273 1533 2320 Si
1579 2275 1758 2319 autem
1806 2273 2107 2332 accipiatur
2161 2274 2177 2332 1
2183 2286 2217 2332 y
2245 2277 2430 2332 inquan¬

1421 2359 1509 2394 tum
1538 2349 1710 2408 primo
1742 2349 1909 2402 modo,
1947 2351 2004 2396 ut
2045 2352 2254 2397 tantum
2282 2353 2430 2398 notet

1419 2430 1453 2470 A
1484 2425 1654 2486 accipi
1678 2426 1963 2473 secundum
1985 2439 2135 2472 suam
2166 2426 2430 2474 rationem

1421 2502 1731 2549 formalem:

1476 2579 1625 2631 Dico,
1676 2579 1810 2638 quod
1848 2582 1881 2622 A
1913 2592 2241 2638 quocumque
2276 2580 2428 2626 modo

1420 2649 1726 2696 formaliter
1747 2653 2040 2709 acceptum,
2069 2651 2149 2696 est
2198 2649 2331 2696 idem
2355 2664 2431 2696 es¬

1421 2720 1620 2772 sentiae,
1664 2720 1790 2767 licet
1832 2733 1938 2766 non
1991 2719 2060 2767 sit
2128 2720 2433 2768 formaliter

1419 2792 1548 2837 idem
1600 2789 1844 2837 essentiae
1875 2806 1884 2842 ;
1940 2790 2024 2836 sed
2048 2792 2171 2837 tunc
2196 2804 2300 2836 non
2352 2806 2430 2838 se¬

1422 2863 1622 2921 quitur,
1655 2866 1687 2906 A
1714 2861 2021 2909 formaliter
2042 2865 2319 2920 acceptum
2353 2866 2432 2910 est

1423 2934 1556 2979 idem
1601 2932 1849 2979 essentiae
1915 2936 1965 2984 A,
2021 2932 2327 2979 formaliter
2366 2933 2433 2979 di¬

1419 3002 1659 3062 stinguit,
1705 3015 1834 3061 ergo
1863 3002 2095 3049 essentia
2133 3003 2428 3062 distinguit,

1419 3073 1504 3120 sed
1539 3075 1620 3119 est
1666 3072 1881 3118 fallacia
1926 3072 2113 3131 figurae
2161 3072 2424 3127 dictionis,

1417 3143 1788 3190 commutando
1858 3145 1937 3186 hoc
1974 3145 2150 3200 aliquid
2202 3143 2253 3201 in
2299 3147 2426 3201 quale

1415 3215 1535 3272 quid.

1474 3284 1526 3332 Si
1550 3284 1714 3331 adhuc
1738 3284 1904 3331 instes
1919 3283 2133 3342 (p),quia
2159 3287 2191 3326 A
2212 3283 2429 3342 inquan¬

1413 3359 1526 3403 tum
1546 3359 1598 3409 fi,
1628 3356 1707 3401 est
1735 3367 1826 3400 ens
1857 3353 1940 3399 vel
1968 3367 2069 3402 res,
2101 3367 2279 3413 quaero
2315 3368 2428 3413 quae

1415 3438 1500 3471 res
1544 3425 1628 3471 vel
1681 3424 1814 3483 quod
1846 3436 1938 3470 ens
1964 3439 1972 3474 ;
2000 3423 2044 3469 si
2066 3424 2315 3477 essentia,
2341 3424 2426 3470 ha¬

1413 3496 1567 3542 betur
1608 3494 1942 3555 propositum
1973 3510 1981 3545 ;
2026 3493 2070 3540 si
2107 3508 2191 3540 res
2232 3497 2283 3542 et
2317 3508 2421 3541 non

1411 3572 1661 3628 essentia,
1687 3583 1817 3633 ergo
1845 3570 1951 3619 alia
1981 3583 2082 3618 res.
