2711 3950
353 287 426 333 sio
471 287 596 334 bene
665 289 906 342 sequitur
972 288 1166 333 falsum
1229 286 1354 332 illud

353 360 486 418 quod
534 360 762 407 infertur
797 361 848 406 in
906 361 1132 408 secunda
1177 374 1356 407 conse-

352 438 580 494 quentia.
662 438 779 483 Ideo
845 438 1164 496 simpliciter
1222 450 1356 497 nego

355 511 583 570 primam
618 512 1068 571 consequentiam,
1105 527 1224 560 cum
1247 514 1358 561 duxe

356 590 752 647 propositiones
818 601 867 634 in
890 589 1228 637 antecedente
1250 595 1356 640 sint

354 677 495 712 verss
515 666 564 712 et
595 666 918 726 consequens
941 666 1152 714 falsum.

412 741 485 787 Ad
544 742 910 800 probationem
932 744 1001 802 (x)
333 740 337 762 se
1040 757 1359 803 consequen-

354 816 442 864 ti®
493 817 608 864 dico
669 819 803 877 quod
848 821 963 864 idem
997 822 1047 866 et
1093 822 1218 865 aliucl
1257 835 1360 868 non

356 892 476 936 sunt
525 890 830 939 immediata
875 892 1020 938 circa
1082 894 1358 948 quodcum-

352 979 449 1024 que
473 967 833 1024 praedicatum,
859 971 914 1016 ut
952 983 1042 1024 per
1076 971 1130 1016 86
1164 971 1360 1017 dictum

350 1046 408 1088 de
437 1046 690 1102 subjecto,
739 1057 842 1090 imo
874 1058 966 1092 nec
1013 1047 1361 1094 contradicto-

355 1131 435 1164 ria
470 1133 544 1166 sic
574 1124 695 1168 sunt
736 1124 1052 1176 immediata,
1087 1135 1180 1169 nec
1219 1136 1358 1170 enim

354 1207 510 1240 nomo
539 1209 629 1254 per
667 1210 721 1242 86
749 1200 830 1244 est
859 1200 1011 1243 albus
1032 1211 1125 1258 nec
1152 1212 1259 1258 per,
1305 1213 1360 1247 86

333 1258 334 1329 P^ftur
352 1267 433 1312 est
460 1278 565 1311 non
609 1265 774 1312 albus.
823 1267 1016 1313 Tamen
1046 1268 1186 1315 inter
1243 1282 1359 1316 con-

350 1341 673 1389 tradictoria
720 1342 961 1390 k^olute
1008 1348 1219 1404 sumpta
1278 1346 1360 1392 vel

352 1418 594 1465 absolute
641 1417 780 1465 dicta
816 1419 875 1465 de
903 1433 1232 1474 quocumque
1255 1435 1362 1468 non

352 1496 432 1540 est
481 1493 721 1547 medium,
755 1494 830 1542 ita
877 1495 920 1541 si
952 1497 1256 1552 proprietas
1279 1501 1359 1546 est

355 1583 457 1625 res,
505 1574 587 1617 est
628 1583 712 1617 res
758 1574 938 1618 eadem
977 1574 1059 1618 vel
1099 1574 1220 1619 alia.
1267 1576 1360 1621 Ve-

356 1660 474 1694 rum
536 1650 616 1695 est
664 1648 798 1707 quod
841 1649 1037 1704 eadem,
1100 1651 1187 1698 sed
1235 1652 1359 1699 tunc

354 1737 459 1771 non
481 1723 622 1771 valet
674 1724 1052 1785 consequentia
1104 1727 1238 1786 quod
1291 1727 1360 1775 sit

354 1814 383 1860 P
389 1814 448 1846 er
484 1814 537 1846 se
584 1800 764 1847 eadem
784 1801 866 1848 vel
902 1801 1022 1848 alia,

410 1877 474 1923 Ad
498 1878 781 1924 secundum
822 1879 890 1938 (y)
914 1880 1227 1927 antecedens
1276 1895 1362 1942 po-

352 1955 370 2000 t
377 1967 432 2000 es
437 1955 455 2000 t
478 1953 731 2012 distingui
333 1960 336 1983 vus
772 1955 1054 2001 secundum
1096 1959 1360 2017 composi-

352 2031 552 2078 tionem
597 2033 647 2076 et
688 2031 1017 2087 divisionem,
1043 2036 1093 2081 et
1130 2035 1179 2080 in
1205 2049 1360 2082 sensu

353 2108 758 2168 compositionis
839 2113 1089 2158 neutrum
1139 2113 1361 2159 dandum

352 2186 449 2239 est,
498 2186 635 2234 sicut
674 2185 812 2232 enim
858 2200 960 2232 non
1007 2190 1086 2234 est
1137 2189 1361 2235 dandum

352 2263 485 2321 quod
504 2264 572 2311 sit
607 2277 702 2323 per
716 2277 770 2310 se
791 2264 1024 2312 essentia
1051 2265 1134 2312 vel
1174 2280 1268 2326 per
1309 2281 1363 2313 86

347 2352 452 2384 non
467 2337 798 2394 essentia,ita
837 2354 930 2387 nec
953 2342 1184 2388 alterum
1206 2357 1362 2390 mem-

350 2415 506 2462 brum
524 2415 659 2461 illius
683 2416 1013 2476 disjunctivas
1037 2430 1156 2464 cum
1178 2418 1366 2478 accipi¬

352 2495 440 2539 tur
490 2492 542 2538 in
592 2507 747 2540 sensu
789 2494 1216 2554 compositionis.
1259 2496 1366 2542 Nec

349 2581 413 2615 ex
436 2568 534 2615 hoc
549 2572 778 2628 negatur
833 2573 985 2619 ambo
1013 2572 1367 2620 contradicto¬

352 2645 447 2697 ria,
485 2645 605 2704 quia
641 2646 684 2693 si
714 2647 946 2708 accipias
986 2649 1045 2695 de
1078 2648 1367 2708 incomple-

348 2721 448 2774 xis,
501 2722 729 2769 habetur
765 2726 899 2784 quod
939 2728 1190 2772 neutrum
1250 2725 1366 2771 illo¬

352 2811 472 2843 rum
544 2799 740 2846 dicitur
787 2815 881 2860 per
910 2815 963 2848 se
1002 2801 1061 2848 de
1109 2801 1362 2862 subjecto,

354 2873 453 2920 hoc
497 2876 741 2922 concedo.
805 2876 858 2924 Si
895 2877 974 2923 vis
1021 2877 1215 2924 habere
1249 2891 1367 2924 con¬

353 2951 672 2999 tradictoria
717 2954 1008 3014 complexa,
1027 2955 1141 3001 dico
1166 2954 1299 3015 quod
1319 2967 1366 3000 e-

355 3030 478 3074 runt
520 3029 639 3081 ista,
682 3031 773 3076 aut
814 3031 1119 3091 proprietas
1164 3033 1243 3078 est
1273 3045 1368 3091 per

357 3119 410 3151 86
451 3118 536 3152 res
581 3120 694 3165 quae
732 3109 813 3154 est
847 3108 1096 3162 essentia,
1145 3111 1235 3156 aut
1262 3121 1369 3155 non

353 3185 434 3228 est
470 3195 564 3241 per
598 3195 653 3228 se
702 3196 788 3229 res
830 3197 943 3242 quae
995 3186 1074 3230 est
1115 3185 1366 3237 essentia,

355 3259 408 3303 et
472 3257 582 3304 haec
651 3258 900 3317 negativa
961 3262 1042 3308 est
1085 3274 1230 3306 vera.
1275 3261 1371 3308 Sed

357 3346 463 3379 non
504 3333 900 3393 infertur,ergo
941 3339 1021 3383 est
1068 3350 1162 3395 per
1202 3351 1370 3384 seres

359 3423 472 3469 quae
495 3423 602 3456 non
623 3413 704 3458 est
726 3411 975 3464 essentia,
1001 3412 1137 3458 sicut
1165 3427 1269 3460 non
1301 3429 1373 3461 se¬

359 3486 722 3544 quitur,homo
752 3500 856 3533 non
888 3490 968 3536 est
996 3502 1092 3549 per
1122 3503 1176 3536 se
1204 3489 1370 3543 albus;

362 3560 531 3622 igitur
558 3576 653 3623 per
676 3576 730 3610 se
752 3565 830 3611 est
854 3577 959 3610 non
981 3565 1145 3613 albus.
1184 3567 1243 3613 In
1266 3579 1376 3613 sen¬

1431 299 1488 332 su
1512 286 1786 333 divisionis
1814 288 1979 335 danda
2006 290 2086 335 est
2109 289 2436 337 affirmativa

1432 375 1557 421 pars
1585 362 1933 423 disjunctivae,
1970 365 2168 411 scilicet
2195 367 2436 426 proprie¬

1431 440 1514 485 tas
1538 441 1618 486 est
1642 452 1736 499 per
1759 453 1812 486 se
1837 453 1922 486 res
1949 453 2064 499 quae
2085 443 2166 488 est
2183 442 2438 495 .essentia,

1434 516 1521 562 sed
1553 529 1658 562 non
1700 516 1944 575 sequitur
1989 516 2150 571 ultra,
2193 530 2323 576 ergo
2363 520 2443 565 est

1433 606 1529 653 per
1552 606 1605 638 se
1633 591 1884 644 essentia,
1921 591 2043 650 quia
2071 606 2135 638 ex
2170 593 2445 641 identitate

1435 668 1568 715 reali
1621 667 1852 714 infertur
1892 666 2140 715 identitas
2175 668 2441 721 formalis,

1432 758 1556 792 nam
1586 743 1895 791 antecedens
1914 744 1966 790 in
1988 756 2143 790 sensu
2167 744 2441 792 divisionis

1433 823 1643 869 tantum
1676 822 1828 867 notat
1858 819 2189 867 identitatem
2243 822 2440 868 realem

1434 910 1528 957 per
1552 898 1605 955 ly
1627 913 1720 955 quae
1746 905 1821 940 esi.

1493 967 1664 1014 Aliter
1710 968 1885 1026 potest
1930 966 2185 1026 distingui
2230 969 2437 1016 antece¬

1433 1039 1556 1085 dens
1594 1039 1902 1098 praedictum
1941 1042 1997 1086 ut
2034 1052 2126 1098 per
2157 1039 2440 1098 implicati¬

1436 1128 1588 1160 onem
1628 1114 1774 1172 illam
1795 1129 1877 1172 qua
1877 1129 1889 1158 ?
1909 1123 1984 1167 est,
2010 1113 2344 1173 intelligatur
2367 1115 2440 1162 in¬

1434 1191 1694 1238 haerentia
1718 1188 2055 1237 formalisvel
2078 1195 2284 1239 tantum
2307 1192 2441 1238 iden-

1435 1268 1558 1315 tica.
1590 1267 1772 1313 Primo
1798 1267 1949 1313 modo
1984 1269 2177 1313 neutra
2206 1280 2331 1328 pars
2360 1271 2440 1316 est

1433 1343 1615 1395 danda,
1641 1341 1762 1402 quia
1790 1344 2041 1389 neutrum
2070 1343 2440 1402 oppositorum

1435 1433 1531 1480 per
1553 1433 1607 1466 se
1632 1420 1767 1466 inest
1805 1420 1880 1466 illi
1918 1420 1991 1466 rei
2024 1434 2137 1480 quae
2164 1427 2260 1481 per
2287 1435 2341 1467 se
2371 1421 2440 1468 di¬

1435 1496 1577 1544 citur
1621 1496 1680 1543 de
1704 1497 2051 1557 proprietate.
2078 1498 2312 1545 Secundo
2337 1511 2440 1544 mo¬

1434 1574 1497 1620 do
1525 1575 1606 1620 est
1627 1573 1791 1620 danda
1820 1586 1944 1633 pars
1979 1572 2323 1626 affirmativa,
2355 1574 2440 1620 sed

1434 1663 1540 1697 non
1579 1649 1820 1709 sequitur
1841 1648 2066 1697 ulterius
2103 1648 2441 1710 propositum

1436 1729 1659 1787 propter
1682 1726 2002 1786 positionem
2049 1726 2440 1785 consequentis.

1495 1804 1618 1851 Haec
1659 1803 1885 1850 secunda
1933 1803 2204 1850 distinctio
2241 1804 2302 1861 (z)
2341 1816 2446 1848 non

1435 1879 1662 1926 habetur
1691 1893 1755 1926 ex
1780 1880 1834 1925 vi
1874 1878 2155 1932 sermonis,
2199 1878 2320 1939 quia
2351 1879 2444 1926 illa

1437 1956 1755 2016 compositio
1803 1956 2081 2015 implicata
2123 1969 2229 2002 non
2275 1957 2446 2005 deter¬

1438 2035 1674 2081 minatur
1721 2047 1815 2093 per
1860 2033 2070 2093 aliquid,
2122 2034 2256 2093 quod
2294 2036 2442 2082 notet

1437 2124 1553 2157 eam
1599 2110 1775 2157 dicere
1815 2108 2098 2157 formalem
2141 2111 2447 2160 inhaerenti¬

1438 2200 1540 2240 um,
1567 2187 1653 2232 sed
1674 2188 1884 2233 tantum
1908 2186 2206 2233 identicam.

1497 2262 1681 2308 Prima
1719 2263 1989 2310 distinctio
2026 2263 2252 2310 habetur
2291 2278 2355 2310 ex
2393 2266 2445 2312 vi

1440 2340 1721 2395 sermonis,
1760 2344 1811 2388 et
1851 2340 1973 2388 licet
2008 2341 2062 2400 ly
2111 2355 2206 2398 quae
2243 2350 2303 2384 est
2342 2355 2444 2389 non

1438 2420 1587 2465 notet
1609 2417 1663 2463 in
1703 2430 1859 2464 sensu
1894 2417 2299 2478 compositionis
2343 2420 2448 2466 for¬

1443 2494 1635 2540 malem
1669 2493 2057 2546 inhaerentium,
2090 2497 2267 2541 tamen
2294 2509 2359 2542 ex
2393 2511 2447 2542 u-

1440 2571 1610 2618 nitate
1650 2570 1878 2617 extremi
1913 2570 2000 2616 ubi
2033 2572 2112 2617 est
2149 2571 2298 2630 quasi
2339 2586 2448 2632 spe-

1441 2647 1709 2695 cificativa
1758 2649 1809 2694 et
1860 2647 2270 2694 determinativa
2330 2662 2447 2694 con¬

1442 2724 1686 2778 structio,
1703 2723 1857 2770 habet
1879 2723 2166 2771 essentiam
2187 2726 2200 2740 *
2222 2724 2447 2771 denomi¬

1439 2801 1559 2848 nari
1583 2815 1677 2860 per
1701 2814 1754 2846 se
1777 2800 1949 2846 inesse
1977 2800 2229 2860 subjecto.

1499 2877 1573 2925 Ad
1608 2877 1830 2924 tertium
1866 2878 2029 2936 patet,
2074 2877 2268 2924 dicitur
2307 2877 2447 2924 enim

1443 2955 1579 3015 quod
1617 2967 1711 3000 nec
1751 2967 1846 3013 per
1881 2967 1934 3000 se
1969 2956 2092 3001 sunt
2131 2954 2310 3000 eadem
2344 2968 2446 3008 res,

1440 3045 1536 3079 nec
1558 3044 1653 3091 per
1682 3044 1735 3077 se
1763 3030 1874 3076 duae
1898 3043 1999 3084 res,
2036 3031 2121 3076 sed
2147 3030 2275 3076 bene
2310 3043 2448 3076 amo¬

1443 3110 1498 3155 to
1542 3106 1632 3152 illo
1686 3107 2199 3165 syncategoremate,
2249 3105 2450 3154 scilicet

1442 3186 1498 3245 \y
1514 3201 1596 3242 per
1614 3200 1672 3237 se,
1709 3183 2033 3229 affirmativa
2071 3185 2152 3230 est
2179 3196 2323 3237 vera,
2355 3184 2451 3231 sci¬

1444 3261 1567 3308 licet
1591 3262 1713 3307 sunt
1740 3259 1919 3305 eadem
1942 3273 2044 3305 res.

1503 3338 1675 3384 Aliter
1721 3337 1894 3396 potest
1940 3336 2041 3382 dici
2084 3336 2450 3396 distinguendo

1446 3415 1506 3461 de
1545 3427 1602 3460 re
1647 3415 1698 3459 et
1741 3425 1894 3459 sensu
1941 3414 1998 3459 ut
2044 3412 2209 3472 prius.

1507 3491 1572 3548 (a)
1600 3490 1675 3536 Ad
1704 3488 1987 3535 secundum
2023 3488 2316 3548 principale
2339 3488 2452 3535 dico

1451 3566 1586 3626 quod
1592 3567 1896 3621 ^accidentale,
1930 3568 2021 3614 aut
2054 3565 2318 3630 accipitur
2356 3578 2452 3630 pro
