2653 3979
259 232 347 274 sit?
378 231 432 276 In
461 229 559 277 hoc
587 229 726 276 enim
754 228 1005 275 errabant
1034 227 1271 273 Philoso¬

259 306 360 366 phi,
395 306 515 366 quia
555 304 655 351 etsi
683 304 859 364 aliqua
895 305 953 350 de
981 303 1270 351 virtutibus

256 395 388 428 vera
414 381 765 432 tradiderunt,
797 382 975 426 tamen
1010 378 1146 425 falsa
1182 381 1270 425 mi¬

258 460 511 505 scuerunt
559 457 840 504 secundum
890 455 1270 504 auctoritatem

261 534 641 595 praecedentem
692 532 992 592 Augustini,
1030 535 1082 579 et
1126 536 1270 592 patet

255 625 318 658 ex
363 623 550 657 eorum
595 610 759 656 libris.
813 608 1086 668 Improbat
1130 608 1269 655 enim

259 689 580 736 Aristoteles
644 688 859 749 politias
910 686 1197 747 dispositas
1243 700 1272 733 a

260 765 441 811 multis
483 765 601 811 aliis
629 767 670 810 2.
708 766 992 808 Politicorum
1004 786 1017 820 ;
1056 763 1141 809 sed
1180 777 1273 809 nec

258 840 348 887 illa
389 841 695 889 Aristotelis
729 843 809 887 est
837 839 1275 899 irreprehensibi¬

257 918 322 966 lis
363 922 405 966 7.
455 921 628 964 Politic.
669 920 753 966 ubi
799 919 948 966 docet
992 919 1130 964 Deos
1159 932 1275 964 esse

262 995 598 1042 honorandos
652 999 660 1043 :
704 998 828 1038 Decet
871 994 1076 1054 (inquit)
1115 996 1276 1038 cultum

259 1075 462 1116 exhibere
494 1074 594 1116 diis.
632 1073 693 1118 Et
728 1070 914 1117 ibidem
945 1074 953 1113 :
991 1074 1082 1114 Lex
1106 1073 1274 1114 nullum

261 1150 456 1191 orbatum
479 1149 615 1191 tradit
636 1148 816 1190 nutriri.
851 1147 916 1192 Et
950 1148 998 1189 in
1025 1146 1171 1188 eodem
1199 1147 1272 1189 lib.

261 1233 300 1268 et
320 1240 357 1267 c.
387 1225 457 1270 16.
499 1222 640 1280 dicit,
671 1223 784 1280 quod
809 1230 975 1279 oportet
1010 1223 1113 1276 fieri
1149 1223 1275 1266 abor¬

259 1316 353 1343 sum
373 1303 421 1344 in
447 1315 562 1345 casu.

317 1377 497 1425 Tertia
522 1377 659 1423 ratio
693 1375 1043 1423 confirmatur
1059 1387 1151 1433 per
1173 1376 1274 1421 Au¬

262 1455 534 1513 gustinum
581 1455 650 1499 11.
698 1453 756 1498 de
797 1451 950 1499 Civit,
995 1468 1037 1500 c-
1075 1453 1117 1501 3.
1170 1453 1273 1501 Quce

263 1539 427 1574 remota
451 1538 550 1573 sunt
577 1545 604 1572 a
629 1529 821 1572 sensibus
848 1530 1021 1580 nostris,
1066 1529 1269 1583 quoniam

265 1608 507 1650 testimonio
528 1614 674 1648 nostro
693 1606 805 1648 scire
840 1619 925 1647 non
945 1617 1185 1660 possumus,
1217 1605 1270 1646 de

262 1684 330 1726 his
350 1684 461 1725 alios
486 1690 606 1724 testes
632 1681 910 1737 requirimus.
935 1680 998 1725 Et
1020 1677 1116 1724 hoc
1147 1692 1270 1724 con¬

259 1758 441 1805 firmat
486 1759 656 1805 totam
706 1754 1025 1802 solutionem
1073 1754 1270 1812 princi¬

260 1836 447 1894 palem,
505 1834 626 1893 quia
688 1831 827 1878 enim
878 1830 1270 1890 complexiones

255 1913 374 1965 illae,
405 1914 464 1959 de
495 1910 681 1970 quibus
710 1910 961 1966 argutum
994 1908 1090 1958 est,
1120 1907 1270 1954 nobis

252 2002 315 2034 ex
356 2002 410 2034 se
457 1988 577 2032 sunt
613 1987 833 2036 neutrae,
882 1981 1060 2027 nullus
1098 1985 1272 2041 potest

251 2078 344 2110 suo
397 2061 705 2111 testimonio
752 2064 966 2110 credere
1023 2064 1082 2111 de
1123 2063 1271 2122 ipsis,

253 2140 339 2186 sed
368 2140 582 2200 oportet
605 2137 971 2187 testimonium
1024 2155 1274 2202 superna-

251 2216 426 2264 turale
457 2214 730 2274 requirere
782 2216 1006 2278 alicujus
1042 2219 1276 2278 superio¬

256 2295 332 2341 ris
360 2297 476 2342 tota
522 2294 695 2353 specie
745 2293 991 2343 humana.
1035 2297 1277 2349 Qualiter

261 2374 438 2418 autem
462 2371 636 2430 prima
671 2372 927 2419 revelatio
969 2373 1078 2419 sive
1117 2373 1275 2419 tradi¬

264 2446 340 2494 tio
382 2445 505 2493 talis
546 2447 789 2494 doctrina
816 2447 933 2493 fieri
969 2447 1203 2507 potuerit
1226 2450 1276 2494 et

262 2524 404 2570 facta
456 2523 540 2576 sit,
587 2525 666 2570 est
698 2523 926 2576 dubium,
966 2537 1031 2569 an
1074 2523 1278 2572 scilicet

262 2599 531 2646 locutione
571 2599 830 2646 interiore
871 2613 936 2645 an
988 2600 1273 2653 exteriore,

267 2688 333 2721 an
367 2687 484 2722 cum
524 2674 783 2733 aliquibus
825 2674 990 2733 signis
1032 2674 1276 2722 adhibitis

265 2749 647 2798 sufficientibus
677 2750 737 2796 ad
760 2751 1082 2796 causandum
1105 2764 1278 2797 assen¬

264 2840 396 2872 sum.
427 2826 501 2873 Ad
526 2826 860 2885 propositum
902 2826 1111 2879 sufficit,
1145 2828 1278 2885 quod

263 2906 487 2963 utroque
511 2903 662 2948 modo
692 2902 864 2962 potuit
900 2905 1279 2962 supernatura-

259 2980 386 3027 liter
438 2978 667 3025 revelari
706 2978 832 3026 talis
889 2979 1148 3032 doctrina,
1193 2980 1280 3026 sed

262 3059 454 3103 neutro
479 3055 629 3101 modo
655 3054 827 3114 potuit
850 3055 913 3101 ab
934 3054 1145 3101 homine
1169 3055 1280 3101 sine

261 3146 465 3184 errore,
486 3132 657 3191 primo
688 3131 842 3178 tradi.

323 3210 522 3256 Contra
572 3207 640 3266 (h)
698 3208 828 3255 istas
883 3210 991 3254 tres
1046 3207 1281 3254 rationes

269 3284 503 3331 instatur
554 3283 712 3329 simul
765 3283 900 3341 quod
951 3283 1154 3342 seipsas
1205 3284 1284 3329 de¬

277 3362 505 3410 struant,
532 3359 653 3417 quia
685 3359 818 3418 quod
854 3358 1150 3405 ostenditur
1171 3372 1287 3405 esse

279 3435 640 3482 necessarium
703 3434 1137 3492 cognoscendum,
1191 3433 1288 3480 hoc

282 3510 577 3558 ostenditur
612 3524 727 3556 esse
758 3523 966 3563 verum,
999 3509 1120 3569 quia
1159 3509 1290 3555 nihil

1349 225 1519 274 scitur
1553 227 1654 274 nisi
1681 240 1896 281 verum;
1927 239 2055 285 ergo
2121 225 2363 286 quidquid

1348 302 1463 350 istae
1512 303 1748 350 rationes
1796 302 2076 351 ostendunt
2116 314 2230 348 esse
2281 313 2363 346 ne-

1346 379 1639 425 cessarium
1691 379 1959 438 cognosci,
2027 380 2173 438 (puta
2236 377 2368 435 quod

1346 455 1531 502 fruitio
1560 456 1653 504 Dei
1690 456 1739 502 in
1781 470 1835 503 se
1885 458 1964 503 est
1991 456 2109 503 finis
2143 452 2373 501 hominis

1346 533 1512 591 quoad
1536 531 1762 590 primam
1787 532 2048 580 rationem
2069 548 2077 583 ;
2115 528 2248 589 quod
2271 528 2371 579 via,

1346 607 1646 655 deveniendi
1675 608 1736 653 ad
1764 608 1950 667 ipsam,
1976 610 2059 655 est
2082 620 2176 666 per
2212 606 2371 651 meri¬

1347 687 1418 736 ta,
1453 697 1514 742 qu
1531 697 1573 730 se
1591 684 1729 731 Deus
1753 684 1995 743 acceptat
2013 686 2069 730 ut
2090 682 2246 741 digna
2272 680 2370 727 tali

1352 761 1586 821 prmmio,
1638 760 1805 818 quoad
1878 759 2156 806 secundam
2188 775 2197 809 ;
2235 757 2368 815 quod

1348 842 1487 887 Deus
1531 846 1612 891 est
1661 839 1852 892 trinus,
1905 838 1957 884 et
1995 835 2368 892 contingenter

1349 934 1575 969 causans
1602 921 1654 966 et
1681 912 2000 974 hujusmodi,
2044 910 2210 970 quoad
2265 910 2369 955 ter¬

1351 999 1499 1056 tiam)
1533 998 1707 1044 totum
1750 991 1879 1038 illud
1922 987 2219 1035 ostenditur
2252 999 2369 1032 esse

1350 1087 1553 1120 verum.
1576 1071 1670 1117 Vel
1693 1081 1819 1126 ergo
1842 1067 1945 1113 illae
1987 1064 2222 1112 rationes
2267 1074 2371 1107 non

1352 1151 1474 1196 sunt
1501 1147 1606 1194 nisi
1626 1159 1690 1192 ex
1728 1144 1839 1195 fide,
1870 1141 1952 1188 vel
1987 1154 2049 1186 ex
2079 1138 2209 1198 ipsis
2249 1150 2367 1183 con¬

1351 1225 1581 1273 cluditur
1604 1220 1907 1281 oppositum
1929 1216 2060 1276 ejus,
2091 1214 2224 1274 quod
2247 1227 2364 1273 pro¬

1349 1303 1490 1349 bant.

1408 1375 1733 1436 Respondeo,
1781 1371 1834 1429 (i)
1872 1366 2109 1416 naturali
2156 1364 2364 1427 ratione

1348 1452 1659 1502 ostenditur,
1697 1443 2059 1493 necessarium
2082 1456 2198 1488 esse
2227 1440 2365 1487 scire

2385 1519 2396 1549 sio
1343 1530 1572 1577 alteram
1623 1527 1829 1585 partem
1872 1519 2223 1568 determinate
2273 1516 2369 1563 hu-

1340 1606 1428 1668 jus
1463 1597 1902 1654 contradictionis
1934 1597 1942 1639 :
1967 1597 2139 1640 Fruitio
2160 1603 2221 1640 est
2241 1595 2365 1655 finis,

1341 1687 1499 1741 fruitio
1520 1698 1608 1728 non
1628 1688 1688 1724 est
1707 1682 1825 1735 finis.
1869 1673 1979 1718 IIoc
1999 1674 2095 1724 est,
2127 1672 2258 1732 quod
2288 1672 2365 1718 in¬

1344 1759 1588 1807 tellectus
1616 1769 1722 1802 non
1750 1754 1818 1801 sit
1860 1765 2005 1799 mere
2045 1750 2246 1801 dubius,
2282 1749 2365 1794 vel

1344 1838 1533 1882 neuter
1554 1834 1607 1880 in
1627 1832 1726 1878 hoc
1750 1829 2106 1890 problemate:
2125 1842 2184 1870 an
2204 1827 2367 1882 fruitio

1344 1915 1400 1956 sit
1414 1914 1533 1967 finis,
1561 1908 1682 1969 quia
1706 1906 1831 1955 talis
1865 1902 2120 1953 dubitatio
2143 1901 2224 1949 vel
2244 1902 2367 1960 igno

1347 1987 1525 2035 rantia
1600 1983 1877 2043 impediret
1960 1977 2368 2038 acquisitionem

1345 2064 1466 2111 finis
1488 2080 1496 2113 ;
1536 2074 1641 2108 non
1669 2062 1847 2106 autem
1874 2055 2172 2104 ostenditur
2207 2053 2369 2100 ratio¬

1349 2155 1412 2187 ne
1451 2136 1706 2190 naturali,
1768 2134 1902 2194 quod
1957 2131 2068 2178 haec
2126 2144 2253 2190 pars
2301 2130 2370 2177 sit

1349 2215 1655 2264 necessario
1713 2208 2096 2270 cognoscenda.
2153 2209 2218 2255 Et
2271 2206 2370 2252 hoc

1351 2294 1502 2339 modo
1552 2289 1788 2338 rationes
1833 2285 2116 2347 praedictae,
2156 2284 2213 2330 ut
2249 2284 2370 2329 sunt

1349 2366 1641 2417 naturales,
1699 2362 2019 2411 concludunt
2079 2361 2137 2407 de
2197 2358 2370 2405 altera

1353 2447 1505 2506 parte
1533 2438 1992 2491 contradictionis,
2022 2437 2119 2484 hac
2145 2435 2229 2482 vel
2261 2435 2370 2481 illa»

1351 2535 1457 2568 non
1516 2517 1868 2567 determinate
1913 2515 1972 2562 de
2018 2513 2114 2560 hac
2160 2511 2263 2559 nisi
2308 2525 2374 2557 ex

1352 2595 1570 2644 creditis
1591 2595 1819 2641 tantum.

1644 2717 2077 2763 COMMENTARIUS.

1410 2831 1478 2891 (h)
1504 2833 1668 2874 Contra
1693 2831 1798 2872 istas
1834 2837 1918 2872 tres
1954 2828 2146 2870 rationes
2185 2828 2378 2869 instatur

1350 2909 1499 2959 simul,
1525 2916 1607 2950 etc.
1640 2908 1714 2948 Hic
1741 2909 1893 2948 Doctor
1913 2918 1988 2960 per
2014 2904 2125 2946 hanc
2162 2902 2371 2946 rationem

1353 2984 1535 3026 intendit
1555 2982 1736 3039 probare
1762 2981 1875 3037 quod
1904 2987 1992 3023 tres
2030 2979 2217 3022 rationes
2250 2979 2371 3035 prius

1354 3060 1492 3111 factae,
1517 3066 1589 3101 aut
1614 3065 1779 3100 tantum
1802 3055 2037 3112 procedunt
2075 3068 2127 3097 ex
2154 3053 2251 3104 fide,
2300 3054 2375 3096 aut

1355 3136 1390 3178 si
1432 3149 1515 3177 non
1544 3133 1779 3190 procedunt
1816 3146 1868 3175 ex
1901 3131 1998 3181 fide,
2036 3138 2137 3173 tunc
2174 3143 2227 3173 ex
2267 3128 2372 3184 ipsis

1357 3210 1625 3254 concluditur
1640 3208 1883 3264 oppositum
1907 3206 2013 3262 ejus,
2039 3206 2149 3261 quod
2172 3204 2368 3260 probant.

1357 3289 1462 3329 Nam
1500 3299 1574 3342 per
1601 3284 1781 3340 primam
1808 3283 2012 3338 probatur
2037 3281 2150 3337 quod
2182 3279 2372 3335 cognitio

1361 3361 1498 3405 ultimi
1533 3361 1629 3403 finis
1656 3359 1712 3401 sit
1745 3357 1995 3400 necessaria.
2033 3359 2110 3398 Per
2143 3355 2369 3398 secundam

1362 3438 1564 3493 probatur
1595 3434 1782 3489 cognitio
1821 3432 2057 3475 mediorum
2095 3431 2146 3473 ad
2174 3430 2369 3473 ultimum

1365 3513 1492 3554 finem
1513 3525 1607 3554 esse
1628 3509 1880 3552 necessaria.
1912 3510 1959 3550 Et
1982 3521 2056 3563 per
2088 3507 2252 3551 tertiam
2277 3519 2371 3561 pro-
