3744 5616
20 2306 130 2398 .r
216 2312 246 2362 c

15 2353 333 2522 y»;

66 2528 121 2587 ■t
207 2529 246 2589 n

950 1919 1088 1954 Solutio.

938 2524 1095 2568 Objectio.

907 3735 1099 3777 Responsio.

1151 1327 1408 1361 cognoscere

2033 1195 2255 1236 PROLOGI

1463 1313 1573 1354 hanc
1627 1311 1635 1353 :
1678 1311 1792 1352 Detis
1837 1316 1895 1350 esi
1949 1307 2091 1349 irinus
2132 1310 2169 1345 et

1149 1405 1276 1440 unus,
1301 1389 1447 1432 saltem
1471 1388 1614 1430 habita
1642 1387 1782 1442 specie
1799 1382 2052 1440 intelligibili
2072 1380 2167 1422 Dei¬

1150 1468 1247 1511 tatis
1269 1467 1347 1525 (de
1373 1469 1619 1522 quaDoctor
1656 1478 1702 1506 m
1723 1462 1764 1507 2.
1782 1462 1832 1506 di
1831 1469 1883 1506 st.
1899 1464 2084 1518 Squcest.
2104 1457 2166 1513 9.)

1153 1544 1347 1600 sequitur
1386 1541 1496 1598 quod
1520 1541 1709 1596 Angelus
1748 1537 1881 1595 possit
1913 1537 2063 1579 docere
2088 1535 2167 1576 ho¬

1154 1619 1309 1662 minem
1351 1619 1461 1661 hanc
1505 1617 1744 1670 veritatem,
1788 1622 1828 1658 et
1856 1616 1935 1658 hoc
1966 1611 2165 1656 naturali¬

1149 1704 1213 1738 ter
1231 1709 1240 1746 ;
1265 1709 1368 1751 ergo
1390 1695 1470 1737 ista
1492 1693 1667 1744 veritas,
1693 1694 1805 1735 Deus
1827 1699 1886 1735 est
1906 1694 2060 1742 trinus,
2082 1696 2162 1735 etc.

1156 1786 1239 1815 non
1270 1772 1348 1815 erit
1384 1770 1736 1828 supernaturalis,
1779 1769 1876 1827 quia
1922 1771 1974 1813 ab
2014 1777 2168 1827 agente

1155 1849 1355 1900 naturali,
1392 1848 1553 1891 scilicet
1575 1847 1738 1903 Angelo
1767 1847 1964 1890 docente.

1211 1925 1253 1967 Si
1269 1924 1432 1967 dicatur
1458 1923 1568 1980 quod
1591 1924 1666 1966 etsi
1689 1923 1879 1979 Angelus
1895 1924 2028 1980 possit
2050 1924 2164 1966 illam

1152 2014 1410 2057 cognoscere
1445 2000 1710 2051 naturaliter,
1744 2000 1979 2055 praehabita
2023 2000 2166 2056 specie

1152 2077 1412 2134 intelligibili
1466 2076 1657 2128 Deitatis,
1712 2089 1796 2119 non
1845 2084 1987 2119 tamen
2026 2084 2165 2133 potest

1154 2153 1266 2196 illam
1300 2153 1451 2196 docere
1473 2152 1735 2204 naturaliter,
1767 2152 1866 2208 quia
1902 2166 1986 2195 non
2025 2161 2164 2209 potest

1148 2242 1324 2271 causare
1351 2228 1391 2270 in
1410 2227 1624 2270 intellectu
1654 2235 1798 2270 nostro
1822 2242 1897 2283 pro
1930 2236 2041 2271 statu
2083 2229 2162 2272 isto

1153 2305 1399 2348 immediate
1443 2305 1627 2361 aliquam
1653 2305 1942 2361 cognitionem
1982 2305 2162 2362 alicujus

1150 2397 1265 2426 mere
1311 2383 1626 2437 intellectualis,
1674 2391 1720 2426 ut
1757 2390 1870 2439 patet
1912 2398 1934 2428 a
1985 2388 2162 2429 Doctore

1149 2462 1195 2502 in
1230 2460 1271 2504 2.
1295 2460 1396 2503 dis/.
1431 2464 1499 2504 11.

1210 2538 1308 2580 Dico
1347 2538 1458 2594 quod
1485 2538 1566 2581 hoc
1603 2552 1751 2594 parum
1779 2539 1905 2596 valet,
1939 2541 2037 2596 quia
2081 2539 2160 2583 etsi

1151 2616 1230 2658 hoc
1264 2629 1348 2658 non
1370 2614 1521 2671 possit,
1553 2622 1694 2658 tamen
1722 2630 1805 2672 non
1846 2623 1986 2672 potest
2013 2618 2160 2673 negari

1152 2692 1254 2748 quin
1298 2691 1433 2748 possit
1490 2692 1642 2735 docere
1694 2706 1768 2748 per
1820 2692 1960 2750 aliqua
2017 2694 2157 2750 signa,

1148 2777 1195 2812 ut
1217 2769 1338 2812 docet
1359 2770 1512 2811 Doctor
1537 2768 1612 2811 ubi
1622 2783 1772 2825 supra.

1210 2845 1401 2889 Secundo
1446 2845 1655 2901 arguitur,
1703 2846 1802 2902 quia
1856 2860 1939 2890 non
1991 2847 2161 2891 videtur

1149 2922 1261 2979 quod
1288 2921 1667 2977 supernaturalitas
1689 2922 1869 2977 praecise
1896 2930 2090 2967 sumatur
2118 2924 2160 2966 in

1145 2998 1462 3053 comparatione
1512 2997 1563 3040 ad
1619 3010 1752 3054 agens
1815 3000 2155 3055 supernaturale,

1142 3074 1240 3130 quia
1264 3073 1365 3116 dicit
1390 3076 1543 3116 Doctor
1556 3087 1603 3129 m
1625 3082 1772 3130 queest.
1796 3077 2018 3130 preesenti,
2046 3077 2157 3133 quod

1144 3149 1384 3192 intellectus
1407 3156 1551 3192 noster
1572 3149 1617 3192 fit
1640 3150 1986 3206 proportionatus
2007 3166 2156 3209 super-

1141 3225 1407 3280 naturaliter,
1431 3233 1472 3268 et
1489 3239 1564 3281 per
1584 3225 1698 3269 aliud
1723 3225 1763 3268 in
1786 3226 1950 3270 ratione
1974 3242 2153 3272 moven¬

1139 3300 1212 3353 tis,
1254 3307 1294 3343 et
1317 3315 1392 3357 per
1419 3300 1536 3343 aliud
1559 3300 1600 3343 in
1631 3301 1796 3344 ratione
1826 3302 1997 3354 formae;
2033 3312 2074 3347 et
2094 3305 2156 3348 sic

1139 3376 1310 3419 videtur
1331 3376 1474 3420 dicere
1513 3391 1752 3429 assensum,
1789 3380 1873 3435 quo
1913 3380 2153 3425 intellectus

1136 3452 1371 3495 formaliter
1393 3454 1572 3496 assentit
1599 3453 1658 3496 illi
1697 3454 1887 3511 veritati,
1910 3457 1965 3500 sit
2003 3471 2152 3514 super¬

1138 3529 1360 3580 naturalis,
1386 3536 1426 3572 et
1471 3543 1554 3572 non
1601 3545 1675 3587 per
1701 3534 2063 3589 comparationem
2100 3535 2151 3578 ad

1136 3619 1269 3661 agens
1309 3606 1648 3662 supernaturale.

1196 3682 1445 3739 Respondeo
1476 3683 1527 3739 ad
1566 3681 1751 3739 primam
1781 3684 2027 3730 instantiam
2057 3689 2148 3744 pri¬

1135 3776 1219 3815 mo,
1263 3760 1374 3817 quod
1419 3760 1611 3815 Angelus
1637 3773 1688 3803 ex
1718 3761 1836 3817 puris
1876 3764 2146 3809 naturalibus

1133 3851 1217 3881 non
1262 3843 1400 3893 potest
1453 3838 1714 3894 cognoscere
1765 3838 1893 3890 illam,
1921 3848 1966 3883 ut
1989 3849 2102 3897 patet
2123 3857 2144 3886 a

1131 3919 1309 3972 Doctore
1339 3929 1383 3972 q.
1421 3915 1489 3964 14.
1532 3915 1773 3964 Quodlibet.

1195 3993 1294 4035 Dico
1327 3992 1513 4035 secundo
1536 3991 1646 4049 quod
1673 3993 1797 4048 etiam
1828 3994 1982 4048 posito,
2030 3997 2141 4052 quod

1128 4068 1263 4125 possit
1301 4067 1554 4110 naturaliter
1580 4081 1855 4124 cognoscere,
1892 4071 2030 4114 adhuc
2057 4087 2140 4116 non

1125 4145 1320 4202 sequitur
1354 4144 1464 4201 quod
1501 4144 1636 4200 possit
1686 4144 1800 4187 illam
1834 4145 2000 4198 docere,
2041 4149 2140 4205 quia

1128 4220 1244 4264 aliud
1267 4228 1331 4264 est
1352 4233 1528 4263 causare
1561 4221 1860 4263 certitudinem
1887 4223 1927 4264 in
1975 4223 2140 4267 intelle¬

1127 4305 1196 4340 ctu
1219 4297 1394 4340 viatoris
1429 4305 1625 4352 respectu
1647 4297 1828 4353 alicujus
1849 4312 1965 4342 mere
1986 4300 2139 4344 intelli-

1125 4373 1289 4430 gibilis,
1344 4380 1385 4415 et
1439 4372 1553 4416 aliud
1601 4380 1666 4416 est
1711 4386 1949 4429 proponere
2000 4376 2141 4433 aliqua

1130 4450 1253 4506 signa
1287 4448 1496 4492 ordinate.
1538 4449 1678 4491 Primo
1719 4451 1842 4494 modo
1880 4466 1963 4494 non
1999 4462 2141 4509 posset

1131 4539 1324 4577 causare,
1348 4525 1448 4568 licet
1480 4525 1668 4568 secundo
1707 4525 1847 4571 modo.
1897 4528 1939 4571 Si
1979 4528 2142 4573 dicatur

1132 4601 1281 4646 saltem
1299 4609 1434 4658 potest
1461 4615 1638 4645 causare
1659 4601 1956 4648 certitudinem
1985 4605 2138 4663 hujus:

2248 1299 2442 1358 Aliquod
2486 1313 2560 1341 ens
2602 1307 2669 1350 <?.)/

2245 1391 2328 1420 non
2356 1385 2421 1421 est
2448 1390 2563 1419 mere
2590 1370 2627 1419 in
2644 1370 2660 1420 3
2665 1376 2670 1380 '

2305 1454 2406 1497 Dico
2433 1453 2545 1509 quod
2595 1463 2626 1495 ei
2643 1442 2652 1511 j

2241 1543 2336 1572 cere
2359 1529 2579 1571 hominem
2602 1529 2613 1570 1
2648 1542 2669 1569 n

2242 1604 2355 1661 quod
2376 1617 2465 1656 ens,
2496 1607 2577 1647 elc.
2610 1618 2618 1645 i
2641 1616 2661 1645 n

2242 1681 2521 1732 evidentiam,
2554 1694 2607 1736 qu
2645 1695 2664 1723 e

2240 1758 2292 1801 ab
2319 1758 2459 1815 aliqua
2493 1757 2619 1800 imme
2642 1771 2662 1800 a

2301 1829 2400 1871 Dico
2424 1828 2550 1872 tertio
2578 1843 2615 1885 qi
2635 1827 2659 1872 d

2240 1919 2459 1957 concesso,
2504 1905 2612 1962 quod
2634 1908 2664 1948 A

2241 1982 2541 2025 certitudinem
2596 1983 2604 2024 i
2631 1994 2653 2024 u

2239 2060 2349 2115 quod
2396 2059 2536 2115 possit
2580 2073 2601 2102 c
2630 2072 2665 2100 s;

2238 2137 2366 2187 illius,
2427 2145 2570 2179 tamen
2625 2149 2664 2180 re

2239 2213 2403 2256 melior.

2295 2291 2355 2334 Ad
2403 2291 2603 2334 secundai
2656 2293 2662 2332 i

2237 2367 2397 2410 nullam
2456 2368 2568 2411 indu

2744 1313 2746 1334 ■
2761 1312 2828 1339 uni
2871 1304 2908 1339 et
2936 1311 3084 1348 unum,
3127 1298 3232 1354 quod

2706 1376 2847 1418 ribile.

2785 1460 2822 1493 et
2851 1464 3026 1494 causare
3063 1452 3129 1494 vel
3159 1454 3223 1497 do-

2752 1542 2758 1567 >
2774 1528 3056 1584 "positionem
3086 1530 3094 1572 :
3130 1530 3222 1574 Ali-

2767 1617 2832 1645 icn
2882 1610 3020 1658 potest
3050 1615 3219 1649 causare

2776 1680 2860 1722 ntia
2883 1680 2998 1723 illius
3018 1679 3220 1737 dependet

2759 1757 2857 1800 nere
2891 1755 3161 1815 intelligibili.

2755 1831 2833 1870 iam
2865 1827 3003 1884 posito
3057 1838 3097 1872 et
3141 1843 3222 1873 non

2764 1906 2827 1946 Ius
2872 1912 3015 1960 posset
3052 1919 3221 1950 causare

2744 1996 2822 2023 i;on
2861 1990 3003 2024 tamen
3034 1982 3222 2039 sequitur

2769 2071 2994 2101 assensum
3033 2067 3218 2115 respectu

2725 2161 2728 2167 •
2756 2136 2846 2177 usio
2916 2135 3101 2179 secunda
3159 2145 3220 2181 est

2673 2289 2899 2333 nslnntiam
2953 2289 3060 2342 dico,
3111 2292 3216 2348 quod

2696 2368 2957 2421 11icultatem,
3013 2368 3108 2425 quia
3141 2370 3214 2413 etsi

2239 2445 2335 2488 talis
2357 2458 2560 2488 assensus
2583 2459 2594 2487 (
2622 2456 2710 2487 aiut
2738 2445 3080 2502 supernaturalis
3102 2446 3141 2487 in
3158 2460 3216 2489 ra¬

2236 2522 2351 2564 tione
2379 2521 2544 2572 formae,
2577 2521 2585 2563 i
2616 2535 2626 2562 i
2654 2530 2798 2564 tamen
2845 2521 3219 2577 supernaturalitas

2237 2604 2302 2640 est
2324 2605 2487 2640 tantum
2530 2598 2570 2640 in
2617 2611 2654 2640 m
2667 2598 2887 2653 paratione
2913 2598 2963 2641 ad
2992 2611 3124 2655 agens
3150 2611 3220 2641 su¬

2243 2675 2519 2730 pernaturale
2540 2691 2545 2717 :
2579 2673 2621 2717 51
2646 2675 2804 2719 dicitur
2826 2675 3163 2731 supernaturalis
3181 2676 3220 2718 in

2238 2750 2402 2792 ratione
2447 2751 2585 2792 forma
2608 2763 2665 2791 e\
2715 2750 2795 2793 hoc
2832 2749 2942 2806 quod
2989 2758 3049 2793 est
3085 2750 3219 2808 aliqua

2238 2825 2373 2868 forma
2402 2839 2585 2882 superna
2605 2827 2729 2879 ralis,
2782 2840 2879 2883 qua)
2918 2835 2981 2882 est
3027 2825 3216 2882 quaedam

2237 2902 2456 2944 inclinatio
2519 2902 2584 2944 inf
2603 2914 2729 2966 pians
2784 2902 3062 2955 intellectum,
3111 2903 3216 2946 sicut

2234 2979 2359 3022 etiam
2386 2980 2418 3020 si
2447 2980 2574 3035 aliqui
2611 2998 2616 3017 «
2655 2981 2776 3023 miiio
2810 2988 2920 3022 esset
2969 2989 3216 3037 supernatr-

2234 3053 2380 3096 raliter
2418 3061 2579 3097 causat;
2620 3053 2836 3098 diceretur
2885 3053 3216 3111 supernaturalis

2236 3144 2311 3187 per
2355 3139 2570 3188 comparat
2594 3118 2688 3174 hem
2731 3132 2781 3174 ad
2838 3145 2971 3188 agens
3015 3145 3216 3189 superna¬

2231 3208 2382 3251 turale.

2590 3336 2840 3385 JCHOLIUM.

2275 3457 2494 3494 Confirmat
2517 3469 2565 3503 pu
2601 3470 2622 3491 r
2654 3474 2657 3481 ■
2695 3469 2742 3495 ex
2772 3458 2956 3496 doctrina
2984 3460 3211 3506 Augustini,

2226 3525 2308 3559 tres
2329 3524 2508 3560 rationes
2530 3533 2567 3558 ac
2586 3525 2694 3560 aetas
2715 3534 2735 3560 a
2759 3534 2797 3560 n.
2819 3526 2855 3561 6.
2879 3526 3015 3561 contra
3038 3525 3214 3562 Philoso¬

2224 3587 2338 3633 phos,
2358 3587 2566 3624 ostendem
2585 3587 2836 3635 ‘hilosophos
2859 3590 2901 3625 in
2922 3590 2991 3626 via
3013 3591 3210 3627 virtutum

2223 3656 2363 3688 contra
2384 3656 2536 3689 rectam
2580 3650 2729 3691 fionem
2745 3664 2921 3699 errasse,
2938 3662 2982 3693 ut
3001 3659 3152 3693 constat
3165 3666 3210 3691 ex

2222 3719 2405 3764 ipsorum
2429 3719 2558 3765 politii

2279 3838 2408 3884 Tres
2433 3838 2554 3886 ratii
2585 3852 2641 3884 es
2673 3840 2878 3901 primae,
2916 3841 3101 3901 quibus
3141 3841 3208 3888 in¬

2219 3913 2412 3960 nititur
2449 3915 2782 3971 istalolutio,
2825 3917 3209 3965 confirmantur

2219 4004 2315 4052 per
2356 3994 2702 4041 auctoratos.
2750 3995 2949 4056 Primo,
2995 4009 3088 4056 per
3126 4009 3206 4043 au¬

2217 4069 2530 4117 ctoritatem
2566 4054 2839 4132 Ligustini
2878 4073 2936 4122 de
2984 4073 3208 4122 Civitate

2214 4146 2327 4199 Dei,
2354 4147 2441 4193 lib.
2484 4150 2549 4194 18.
2582 4185 2588 4191 .
2624 4150 2691 4195 11.
2725 4153 2983 4210 Philosophi
3002 4153 3017 4210 (
3023 4138 3207 4213 inquit)

2214 4225 2449 4266 nescientes
2476 4226 2533 4267 ad
2566 4239 2662 4269 uem
2689 4229 2822 4280 /inem
2851 4230 3084 4285 referenda
3124 4231 3203 4272 ista

2214 4308 2365 4352 essent,
2400 4302 2514 4343 inter
2533 4311 2548 4356 /
2560 4301 2591 4343 Is
2650 4316 2746 4359 quee
2767 4304 2900 4347 locuti
2919 4313 3034 4356 sunt,
3062 4320 3202 4348 verum

2215 4377 2364 4420 videre
2386 4384 2542 4434 potuer
2560 4386 2590 4423 it
2641 4379 2878 4426 Secunda
2919 4380 3060 4428 ratio
3090 4394 3202 4428 con¬

2215 4451 2465 4499 firmatur
2497 4467 2539 4512 p(
2582 4455 2939 4512 Augustinum
2967 4459 3009 4504 2.
3040 4458 3100 4504 de
3131 4457 3186 4506 Ci

2215 4529 2399 4582 vitate,
2425 4543 2535 4590 cap.
2555 4536 2579 4581 1.
2616 4535 2733 4582 Quid
2762 4535 2940 4591 prodest
2965 4550 3088 4578 nosse
3125 4550 3192 4592 qui

3282 3927 3508 3987 wpropo*

3259 4003 3310 4051 l«ie
3326 4003 3456 4049 Dlodo
3486 4022 3512 4069 p

3276 4079 3460 4132 ftTelari
3500 4091 3515 4135 t

3259 4158 3512 4226 ‘omodopu

3259 4238 3293 4280 ^
3308 4236 3456 4294 primo
3484 4249 3515 4292 ti

3259 4310 3336 4359 itra
3376 4314 3443 4374 (h)
3495 4325 3507 4371 j

3258 4384 3320 4434 hir
3363 4393 3510 4446 simul

3266 4468 3323 4515 ht,
3342 4474 3453 4530 quin
3489 4477 3514 4518 i

3258 4548 3445 4596 marium
3469 4557 3514 4596 M

2216 4608 2405 4650 eundum
2425 4609 2480 4650 sit
2487 4626 2496 4660 ,
2520 4626 2537 4648 s
2554 4610 2786 4663 iqvoratur
2815 4613 2885 4670 via
2907 4628 2992 4670 qua
3011 4613 3184 4658 euncliui
3226 4618 3390 4670 ?nditur
3426 4643 3450 4673 o
