2653 3979
31 343 50 374 *
52 343 70 372 9
74 367 81 374 -
117 384 121 387 .
225 345 299 391 Ad
344 345 561 393 tertium
585 346 651 400 (a)
691 344 1038 400 respondetur
1072 342 1165 393 sic,

4 433 138 457 mmam.
166 421 298 479 quod
328 422 501 480 prima
527 420 788 480 principia
809 433 915 465 non
946 422 1168 478 possunt

160 496 420 555 applicari
449 497 509 543 ad
539 496 905 544 conclusiones
942 495 1163 554 aliquas,

158 572 262 618 nisi
308 573 579 620 sensibiles
600 588 608 624 ;
637 573 917 631 tum,-quia
944 570 1162 618 termini

155 662 342 695 eorum
394 652 515 696 sunt
555 649 814 697 abstracti
853 661 882 695 a
912 647 1166 694 sensibili¬

154 723 262 776 bus,
299 727 350 771 et
402 725 476 772 ita
522 724 734 784 sapiunt
792 728 1042 772 naturam
1081 737 1162 770 eo¬

154 812 299 852 rum;
326 802 455 853 tum,
487 800 610 859 quia
643 801 945 848 intellectus
981 812 1158 858 agens,

155 888 247 934 per
299 885 449 935 quem
495 877 641 923 debet
690 877 807 923 fleri
853 875 1157 936 applicatio,

150 950 420 999 limitatur
454 953 516 999 ad
538 953 825 1000 sensibilia.

209 1031 408 1076 Contra
434 1029 500 1088 (b)
520 1033 726 1077 certum
747 1032 828 1077 est
848 1029 1157 1081 intellectui,

149 1105 284 1163 quod
318 1105 409 1151 illa
435 1106 696 1166 principia
728 1106 899 1166 prima
933 1107 1053 1152 sunt
1075 1119 1159 1152 ve¬

147 1193 224 1232 ra,
254 1194 359 1226 non
383 1183 590 1228 tantum
616 1181 665 1228 in
690 1181 1041 1234 sensibilibus,
1074 1181 1159 1228 sed

144 1256 196 1301 in
223 1257 642 1310 insensibilibus;
687 1272 789 1304 non
823 1259 963 1304 enim
986 1258 1158 1318 magis

144 1331 432 1386 dubitatur,
460 1334 593 1392 quod
616 1335 1038 1381 contradictoria
1056 1348 1158 1380 non

149 1410 270 1454 sunt
309 1407 468 1454 simul
508 1422 637 1455 vera
669 1409 728 1455 de
755 1410 934 1455 eodem
977 1410 1158 1455 imma¬

148 1483 327 1530 teriali
356 1497 512 1543 quam
556 1485 842 1537 materiali,
884 1499 1048 1544 quare
1078 1499 1160 1532 re¬

149 1559 362 1619 sponsio
391 1560 552 1605 nulla.
587 1561 651 1608 Et
691 1561 826 1619 quod
857 1562 919 1620 (c)
947 1561 1157 1615 dicitur,

151 1635 284 1694 quod
307 1635 565 1681 terminus
606 1635 765 1695 primi
806 1636 1058 1696 principii
1081 1640 1161 1684 est

150 1725 259 1763 ens,
290 1713 424 1770 quod
449 1711 701 1759 dividitur
723 1712 777 1758 in
796 1713 974 1759 decem
1012 1725 1161 1772 gene¬

154 1800 230 1840 ra,
260 1789 310 1834 et
349 1787 477 1835 illud
510 1803 614 1834 non
649 1789 882 1837 extendit
906 1804 960 1836 se
988 1791 1050 1836 ad
1079 1792 1161 1839 ob-

151 1864 352 1922 jectum
385 1863 777 1923 Theologicum,
811 1865 909 1912 hoc
938 1866 1070 1912 nihil
1098 1867 1161 1925 (d)

156 1940 312 1993 valet,
348 1941 471 1999 quia
507 1954 613 1986 non
641 1941 810 2000 magis
842 1942 1160 1995 dubitamus,

152 2018 284 2077 quod
305 2018 726 2064 contradictoria
746 2031 850 2063 non
867 2022 988 2066 sunt
1005 2019 1163 2066 simul

149 2106 278 2138 vera
317 2093 374 2138 de
420 2095 527 2139 Deo
576 2105 732 2152 quam
772 2093 830 2139 de
871 2094 1059 2140 altero,
1105 2098 1162 2142 ut

153 2169 289 2228 quod
312 2171 422 2213 Deus
449 2179 508 2212 est
530 2171 674 2213 beatus
695 2172 746 2216 et
768 2185 855 2213 non
883 2172 1043 2217 beatus.

208 2244 326 2291 Alia
347 2245 503 2292 datur
526 2246 819 2305 responsio,
852 2248 913 2306 (e)
937 2248 1070 2306 quod
1097 2262 1161 2294 ex

153 2321 444 2380 majoribus
497 2322 669 2369 solum
714 2336 819 2368 non
866 2327 1161 2382 sequuntur

150 2397 531 2451 conclusiones,
581 2399 667 2445 sed
707 2413 825 2445 cum
868 2400 1160 2447 minoribus

151 2473 429 2532 adjunctis,
453 2487 590 2520 nunc
607 2477 783 2522 autem
811 2475 1042 2522 minores
1056 2489 1160 2523 non

151 2553 273 2596 sunt
315 2550 641 2598 naturaliter
686 2551 997 2606 manifestae,
1046 2567 1157 2612 quae

149 2625 332 2672 debent
355 2625 460 2671 illis
494 2626 722 2686 adjungi.
754 2630 970 2683 Contra,
998 2629 1160 2675 mino¬

149 2713 235 2746 res
275 2699 333 2758 (f)
361 2702 623 2747 sumendae
658 2703 751 2749 sub
792 2705 980 2762 primis
1020 2705 1159 2764 prin¬

150 2777 320 2836 cipiis,
372 2778 659 2836 praedicant
693 2779 750 2825 de
791 2781 1018 2840 sumptis
1066 2782 1159 2828 sub

150 2853 410 2900 terminos
428 2853 693 2913 subjectos
714 2854 1009 2914 primorum
1024 2858 1160 2916 prin¬

151 2928 431 2987 cipiorum,
464 2929 550 2975 sed
570 2932 755 2978 notum
776 2932 871 2984 est,
898 2932 1158 2979 terminos

152 3003 451 3063 primorum
501 3005 891 3065 principiorum
948 3008 1049 3055 dici
1101 3010 1160 3055 de

155 3080 410 3139 quolibet,
470 3082 592 3140 quia
653 3086 776 3129 sunt
841 3087 1161 3132 communis¬

155 3157 275 3204 simi
299 3173 308 3209 ;
332 3170 485 3216 ergo.

214 3233 333 3279 Ideo
356 3234 664 3293 respondeo,
693 3236 762 3294 (g)
787 3238 920 3295 quod
943 3240 1167 3286 secunda

156 3322 281 3368 pars
307 3308 529 3355 minoris
551 3312 631 3357 est
656 3309 805 3364 falsa,
832 3311 940 3360 haec
966 3313 1169 3362 scilicet

160 3386 292 3444 quod
315 3386 366 3431 in
389 3386 576 3445 primis
601 3387 877 3447 principiis
901 3389 1171 3438 includun¬

159 3464 248 3508 tur
269 3462 578 3509 virtualiter
602 3477 781 3509 omnes
805 3465 1173 3515 conclusiones

162 3538 387 3585 scibiles.
424 3540 498 3585 Ad
548 3541 918 3599 probationem
961 3543 1029 3602 (h)
1062 3545 1176 3592 dico

163 3614 295 3672 quod
341 3615 476 3661 sicut
517 3617 735 3663 termini
783 3619 1007 3679 subjecti
1054 3622 1181 3667 sunt

1244 352 1568 397 communes,
1595 345 1669 393 ita
1690 350 1742 394 et
1770 350 1984 396 termini
2007 352 2251 410 praedica¬

1242 413 1306 466 ti;
1337 419 1538 475 quando
1568 421 1735 480 igitur
1779 426 1994 472 termini
2029 428 2251 488 subjecti

1244 490 1318 538 sic
1344 493 1614 542 distributi
1651 499 1989 559 accipiuntur
2013 517 2107 564 pro
2141 519 2249 551 om¬

1241 567 1409 623 nibus,
1434 584 1538 617 non
1565 574 1903 633 accipiuntur
1940 579 2042 626 nisi
2080 593 2248 640 respe¬

1241 646 1325 690 ctu
1341 647 1694 695 terminorum
1715 653 2141 709 praedicatorum,
2163 656 2247 716 qui

1241 725 1361 768 sunt
1385 725 1826 781 communissimi,
1867 732 1918 776 et
1952 743 2045 789 per
2071 745 2249 779 conse¬

1239 809 1401 854 quens
1423 799 1623 847 virtute
1641 803 1826 850 talium
1842 806 2243 867 principiorum,

1237 885 1341 919 non
1388 875 1630 923 sciuntur
1662 879 1720 925 de
1763 879 2103 930 inferioribus
2142 885 2244 931 nisi

1237 950 1524 1006 praedicata
1557 956 2011 1003 communissima.

1294 1025 2261 1094 Hoc patet ratione, quia medium ex prind-
1234 1104 2261 1173 non potest esse propter quid res pe- communir¬
2260 1179 2261 1251 cognoscun!.
1235 1179 1286 1224 et
1294 1192 1320 1223 u
1367 1181 1629 1239 passionis
1670 1184 1773 1230 nisi
1815 1200 1927 1244 quae
1957 1186 2243 1236 includitur

1236 1252 1543 1305 virtualiter
1570 1259 1622 1304 in
1647 1260 1854 1307 ratione
1881 1261 2024 1308 illius
2063 1264 2239 1318 medii;

1234 1329 1286 1375 in
1312 1332 1517 1378 ratione
1540 1338 1717 1381 autem
1750 1337 1970 1397 subjecti
1996 1339 2242 1402 principii

1233 1409 1655 1457 communissimi
1678 1426 1780 1459 non
1810 1414 2094 1462 includitur
2122 1430 2244 1476 pro-

2260 1494 2261 1526 E
1234 1484 1354 1539 pter
1388 1496 1415 1541 q
1440 1497 1447 1513 1
1460 1483 1506 1529 id
1527 1484 1706 1542 aliqua
1745 1489 1922 1542 passio
1959 1491 2243 1543 particula-

1237 1570 1328 1610 ris,
1377 1561 1463 1604 sed
1515 1562 1724 1608 tantum
1782 1567 2240 1619 communissima;

1236 1646 1365 1693 ergo
1411 1635 1537 1681 illud
1578 1637 1872 1698 subjectum
1917 1654 2022 1686 non
2069 1646 2244 1702 potest

1237 1722 1351 1755 esse
1376 1710 1514 1756 ratio
1537 1715 1884 1771 cognoscendi
1907 1716 2112 1776 aliquas
2134 1732 2245 1778 pas¬

1238 1785 1428 1838 siones,
1474 1787 1580 1834 nisi
1624 1792 2108 1840 communissimas.
2152 1796 2246 1842 Sed

1238 1866 1435 1921 praeter
1469 1866 1743 1922 passiones
1779 1871 2244 1918 communissimas

1239 1942 1359 1986 sunt
1378 1940 1555 1986 multae
1577 1941 1694 1988 aliae
1717 1944 1992 2002 passiones
2016 1947 2243 2002 scibiles,

1238 2015 1299 2061 ad
1329 2029 1458 2075 quas
1491 2030 1596 2064 non
1625 2023 1844 2078 possunt
1875 2022 2112 2070 rationes
2144 2025 2244 2084 pri¬

1240 2105 1450 2138 morum
1478 2093 1867 2155 principiorum
1907 2112 2022 2144 esse
2059 2100 2241 2153 media,

1239 2166 1360 2225 quia
1388 2182 1490 2214 non
1514 2169 1783 2218 includunt
1806 2173 1948 2226 illas;
1973 2188 2100 2234 ergo
2125 2178 2245 2222 sunt

1238 2244 1417 2290 multae
1444 2245 1702 2294 veritates
1738 2249 1962 2304 scibiles,
1997 2265 2108 2310 quae
2141 2266 2246 2298 non

1236 2319 1580 2368 includuntur
1621 2322 1672 2368 in
1715 2323 1902 2382 primis
1950 2326 2244 2387 principiis.

1296 2398 1408 2444 Hoc
1438 2402 1582 2458 patet
1609 2415 1673 2446 ex
1712 2401 1810 2449 hoc
1837 2406 2096 2463 exemplo,
2121 2407 2246 2465 quia

1236 2473 1375 2520 istud
1405 2477 1412 2518 :
1443 2477 1576 2519 Omne
1603 2485 1736 2521 lotum
1762 2488 1821 2522 est
1841 2484 1983 2536 majus
2003 2496 2081 2525 sua
2103 2492 2244 2538 parte,

1234 2549 1337 2596 etsi
1382 2550 1614 2599 includat
1671 2552 1831 2600 istam
1874 2559 1884 2606 :
1925 2559 2249 2606 Quaternarius

1234 2634 1294 2668 est
1314 2630 1457 2684 major
1487 2629 1659 2672 binario
1665 2665 1675 2681 ,
1701 2631 1750 2675 et
1785 2631 1919 2677 alias
1955 2632 2156 2680 similes
2185 2635 2244 2681 de

1234 2701 1414 2748 eodem
1452 2704 1757 2761 praedicato,
1800 2720 1907 2752 non
1950 2710 2131 2756 tamen
2176 2712 2248 2759 in¬

1235 2777 1394 2824 cludit
1448 2778 1594 2832 istas,
1639 2780 1842 2830 scilicet
1878 2787 1886 2834 :
1923 2787 2249 2834 Quaternarius

1233 2861 1294 2895 est
1325 2855 1484 2910 duplus
1508 2856 1566 2899 ad
1593 2858 1829 2911 binarium,
1864 2861 1914 2905 et
1967 2867 2189 2908 ternarius
2209 2881 2252 2909 se

1234 2930 1358 2974 habet
1384 2933 1433 2974 in
1450 2936 1733 2988 proportione
1752 2939 2038 2992 sesquialtera
2061 2942 2119 2984 ad
2140 2943 2255 2990 dua.

1232 3006 1416 3050 litatem.
1477 3007 1610 3053 Nam
1664 3009 1727 3055 ad
1778 3009 1882 3058 ista
1940 3016 2252 3072 praedicata,

1240 3085 1452 3140 oportet
1515 3082 1709 3131 habere
1768 3088 1934 3135 media
1998 3093 2253 3150 specialia

1239 3159 1607 3206 concludentia
1630 3160 1761 3220 ipsa.

1301 3235 1535 3281 Secunda
1558 3235 1699 3283 ratio
1724 3236 1775 3295 (i)
1794 3239 1993 3297 Logica
2011 3246 2107 3297 est,
2134 3246 2257 3304 quia

1243 3308 1369 3358 licet
1437 3312 1713 3370 contingat
1781 3313 2094 3365 descendere
2164 3323 2258 3369 sub

1247 3385 1483 3446 subjecto
1531 3388 1854 3436 universalis
1901 3392 2257 3451 affirmativae,

1249 3475 1354 3508 non
1382 3466 1561 3510 tamen
1600 3465 1694 3511 sub
1739 3467 2044 3524 praedicato.
2096 3473 2267 3521 Multa

1252 3541 1430 3585 autem
1448 3539 1735 3597 praedicata
1758 3545 2008 3590 contenta
2026 3547 2119 3593 sub
2141 3561 2273 3608 prae¬

1255 3614 1442 3661 dicatis
1514 3616 1814 3673 primorum
1885 3619 2274 3683 principiorum
