2682 3979
357 422 626 468 intellectu
663 421 725 468 ad
754 420 878 466 illud
917 417 1195 477 objectum,
1245 427 1360 474 pro¬

363 499 673 558 portionalis
696 496 823 545 illud
852 495 956 542 isti.

419 574 483 632 (r)
505 576 633 621 Cum
656 573 800 620 nitra
820 572 878 618 de
902 571 992 617 illo
1021 569 1125 616 alio
1151 567 1362 628 quaeris,

360 662 425 695 an
194 664 340 696 inteiiec-
454 653 522 697 sit
542 651 787 696 naturale
808 650 889 694 vel
917 650 1325 706 supematurale
1348 652 1364 687 t

340 709 470 788 'supernatu-dico
505 725 638 784 quod
691 721 1114 784 supematurale,
1158 719 1267 766 sive
1289 718 1366 766 in-

354 800 565 859 telligas
598 801 656 847 de
695 800 899 859 agente,
944 797 1051 843 sive
1079 796 1137 842 de
1172 795 1361 842 forma.

355 878 486 924 Cum
511 874 764 934 infers(s),
788 886 919 933 ergo
947 873 1250 919 intellectus
1279 873 1361 917 est

354 951 874 1012 improportionatus
909 950 969 996 ad
1016 949 1155 999 illud,
1193 950 1243 995 et
1273 959 1366 1007 per

356 1042 380 1073 a
390 1029 424 1074 ii
435 1043 460 1073 u
467 1029 538 1083 dp
546 1042 572 1074 r
578 1043 604 1074 0
614 1028 970 1083 portionatur.
995 1026 1124 1072 Dico
1148 1025 1280 1082 quod
1301 1037 1364 1070 ex

355 1118 408 1150 86
453 1106 534 1150 est
576 1104 626 1150 in
663 1103 898 1161 potentia
933 1100 1266 1147 obedientiali
1305 1099 1365 1145 ad

353 1192 529 1239 agens,
575 1182 626 1228 et
673 1182 747 1227 ita
776 1180 1101 1225 sufficienter
1148 1188 1364 1236 propor-

353 1255 594 1301 tionatur
617 1253 709 1306 illi,
736 1254 797 1300 ad
819 1252 917 1298 hoc
950 1253 1008 1298 ut
1031 1251 1093 1296 ab
1116 1251 1231 1310 ipso
1262 1263 1363 1296 mo-

352 1333 556 1377 veatur.
603 1329 863 1377 Similiter
900 1329 957 1386 (t)
997 1327 1041 1373 si
1085 1340 1148 1373 ex
1189 1340 1242 1373 se
1283 1327 1364 1372 est

352 1420 519 1466 capax
545 1406 686 1452 illius
712 1417 960 1452 assensus
988 1402 1194 1450 causati
1218 1415 1247 1447 a
1270 1402 1363 1450 tali

351 1485 556 1541 agente,
602 1482 764 1529 etiam
809 1483 888 1527 est
928 1479 1251 1526 naturaliter
1284 1491 1364 1525 ca¬

352 1572 452 1617 pax
473 1575 481 1611 ;
517 1572 622 1604 non
664 1559 876 1617 oportet
902 1568 1030 1614 ergo
1070 1555 1241 1614 ipsum
1271 1568 1364 1614 per

350 1634 488 1680 aliud
536 1631 941 1693 proportionari
993 1630 1070 1678 illi
1121 1629 1362 1676 assensui

347 1708 400 1754 in
426 1709 740 1768 recipiendo.
785 1708 971 1755 Statur
1011 1707 1079 1764 (u)
1108 1705 1275 1764 igitur
1308 1705 1361 1751 in

350 1785 592 1837 secundo,
623 1798 726 1830 non
766 1784 817 1829 in
841 1782 1030 1842 primo,
1069 1782 1190 1841 quia
1222 1782 1361 1827 veri¬

349 1864 431 1908 tas
461 1861 566 1907 ista
592 1860 829 1907 revelata
851 1871 955 1904 non
983 1859 1062 1903 est
1100 1855 1361 1903 sufficien¬

347 1939 431 1983 ter
457 1936 768 1982 inclinativa
788 1933 1089 1982 intellectus
1105 1933 1166 1979 ad
1187 1946 1363 1979 assen¬

350 2012 388 2058 ti
396 2013 583 2058 endum
637 2012 752 2062 sibi,
800 2013 851 2058 et
908 2009 985 2056 ita
1035 2012 1116 2056 est
1166 2009 1360 2069 impro-

351 2087 652 2147 portionale
697 2099 874 2146 agens,
918 2088 969 2132 et
1009 2098 1226 2144 passum
1263 2084 1360 2131 sibi

348 2162 846 2224 improportionale.
881 2161 976 2208 Sed
997 2172 1158 2218 agens
1181 2174 1361 2220 super-

347 2240 595 2288 naturale
627 2241 705 2286 est
742 2238 1068 2290 sufficienter
1102 2237 1359 2284 inclinati¬

344 2330 468 2361 vum
514 2315 814 2363 intellectus
861 2314 922 2360 ad
955 2313 1116 2359 istam
1165 2314 1358 2360 verita¬

344 2393 469 2445 tem,
520 2391 781 2438 causando
809 2390 863 2434 in
909 2389 1023 2447 ipso
1062 2401 1353 2441 assensum,

348 2481 448 2527 quo
489 2467 939 2528 proportionatur
966 2465 1086 2511 huic
1117 2465 1353 2516 veritati,

348 2544 424 2591 ita
471 2545 603 2603 quod
643 2558 748 2590 non
777 2545 988 2602 oportet
1027 2542 1357 2589 intellectum

346 2635 440 2680 per
461 2622 600 2667 aliud
623 2619 1028 2680 proportionari
1049 2619 1144 2666 tali
1160 2618 1354 2677 agenti,

344 2711 438 2743 nec
464 2697 657 2753 formae;
682 2698 744 2742 ab
771 2697 885 2756 ipso
910 2695 1200 2754 impressae,
1219 2695 1354 2741 sicut

346 2775 557 2832 oportet
599 2773 772 2832 ipsum
818 2771 1222 2831 proportionari
1262 2771 1356 2818 tali

344 2848 548 2907 objecto
600 2862 694 2908 per
753 2848 892 2895 aliud
954 2847 1150 2906 duplici
1204 2848 1355 2893 modo

342 2923 614 2982 praedicto.

631 3090 1061 3133 COMMENTARIUS.

405 3216 461 3274 (a)
494 3217 562 3259 Ad
606 3219 793 3269 tertium,
825 3224 903 3260 etc.
940 3219 991 3259 Et
1023 3217 1158 3272 primo
1186 3216 1356 3259 adducit

345 3293 644 3349 responsiones
674 3292 972 3348 quorumdam,
1004 3299 1045 3334 et
1072 3292 1258 3334 secundo
1286 3292 1355 3334 dat

340 3370 660 3425 responsionem
689 3368 918 3424 propriam.
956 3368 1097 3409 Prima
1130 3368 1353 3423 responsio

337 3452 401 3487 est
445 3444 613 3488 Henrici
652 3446 700 3486 in
739 3446 932 3495 Summa,
976 3443 1046 3499 qui
1086 3443 1202 3495 dicit,
1239 3443 1350 3499 quod

335 3521 471 3575 prima
512 3520 719 3577 principia
747 3527 911 3562 tantum
935 3527 1114 3575 possunt
1147 3519 1351 3575 applicari

336 3595 386 3637 ad
442 3596 738 3638 conclusiones
788 3594 1031 3637 sensibiles.
1079 3597 1201 3646 Tum,
1252 3595 1349 3650 quia

334 3672 505 3715 termini
532 3686 679 3715 eorum
713 3679 810 3714 sunt
843 3671 1043 3713 abstracti
1082 3684 1104 3713 a
1137 3671 1350 3714 sensibili¬

1439 414 1532 465 bus,
1564 427 1658 456 nam
1691 429 1766 470 pro
1787 422 1895 458 statu
1919 414 2000 457 isto
2033 411 2270 456 intellectus
2305 420 2446 454 noster

1438 498 1599 533 tantum
1634 491 1939 533 determinatur
1960 490 2010 532 ad
2042 489 2272 538 sensibilia,
2298 487 2365 529 vel
2392 486 2442 529 ad

1440 564 1603 608 inclusa
1622 565 1875 618 virtualiter,
1899 565 1966 607 vel
1993 564 2276 607 essentialiter
2296 562 2337 604 in
2365 563 2440 611 eis,

1441 647 1484 682 ut
1517 641 1642 683 etiam
1671 641 1762 684 vult
1788 644 1938 684 Scolus
1966 640 2074 683 infra
2095 640 2136 682 d.
2177 644 2219 695 3.
2255 654 2295 695 q.
2322 641 2363 681 3.
2396 639 2446 680 Et

1439 716 1500 757 sic
1539 717 1745 760 Hernicus
1789 717 1945 760 diceret
1989 717 2039 759 ad
2074 716 2296 765 minorem,
2334 713 2445 770 quod

1439 792 1685 835 naturaliter
1711 793 2010 848 cognoscimus
2050 792 2185 847 prima
2222 790 2442 846 principia,

1439 868 1599 910 scilicet
1621 868 1705 920 illa,
1731 881 1909 925 quorum
1937 867 2106 910 termini
2128 867 2324 909 abstracti
2347 872 2446 908 sunt

1439 956 1461 985 a
1488 945 1777 988 sensibilibus.

1496 1019 1556 1074 (b)
1580 1020 1757 1070 Contra,
1787 1027 1865 1062 etc.
1901 1021 1973 1060 Ilie
1998 1019 2138 1074 arguit
2170 1021 2320 1060 Poetor
2347 1030 2445 1061 con¬

1438 1100 1499 1135 tra
1529 1094 1754 1138 Henricum
1777 1094 2010 1151 probando,
2035 1093 2143 1150 quod
2162 1094 2297 1149 prima
2325 1094 2442 1148 prin¬

1439 1169 1547 1224 cipia
1576 1171 1701 1212 etiam
1737 1171 1825 1212 veri
1834 1170 2013 1212 fleantur
2033 1169 2084 1211 de
2106 1169 2441 1219 insensibilibus,

1438 1253 1478 1285 et
1507 1251 1619 1300 patet
1659 1245 1701 1286 in
1736 1245 1891 1295 littera,
1935 1243 2007 1286 sed
2036 1257 2109 1299 pro
2149 1257 2231 1299 quo
2269 1242 2443 1286 instanti

1437 1320 1631 1363 dicantur
1680 1319 2004 1363 contradictoria
2034 1320 2073 1360 in
2124 1322 2223 1371 Deo,
2277 1333 2329 1361 an
2372 1332 2446 1376 pro

1438 1398 1611 1440 instanti
1654 1397 1922 1448 aeternitatis,
1972 1397 2039 1438 vel
2097 1397 2327 1452 temporis,
2378 1395 2446 1438 vel

1437 1480 1615 1523 naturae,
1660 1472 1725 1514 vel
1751 1472 1930 1528 originis
1949 1487 1957 1521 ;
2000 1471 2097 1514 vide
2117 1485 2212 1528 quae
2240 1471 2379 1513 notavi
2402 1471 2449 1512 in

1437 1548 1477 1590 2.
1502 1548 1602 1592 dist.
1634 1551 1674 1590 2.
1704 1549 1755 1590 de
1782 1557 1978 1591 mensura
2005 1548 2281 1604 Angelorum,
2313 1556 2353 1589 et
2380 1546 2447 1589 vi¬

1437 1624 1555 1666 debis
1578 1625 1709 1666 mulla
1731 1625 1839 1666 bona
1867 1631 1907 1666 et
1929 1623 2212 1679 ponderanda.

1497 1701 1593 1742 Dico
1618 1708 1761 1742 tamen
1790 1713 1936 1751 unum.,
1962 1699 2073 1755 quod
2096 1700 2130 1742 si
2159 1699 2364 1742 Henricus
2386 1699 2444 1741 in-

1435 1775 1612 1830 telligat,
1640 1776 1751 1832 quod
1779 1790 1853 1831 per
1884 1778 2018 1830 prima
2048 1775 2253 1831 principia
2280 1775 2350 1817 via
2372 1788 2445 1817 na¬

1436 1852 1559 1893 turali
1597 1859 1759 1893 tantum
1794 1858 1971 1907 possunt
1997 1851 2095 1894 sciri
2131 1851 2443 1902 conclusiones,

1437 1927 1661 1969 sensibiles
1707 1928 1881 1983 supple,
1929 1941 2107 1982 quorum
2144 1928 2330 1979 termini,
2380 1927 2447 1971 vel

1437 2011 1536 2045 sunt
1558 2003 1600 2044 in
1631 2017 1676 2046 se
1710 2003 1940 2045 formaliter
1972 2003 2196 2045 sensibiles
2221 2018 2230 2046 :
2260 2003 2326 2045 vel
2364 2003 2448 2045 vir¬

1436 2078 1620 2128 tualiter,
1668 2078 1734 2122 vel
1783 2078 2065 2121 essentialiter
2091 2078 2362 2121 continentur
2406 2080 2447 2121 in

1434 2155 1725 2207 sensibilibus,
1764 2156 1873 2211 quod
1921 2154 2125 2197 Henricus
2163 2155 2270 2197 bene
2308 2154 2409 2197 dicit
2434 2169 2442 2205 ;

1434 2245 1511 2273 nec
1532 2230 1572 2272 in
1600 2231 1680 2272 hoc
1706 2233 1857 2273 Doctor
1895 2230 2168 2285 reprehendit
2195 2230 2440 2281 Henricum,

1434 2308 1532 2364 quia
1575 2314 1615 2349 et
1650 2307 1741 2362 ipse
1768 2309 1920 2349 Doctor
1946 2320 2147 2362 expresse
2186 2307 2292 2359 vult,
2332 2307 2443 2364 quod

1433 2398 1507 2440 pro
1534 2391 1645 2426 statu
1669 2383 1747 2425 isto
1768 2390 1932 2426 tantum
1965 2396 2274 2439 cognoscamus
2307 2383 2445 2427 sensi¬

1432 2460 1547 2512 bilia,
1583 2459 1650 2501 vel
1674 2459 1716 2500 in
1753 2472 1799 2500 se
1829 2458 2080 2511 formaliter,
2105 2458 2174 2501 vel
2197 2473 2294 2515 quae
2315 2458 2449 2501 conti¬

1431 2544 1585 2579 nentur
1611 2534 1865 2585 virtualiter,
1895 2535 1962 2578 vel
1990 2534 2273 2578 essentialiter
2295 2534 2336 2576 in
2357 2548 2452 2577 sen¬

1431 2613 1645 2655 sibilibus.
1672 2613 1832 2655 Sivero
1855 2612 2062 2654 Henricus
2086 2611 2310 2667 intelligat,
2336 2610 2448 2667 quod

1432 2690 1567 2744 prima
1588 2688 1795 2744 principia
1816 2687 1931 2730 nullo
1959 2687 2083 2729 modo
2105 2694 2284 2743 possunt
2311 2686 2447 2742 appli¬

1430 2765 1514 2807 cari
1544 2765 1880 2815 insensibilibus,
1906 2763 2116 2819 loquendo
2149 2763 2200 2805 de
2228 2763 2443 2805 intellectu

1431 2847 1575 2882 nostro
1597 2854 1648 2882 ex
1670 2848 1818 2882 natura
1842 2838 2094 2892 intellectus,
2120 2838 2200 2880 hoc
2216 2845 2328 2895 patet
2349 2851 2443 2880 esse

1430 2915 1599 2967 falsum,
1624 2929 1720 2958 cum
1750 2915 1991 2958 intellectus
2023 2921 2167 2957 noster
2199 2928 2251 2956 ex
2293 2922 2441 2956 natura

1429 2991 1685 3042 intellectus,
1728 2991 1864 3045 possit
1897 2989 2146 3032 naturaliter
2183 3001 2443 3044 cognoscere

1429 3066 1560 3109 multa
1578 3066 1840 3109 insensibilia
1858 3073 1896 3108 et
1912 3064 2220 3118 immaterialia,
2242 3072 2286 3106 ut
2307 3065 2445 3107 subti¬

1427 3142 1522 3184 liter
1567 3150 1680 3197 patet
1720 3142 1828 3184 infra
1873 3155 1894 3184 a
1938 3141 2113 3183 Doctore
2164 3141 2356 3183 distinet.
2397 3143 2438 3184 3.

1428 3226 1574 3274 queest.
1606 3222 1645 3260 3.
1672 3225 1711 3260 et
1740 3218 1796 3260 ibi
1819 3217 1974 3259 diffuse
1994 3216 2200 3272 glossavi.
2243 3216 2286 3258 Si
2314 3216 2440 3258 etiam

1426 3294 1623 3349 loquatur
1644 3293 1695 3335 de
1717 3293 1933 3335 intellectu
1956 3299 2099 3333 nostro
2116 3306 2191 3347 pro
2213 3299 2322 3334 statu
2341 3292 2438 3343 isto,

1427 3367 1538 3423 quod
1561 3381 1643 3409 non
1673 3368 1808 3423 possit
1827 3366 2039 3423 applicare
2073 3368 2208 3422 prima
2230 3367 2439 3423 principia

1425 3442 1770 3484 conclusionibus
1829 3441 2195 3493 immaterialibus,
2257 3456 2436 3498 quarum

1425 3519 1594 3560 termini
1617 3532 1700 3560 non
1722 3518 1932 3560 habentur
1960 3517 2118 3560 virtute
2147 3518 2431 3571 sensibilium,

1426 3594 1465 3635 id
1489 3601 1552 3636 est
1586 3593 1667 3636 nisi
1702 3593 1872 3635 termini
1902 3592 1960 3634 illi
1989 3594 2168 3648 praecise
2199 3594 2437 3636 habeantur

1424 3670 1583 3712 virtute
1603 3669 1884 3721 sensibilium,
1912 3669 1968 3711 ita
1994 3669 2104 3724 quod
2128 3670 2162 3711 si
2200 3670 2258 3711 illi
2288 3677 2350 3712 ter
2355 3670 2436 3713 mi-
