2653 3979
230 307 286 359 ni,
309 314 408 362 puta
435 308 562 364 hujus
582 307 868 350 conclusionis
892 308 1003 349 Deus
1023 315 1082 349 esi
1105 308 1246 349 trinus

228 390 266 424 et
292 396 418 433 unus,
443 390 806 439 cognoscerentur
827 382 1042 432 distincte,
1080 397 1154 438 per
1181 396 1244 424 re¬

226 458 484 501 velationem
534 466 673 500 tamen
709 458 858 512 adjuti,
899 458 1040 501 adhuc
1072 459 1241 500 conclu¬

227 534 336 576 sioni
364 533 433 575 tali
461 547 542 576 non
573 548 797 589 possemus
819 535 1032 590 applicare
1056 534 1241 588 primum

226 608 500 664 principium,
528 616 628 664 puta
656 609 751 661 hoc,
782 610 853 651 aut
892 610 1003 651 Deus
1023 616 1082 650 est
1104 610 1243 651 Irinus

224 692 262 726 et
297 698 421 736 unus,
452 692 523 727 aut
551 699 651 738 non,
688 685 799 742 quod
838 684 1047 740 dependet
1080 685 1131 726 ab
1161 684 1241 726 isto

228 761 290 801 De
304 760 504 815 quolibet,
524 767 602 803 etc.
623 768 722 803 tunc
737 761 841 803 ratio
863 759 1051 802 Doctoris
1072 760 1241 802 eviden¬

224 843 288 878 ter
336 837 552 879 concludit
593 845 736 880 contra
778 837 1021 888 Henricum,
1059 837 1158 892 quia
1203 838 1239 880 si

222 913 333 954 Deus
367 913 575 956 revelaret
605 913 708 954 mihi
737 913 936 955 distincte
964 911 1168 954 Deitatem
1199 918 1239 954 et

178 998 203 1009 "
222 988 506 1044 proprietates
541 988 691 1044 ipsius,
724 988 864 1031 statim
906 1001 1074 1043 possem
1102 987 1238 1042 appli¬

220 1076 316 1105 care
337 1063 505 1119 aliquod
528 1063 714 1120 primum
744 1063 1016 1119 principium.
1050 1065 1105 1104 De
1143 1062 1236 1118 lege

222 1145 366 1181 tamen
395 1140 630 1188 communi,
661 1148 706 1180 ut
727 1152 853 1194 supra
881 1139 985 1190 dixi,
1017 1137 1142 1180 etiam
1177 1138 1236 1180 lo¬

222 1215 391 1271 quendo
448 1216 500 1258 de
552 1215 782 1271 Theologia
834 1216 1033 1264 revelata,
1101 1215 1236 1270 prima

223 1291 433 1348 principia
454 1299 618 1333 tantum
642 1298 820 1346 possunt
846 1291 1048 1347 applicari
1071 1292 1237 1334 conclu¬

220 1366 430 1417 sionibus,
451 1379 628 1421 quarum
648 1365 818 1408 termini
842 1367 1053 1409 habentur
1074 1381 1125 1409 ex
1147 1378 1238 1408 sen¬

226 1441 441 1483 sibilibus.

234 1607 297 1636 sio
320 1598 585 1650 Praepositivi
609 1603 734 1650 parte
757 1609 905 1651 prima
936 1596 1137 1645 Summae,
1169 1608 1241 1650 qui

233 1677 348 1723 dicit,
398 1676 508 1728 quod
562 1687 744 1727 primum
780 1685 1034 1727 principium
1077 1679 1239 1714 tantum

227 1755 363 1801 potest
384 1748 582 1803 applicari
613 1748 757 1790 decem
779 1748 1012 1790 Generibus
1052 1747 1120 1789 vel
1140 1761 1242 1790 con¬

220 1824 350 1867 tentis
392 1824 435 1866 in
463 1826 538 1876 eis,
571 1825 674 1880 quia
713 1825 1001 1868 communitas
1041 1825 1237 1880 principii

219 1900 404 1944 sumitur
429 1915 451 1943 a
483 1901 787 1943 communitate
831 1901 1132 1944 terminorum.
1156 1901 1234 1944 Sed

218 1977 429 2019 terminus
469 1977 594 2032 primi
647 1977 860 2033 principii,
909 1978 1020 2034 quod
1061 1986 1125 2020 est
1161 1992 1235 2020 ens

218 2054 331 2111 (cum
350 2053 533 2096 dicimus
555 2053 607 2095 de
640 2053 829 2109 quolibet
850 2061 946 2095 ente
968 2054 1120 2096 dicitur
1141 2067 1235 2097 esse

218 2130 285 2171 vel
320 2143 402 2171 non
442 2128 553 2187 esse)
592 2131 704 2186 quod
749 2137 912 2172 tantum
947 2129 1152 2172 dividitur
1192 2131 1232 2172 in

217 2206 361 2249 decem
395 2208 568 2249 Genera.

295 1516 350 1575 (c)
369 1518 423 1559 Et
441 1517 554 1573 quod
573 1518 749 1569 dicitur,
772 1525 851 1560 etc.
874 1521 972 1561 Haec
991 1525 1243 1573 estrespon-

277 2282 338 2339 (d)
361 2284 446 2325 Hoc
471 2284 587 2326 nihil
613 2284 742 2334 valet,
764 2291 843 2326 etc.
876 2286 974 2326 Haec
995 2291 1136 2325 tamen
1164 2296 1231 2324 re¬

220 2359 395 2414 sponsio
423 2359 548 2401 debet
568 2360 721 2414 exponi
744 2359 853 2402 sicut
879 2360 1101 2416 responsio
1123 2361 1232 2403 Hen-

222 2436 312 2478 rici.
351 2436 528 2481 Certum
563 2442 627 2478 est
665 2435 777 2478 enim
806 2436 917 2491 quod
954 2436 1024 2478 via
1051 2437 1231 2479 naturali

222 2525 304 2554 non
347 2525 576 2567 possumus
616 2511 827 2567 applicare
854 2512 1100 2568 hujusmodi
1133 2527 1231 2556 con¬

222 2587 464 2630 tradictoria
508 2590 606 2640 Deo,
656 2601 753 2630 cum
795 2600 878 2628 non
922 2601 1232 2644 cognoscamus

221 2664 359 2718 ipsum
385 2664 426 2705 in
465 2678 535 2714 se,
574 2663 682 2706 bene
720 2664 780 2706 sic
810 2671 991 2718 possunt
1029 2664 1232 2720 applicari

221 2737 455 2780 dubitando
485 2738 537 2780 de
561 2738 703 2794 aliquo
730 2746 842 2789 ente,
884 2752 935 2780 an
964 2738 1018 2781 sit
1044 2739 1228 2791 beatum,

222 2829 273 2857 an
299 2827 380 2855 non
404 2814 589 2865 beatum,
620 2822 659 2856 et
688 2814 758 2857 isti
781 2814 951 2856 termini
984 2815 1236 2857 abstrahun¬

224 2899 293 2932 tur
324 2903 344 2931 a
379 2889 672 2932 sensibilibus.

287 2966 343 3023 (e)
381 2966 484 3008 Alia
503 2966 634 3008 clalur
666 2967 886 3022 responsio
899 3000 906 3007 .
943 2970 1040 3009 Haec
1066 2975 1131 3009 est
1169 2981 1237 3010 re¬

228 3040 401 3096 sponsio
422 3040 618 3083 Gulielmi
639 3041 840 3082 Varronis
864 3041 936 3083 lib.
966 3045 1003 3082 i.
1029 3049 1174 3096 qucest.
1194 3045 1234 3084 5.

224 3117 295 3172 qui
340 3116 456 3168 dicit,
487 3115 597 3171 quod
632 3130 684 3158 ex
711 3116 944 3172 majoribus
977 3116 1112 3159 solum
1154 3131 1237 3160 non

222 3198 462 3247 sequuntur
488 3191 801 3242 conclusiones,
827 3192 900 3234 sed
928 3206 1023 3234 cum
1058 3193 1237 3235 minori¬

223 3268 299 3309 bus
327 3267 559 3322 adjunctis.
601 3268 680 3309 Sed
711 3269 895 3310 minores
926 3280 1007 3309 non
1035 3277 1133 3309 sunt
1161 3282 1237 3310 na¬

222 3342 415 3384 turaliter
443 3343 698 3395 manifestae,
728 3357 824 3400 quae
857 3343 1011 3385 debent
1040 3343 1121 3385 illis
1150 3358 1236 3385 ma¬

218 3418 388 3475 joribus
416 3419 608 3475 adjungi.

282 3493 332 3550 (f)
362 3496 513 3537 Contra
541 3496 683 3550 arguit
717 3498 867 3538 Doctor
899 3496 906 3536 :
944 3496 1132 3537 Minores
1166 3510 1234 3538 su¬

227 3569 392 3612 mendae
417 3570 491 3614 sub
523 3571 682 3627 primis
711 3571 961 3626 principiis,
989 3571 1234 3627 praedicant

1318 307 1370 348 de
1402 306 1584 362 sumptis
1605 305 1680 348 sub
1712 306 1918 348 terminos
1938 305 2145 362 subjectos
2170 305 2334 359 primo¬

1316 396 1413 424 rum
1432 382 1769 437 principiorum,
1796 380 1836 422 id
1857 387 1936 432 est,
1973 378 2087 435 quod
2109 377 2334 434 subjicitur

1318 456 1359 497 in
1389 456 1553 512 majori,
1580 455 1835 512 praedicatur
1858 455 1897 496 in
1929 454 2098 505 minori,
2124 461 2169 495 ut
2196 453 2290 495 haec
2317 469 2325 496 :

1319 531 1375 571 De
1403 530 1591 587 quolibet
1624 539 1720 573 ente
1758 543 1907 572 verum
1937 537 2000 571 est
2039 529 2178 571 dicere
2217 527 2329 582 quod

1316 612 1393 656 est,
1432 605 1501 648 vel
1548 619 1630 648 non
1674 611 1753 648 est.
1790 605 1870 647 Sed
1909 617 2034 646 omne
2067 603 2222 646 animal
2266 609 2330 644 est

1315 694 1415 731 ens;
1458 694 1559 736 ergo
1587 681 1638 724 de
1664 681 1851 737 quolibet
1876 679 2046 722 animali
2086 692 2234 721 verum
2265 684 2329 720 est

1314 756 1455 800 dicere
1487 758 1597 814 quod
1638 765 1716 811 est,
1749 757 1815 799 vel
1851 769 1933 798 non
1973 761 2055 797 est.
2091 755 2142 795 Et
2167 751 2228 794 sic
2259 766 2326 807 pa¬

1314 839 1386 883 tet,
1412 834 1523 890 quod
1546 835 1579 876 si
1604 833 1787 889 primum
1812 831 2067 888 principium
2091 829 2145 871 sit
2179 835 2322 870 notum

1314 912 1578 961 naturaliter,
1640 907 1752 964 quod
1796 907 1922 949 etiam
1969 907 2172 954 minores,
2227 915 2322 957 quae

1313 990 1640 1036 subsumuntur,
1658 990 1782 1026 erunt
1804 989 1916 1023 notae
1940 977 2202 1028 naturaliter,
2227 989 2322 1018 cum

1312 1072 1458 1108 notum
1505 1062 1575 1112 sit,
1618 1059 1823 1103 terminos
1852 1056 2083 1113 primorum
2118 1052 2324 1108 principi¬

1311 1155 1432 1185 orum
1455 1138 1536 1181 dici
1560 1137 1611 1179 de
1639 1135 1842 1191 quolibet,
1867 1131 1964 1189 quia
2000 1138 2100 1172 sunt
2131 1142 2322 1171 commu¬

1312 1215 1494 1261 nissimi.

1368 1291 1430 1350 (g)
1455 1291 1549 1333 Ideo
1570 1287 1820 1345 respondeo.
1847 1288 1966 1329 Nunc
1988 1287 2136 1327 Doctor
2169 1282 2238 1324 dat
2259 1295 2319 1323 re¬

1312 1367 1583 1426 sponsionem
1624 1364 1853 1420 propriam,
1896 1359 2164 1403 concedendo
2193 1359 2322 1414 majo¬

1315 1460 1404 1488 rem
1432 1443 1626 1488 absolute
1651 1449 1691 1484 et
1733 1440 1912 1496 primam
1942 1445 2103 1493 partem
2128 1434 2322 1485 minoris,

1318 1520 1512 1577 negando
1539 1516 1768 1561 secundam
1792 1522 1954 1571 partem
1977 1511 2170 1554 minoris.

1375 1596 1437 1653 (h)
1483 1595 1550 1636 Ad
1592 1592 1892 1649 probationem
1935 1589 2050 1630 dico.
2091 1586 2326 1641 Responsio

1317 1680 1399 1716 stat
1433 1671 1474 1713 in
1502 1671 1596 1720 hoc,
1620 1667 1730 1725 quod
1760 1680 1812 1708 ex
1839 1679 1922 1722 quo
1943 1663 2152 1706 terminus
2176 1661 2328 1718 praedi¬

1315 1754 1434 1789 catus
1467 1745 1509 1786 in
1544 1743 1679 1799 primo
1709 1738 1916 1796 principio
1938 1745 2002 1780 est
2029 1735 2328 1779 communissi¬

1316 1836 1424 1873 mus,
1457 1820 1549 1862 ideo
1569 1819 1728 1861 virtute
1754 1814 1880 1871 primi
1904 1813 2118 1869 principii,
2143 1811 2194 1854 de
2221 1825 2325 1868 quo¬

1312 1900 1414 1941 libet
1452 1897 1643 1952 subjecto
1664 1896 1862 1936 contento
1884 1891 1962 1934 sub
1983 1890 2174 1945 subjecto
2197 1888 2323 1944 primi

1311 1973 1525 2031 principii,
1566 1969 1841 2014 verificantur
1875 1967 2102 2023 praedicata
2135 1979 2323 2008 commu¬

1308 2051 1376 2093 nia
1433 2049 1544 2092 dicta
1587 2048 1639 2090 de
1683 2046 1874 2102 subjecto
1920 2042 2047 2098 primi
2106 2041 2319 2098 principii,

1307 2125 1491 2182 exempli
1537 2124 1673 2180 gratia
1723 2122 1730 2163 :
1769 2122 1830 2163 De
1863 2119 2048 2176 quolibet
2075 2125 2170 2161 ente
2214 2118 2322 2160 dici¬

1308 2211 1379 2246 tur
1416 2216 1504 2246 esse
1549 2201 1615 2243 vel
1654 2213 1741 2242 non
1786 2211 1874 2239 esse
1893 2211 1900 2247 ;
1933 2195 2007 2238 sed
2052 2195 2209 2238 animal
2260 2201 2325 2236 est

1305 2293 1404 2329 ens;
1428 2290 1530 2332 ergo
1562 2276 1613 2318 de
1639 2272 1810 2317 animali
1844 2271 1999 2315 dicitur
2031 2284 2125 2313 esse
2150 2270 2217 2312 vel
2240 2283 2324 2311 non

1307 2369 1416 2398 esse.
1441 2355 1532 2396 Non
1568 2351 1679 2393 enim
1713 2349 1871 2391 virtute
1892 2347 1987 2390 talis
2026 2346 2223 2402 principii
2252 2359 2324 2401 po¬

1304 2439 1388 2473 test
1431 2427 1626 2473 concludi
1673 2425 1814 2481 aliqua
1858 2423 2094 2480 proprietas
2148 2422 2324 2464 inferior

1305 2506 1535 2561 praedicato
1562 2501 1688 2558 primi
1716 2499 1931 2556 principii,
1971 2505 2017 2541 ut
2055 2504 2171 2553 puta,
2210 2497 2322 2553 quod

1308 2585 1363 2627 sit
1395 2581 1597 2626 sensibile
1623 2579 1690 2622 vel
1724 2579 1886 2629 vivens,
1918 2582 1958 2618 et
1980 2573 2250 2631 hujusmodi;
2281 2581 2322 2616 et

1307 2659 1418 2714 quod
1440 2664 1603 2700 tantum
1648 2653 1876 2711 praedicata
1907 2648 2164 2700 communia,
2211 2648 2322 2691 dicta

1308 2736 1359 2777 de
1392 2734 1584 2789 subjecto
1606 2730 1731 2787 primi
1760 2727 1974 2785 principii,
2005 2726 2169 2782 possint
2208 2725 2319 2767 veri-

1310 2809 1426 2851 ficari
1454 2807 1505 2849 de
1550 2805 1738 2862 quolibet
1782 2809 1979 2845 contento
2017 2801 2096 2842 sub
2130 2799 2321 2854 subjecto

1310 2885 1436 2941 primi
1477 2881 1691 2938 principii,
1720 2879 1905 2922 ostendit
1945 2877 2108 2919 ratione
2148 2876 2156 2923 :
2211 2876 2324 2923 Quia

1312 2961 1502 3004 medium
1527 2972 1614 3001 non
1637 2963 1776 3014 potest
1808 2970 1895 2997 esse
1918 2960 2097 3009 propter
2118 2951 2223 3008 quid
2254 2965 2324 2992 re¬

1310 3044 1454 3093 spectu
1484 3034 1720 3091 passionis,
1745 3039 1824 3074 etc.
1855 3031 1966 3074 sicut
1994 3036 2104 3085 patet
2132 3028 2183 3069 de
2224 3027 2323 3068 risi-

1312 3114 1488 3163 bilitate,
1515 3124 1610 3167 quae
1632 3110 1947 3152 demonstratur
1980 3105 2032 3147 de
2051 3103 2225 3146 homine
2253 3116 2326 3158 per

1312 3189 1532 3239 rationale,
1579 3187 1620 3229 in
1650 3199 1733 3241 quo
1767 3182 2006 3226 virtualiter
2032 3188 2073 3222 et
2105 3179 2324 3234 adaequate

1312 3264 1558 3308 includitur.
1590 3262 1670 3304 Sed
1692 3267 1854 3302 certum
1882 3265 1945 3300 est
1965 3256 2077 3312 quod
2099 3256 2141 3297 in
2163 3255 2324 3296 ratione

1311 3340 1491 3397 subjecti
1525 3336 1723 3394 principii
1749 3332 2104 3382 communissimi,
2143 3344 2226 3372 non
2254 3330 2321 3370 in¬

1308 3416 1493 3460 cluditur
1533 3421 1704 3470 propter
1733 3412 1834 3467 quid
1878 3410 2018 3465 aliqua
2052 3407 2193 3465 passio
2228 3420 2317 3462 par¬

1307 3492 1510 3542 ticularis,
1530 3491 1602 3533 sed
1630 3496 1792 3531 tantum
1815 3485 2189 3533 communissima;
2208 3483 2318 3525 sicut

1307 3570 1431 3612 etiam
1454 3568 1496 3610 in
1535 3568 1697 3609 ratione
1723 3564 1935 3615 animalis,
1968 3574 2049 3603 non
2086 3559 2315 3602 includitur
