2624 3950
850 546 938 624 E.
986 546 1064 624 P.
1110 548 1190 626 F.
1232 546 1654 627 JOANNIS

221 733 1065 899 DUNS
1325 736 1421 900 S
1541 736 1645 900 C
1765 748 1889 893 0
2049 741 2081 893 I
2229 741 2297 897 I

355 1017 785 1068 DOCTORIS
849 1020 1253 1084 SUBTILIS,
1311 1019 1671 1069 ORDINIS
1727 1019 2157 1078 MINORUM,

995 1175 1521 1258 QUESTIONES

221 1340 335 1433 IN
401 1339 835 1433 LIBRUM
909 1342 1357 1434 PRIMUM
1427 1340 2297 1433 SENTENTIARUM

217 1559 319 1594 CUM
356 1560 729 1593 COMMENTARIIS
763 1560 793 1591 R
796 1559 829 1576 MI
873 1562 911 1593 P.
957 1546 997 1593 F.
1041 1545 1398 1594 FRANCISCI
1441 1544 1734 1593 LYGHETI
1776 1560 2065 1605 BRIXIENSIS,
2104 1561 2303 1594 ORDINIS

632 1624 866 1656 MINORUM
904 1625 1013 1657 REO.
1051 1626 1150 1658 OBS.
1178 1625 1300 1658 OLIM
1336 1625 1558 1658 MINISTRI
1595 1624 1882 1663 GENERALIS,

216 1786 276 1817 ET
317 1785 671 1817 SUPPLEMENTO
713 1786 757 1817 R.
801 1788 841 1818 P.
886 1771 927 1818 F.
970 1770 1260 1820 JOANNIS
1304 1772 1531 1820 PONGII
1568 1788 1790 1832 HIBERNI,
1829 1788 2053 1820 EJUSDEM
2090 1787 2302 1832 ORDINIS,

298 1850 349 1882 IN
387 1850 629 1882 COLLEGIO
666 1849 868 1883 ROMANO
905 1851 1233 1883 HIBERNORUM
1272 1852 1570 1884 THEOLOGUE
1604 1852 1838 1883 PRIMARII
1877 1852 2207 1886 PROFESSORIS.

369 2264 589 2320 CENSURA
616 2265 665 2318 R.
697 2266 744 2319 P.
775 2267 818 2320 F.
851 2265 979 2320 LUCiE
1008 2264 1251 2319 WADDINGI
1279 2265 1414 2320 CIRCA
1444 2265 1824 2322 COMMENTARIOS
1852 2268 2154 2328 OXONIENSES

2413 2431 2440 2461 i.

2370 2471 2459 2502 Inter
2485 2481 2536 2501 re-

278 2423 556 2463 Potissimum
570 2422 647 2462 hoc
669 2422 784 2463 inter
810 2423 927 2464 Scoti
953 2436 1099 2478 opera,
1124 2430 1342 2464 auctorem
1371 2438 1456 2465 non
1477 2430 1566 2466 tam
1585 2425 1634 2466 in
1664 2426 1810 2478 fronte
1827 2430 2024 2482 prcefert,
2061 2445 2189 2485 quam
2216 2433 2310 2486 ipsa

219 2504 299 2532 sua
319 2492 534 2546 dignitate
564 2493 717 2546 refert.
747 2493 1108 2534 Prcestantissimi
1134 2493 1333 2534 Docloris
1361 2494 1407 2534 in
1440 2493 1623 2535 dicendo
1655 2508 1834 2537 acumen
1839 2498 1849 2549 ,
1880 2498 1928 2539 in
1962 2498 2212 2542 disserendo
2242 2515 2306 2541 eo-
2331 2511 2418 2553 liqua
2446 2510 2539 2544 Scoti

215 2563 353 2616 piam,
385 2563 431 2603 in
464 2562 693 2604 asserendo
718 2563 903 2616 pondus,
942 2564 992 2604 in
1014 2562 1251 2618 principiis
1299 2563 1573 2604 stabiliendis
1605 2564 1878 2617 firmitatem,
1921 2568 1971 2609 in
2007 2570 2312 2611 conneclendis
2329 2563 2348 2583 0
2351 2553 2497 2624 ^^
2499 2564 2516 2583 0
2520 2562 2537 2582 *

221 2633 524 2682 constantiam,
552 2647 645 2686 prae
665 2634 846 2689 reliquis
868 2634 1056 2689 ejusdem
1088 2635 1264 2688 scriptis
1297 2636 1375 2676 hoc
1396 2636 1586 2676 maxime
1618 2637 1901 2679 commendat.
1936 2639 2072 2694 Atque
2114 2642 2179 2682 uti
2211 2642 2311 2694 feli-
2372 2638 2489 2668 simum
2497 2657 2503 2665 -

222 2702 388 2744 cissimi
428 2703 594 2757 ingenii
619 2704 936 2746 nobilissimum
967 2712 1157 2760 partum,
1190 2711 1228 2745 et
1260 2705 1542 2760 amplissimas
1567 2705 1778 2747 doctrinas
1812 2709 1960 2761 fertile
2010 2712 2309 2764 seminarium,

222 2785 367 2814 omnes
388 2786 474 2814 non
508 2780 594 2814 tam
613 2775 934 2829 amplectuntur
972 2789 1100 2830 quam
1125 2775 1422 2826 admirantur,
1459 2776 1616 2830 quippe
1643 2777 1756 2830 quod
1780 2780 1968 2831 sparsim
2001 2782 2138 2822 variis
2173 2783 2311 2833 libris,

222 2843 312 2885 sive
344 2844 448 2898 ipse,
476 2846 564 2886 sive
586 2845 669 2886 alii
690 2845 854 2896 docent,
880 2847 952 2888 hic
982 2848 1097 2888 mira
1118 2854 1374 2888 contextura
1408 2848 1474 2889 vel
1508 2848 1664 2889 habent
1685 2848 1846 2902 diffuse
1871 2852 2092 2905 scriptum,
2121 2854 2186 2894 vel
2213 2868 2315 2895 exu

224 2911 396 2954 beranti
450 2915 701 2969 compendio
723 2917 957 2966 collectum,
986 2924 1060 2958 aut
1086 2917 1286 2970 fascundo
1322 2918 1643 2972 principiorum
1678 2919 1776 2959 alvo
1819 2933 2120 2975 compressum.
2162 2923 2317 2979 Negle

225 2982 304 3022 ctis
345 2984 533 3036 proinde
576 2985 680 3025 ciliis
706 2986 824 3027 Scoti
861 2986 1270 3036 elucubrationibus,
1305 2988 1348 3028 in
1377 2988 1488 3028 hanc
1530 2989 1766 3028 universim
1812 2989 2085 3042 incumbunt,
2113 2994 2202 3034 sive
2246 2997 2321 3050 qui

224 3051 520 3108 Philosophice
547 3061 766 3110 praecepta
810 3055 1005 3105 tradunt,
1046 3057 1134 3097 sive
1173 3057 1247 3110 qui
1297 3057 1537 3112 Theologice
1578 3059 1785 3111 mysteria
1826 3069 2171 3114 perscrutantur.
2213 3064 2319 3107 Inde

224 3123 402 3176 facium,
429 3131 472 3165 ut
492 3124 595 3165 ciliis
622 3124 980 3174 delitescentibus,
1013 3125 1100 3165 hcec
1131 3124 1350 3167 duntaxat
1366 3133 1614 3181 praestaret,
1640 3133 1677 3166 et
1697 3127 1920 3181 frequenti
1947 3130 2137 3174 editione
2164 3133 2316 3188 ubique

224 3198 440 3251 prodiret.

282 3270 458 3311 Primus
479 3271 686 3322 omnium,
718 3271 830 3325 quod
850 3272 997 3321 sciam,
1025 3270 1163 3312 ediclit
1200 3270 1343 3312 Veneti
1349 3272 1383 3312 is
1410 3285 1525 3312 anno
1546 3272 1669 3316 1477.
1702 3273 1882 3316 Thomas
1909 3277 2096 3319 Penchet
2122 3281 2322 3324 Eremita

228 3337 573 3394 Augustinianus
606 3342 786 3396 Anglus,
826 3343 873 3383 in
912 3341 1146 3383 Academia
1188 3343 1362 3383 Patavii

229 3407 395 3451 Bellato
440 3411 654 3453 Feltrensi
691 3411 834 3453 Minor
840 3414 915 3464 ita,
958 3413 1030 3466 qui
1054 3412 1244 3465 primum
1271 3412 1446 3453 excudit

233 3488 434 3541 temporis
460 3487 630 3528 ratione
668 3486 807 3528 nitide
828 3493 865 3527 et
886 3493 1083 3528 accurate
1104 3486 1284 3538 facium,
1313 3488 1484 3539 rejectis
1505 3486 1562 3528 ad
1587 3487 1718 3538 finem
1739 3489 1903 3541 spuriis
1923 3489 2237 3545 additionibus,
2263 3496 2329 3537 in-
2377 3512 2552 3538 censuram

338 3568 365 3584 m
433 3572 439 3575 -
461 3569 537 3584 triTt
2218 3577 2226 3587 .
2356 3545 2567 3585 Reportato-

337 3568 435 3602 Tom.
461 3569 549 3601 VIII.
2216 3577 2230 3607 i
2408 3567 2505 3621 Tum.

2423 3300 2462 3332 II.

1335 3343 1349 3383 i
1353 3356 1412 3384 na
1462 3344 1706 3394 Professor,
1760 3344 1961 3397 adjutore
2001 3348 2319 3394 Bartholomceo
2347 3340 2507 3422 prld,it'>
2518 3381 2540 3412 >i

1328 3412 1445 3453 cudit
1474 3413 1633 3454 librum
1672 3414 2050 3463 Reportatorum*.
2091 3420 2179 3459 Pro
2206 3421 2326 3464 illius
2382 3419 2538 3455 Aonibus.

1856 3489 2162 3499 .
2394 3463 2406 3475 *
2427 3465 2513 3496 Vide
