2653 3979
202 1707 1255 1708 p .5. (b) De primo patet, etc. Prima via est
261 351 457 394 suaderet
478 350 619 401 fidem,
673 363 754 405 quo
805 347 928 390 modo
973 345 1178 401 Theologi
1219 345 1270 387 ad

261 426 576 482 persuadendas
596 426 797 468 veritates
818 426 981 480 aliquas
1003 422 1097 465 aliis
1119 421 1269 463 Catho¬

260 501 352 543 licis
409 502 450 544 id
506 501 795 552 credentibus,
844 512 990 542 eorum
1017 495 1272 540 auctoritate

262 585 453 629 utuntur,
490 578 589 632 quia
616 577 696 619 hoc
724 576 864 632 ipsum
899 583 998 625 tam,
1030 580 1102 615 aut
1130 571 1269 627 potius

261 654 397 709 magis
421 653 628 695 incertum
656 660 735 704 est,
761 664 887 708 quam
923 650 1056 704 ipsam
1079 647 1268 702 Scriptu¬

258 742 347 770 ram
372 742 467 771 esse
482 742 660 778 sacram,
686 728 797 783 quod
824 725 1088 782 probandum
1109 724 1264 774 sumit;

258 804 332 846 sed
360 805 425 847 vel
455 812 499 846 ut
520 803 734 860 significet
766 802 995 858 Theologis
1034 813 1073 842 et
1117 800 1266 843 Catho¬

254 879 348 922 licis
393 880 578 922 rationes
628 893 734 936 quas
767 878 936 921 adducit
975 891 1069 920 esse
1112 876 1261 929 bonas,

256 962 399 1010 utpote
415 955 592 998 usitatas
612 954 665 996 ab
687 953 770 996 illis
791 954 1001 1004 Patribus,
1018 953 1085 995 vel
1108 960 1151 994 ut
1190 966 1262 994 au¬

252 1032 460 1081 ctoritate,
504 1045 629 1087 quam
658 1030 859 1073 deberent
886 1029 1078 1072 haeretici
1106 1029 1261 1071 talibus

251 1106 357 1150 viris
387 1114 558 1162 propter
597 1107 833 1149 doctrinam
881 1114 922 1148 et
973 1104 1257 1156 sanctitatem,

252 1195 335 1237 qua
369 1183 448 1224 lide
486 1183 670 1225 humana
711 1189 880 1224 constat
920 1195 993 1224 eos
1019 1181 1253 1224 eminuisse

248 1271 325 1300 suo
353 1266 556 1314 tempore,
584 1259 893 1302 inclinarentur
938 1258 988 1300 ad
1025 1257 1258 1300 assentien-

246 1333 345 1376 dum
365 1350 374 1385 ;
399 1335 461 1378 sic
481 1334 594 1377 enim
614 1336 900 1378 communiter
919 1344 960 1377 et
980 1335 1103 1385 bene,
1129 1334 1256 1376 etiam

248 1408 607 1464 Philosophorum
646 1409 940 1461 Ethnicorum,
977 1409 1133 1466 quibus
1183 1408 1257 1451 lux

249 1482 345 1527 fidei
392 1498 476 1526 non
516 1485 689 1536 affulsit,
729 1485 1053 1528 auctoritatibus
1095 1484 1257 1527 utimur

245 1566 328 1601 tam
352 1573 428 1602 nos
449 1573 575 1616 quam
598 1560 768 1616 ipsimet
792 1559 983 1603 haeretici
1006 1560 1056 1602 ad
1082 1573 1256 1615 persua¬

248 1634 428 1678 dendam
452 1649 578 1692 quam
607 1636 875 1679 intendimus
895 1636 1137 1679 veritatem.

304 1710 364 1767 (b)
400 1713 462 1753 De
484 1714 629 1767 primo
654 1719 772 1768 patet
779 1748 787 1764 ,
809 1721 889 1755 etc.
920 1711 1062 1754 Prima
1088 1712 1156 1754 via
1190 1719 1255 1755 est

250 1786 470 1840 praedictio
510 1788 769 1843 prophetica.
807 1790 857 1830 Ut
898 1787 1161 1843 intelligatur
1187 1788 1254 1830 vis

251 1861 381 1918 hujus
416 1863 698 1918 probationis,
749 1863 1022 1920 proponenda
1058 1871 1124 1906 est
1176 1864 1254 1907 hoc

252 1940 375 1981 modo
406 1953 413 1980 :
444 1940 518 1981 Illa
537 1947 751 1996 scriptura
780 1954 820 1981 in
849 1953 929 1995 qua
958 1942 1136 1995 plurima
1166 1953 1253 1983 me-

241 2027 288 2055 re
314 2014 621 2071 contingentia,
647 2023 688 2057 et
707 2030 804 2072 quae
827 2023 1064 2071 propterea,
1090 2024 1133 2058 ut
1165 2030 1249 2059 non

236 2091 477 2133 habuerunt
498 2105 647 2134 causas
662 2092 827 2147 aliquas
853 2093 1151 2135 antecedentes
1173 2093 1247 2136 de-

231 2166 482 2210 terminatas
502 2167 553 2210 ad
575 2181 623 2210 ea
641 2169 850 2218 ponenda,
872 2168 924 2210 ita
941 2182 1016 2211 nec
1031 2183 1083 2211 ex
1099 2168 1244 2211 termi-

231 2241 310 2292 nis,
325 2255 400 2284 nec
415 2256 468 2284 ex
481 2242 692 2295 discursu,
713 2242 806 2286 sive
818 2257 840 2286 a
856 2243 1004 2299 priori,
1024 2245 1114 2286 sive
1135 2258 1157 2286 a
1174 2258 1243 2299 po¬

225 2317 394 2360 steriori
410 2319 658 2361 naturaliter
672 2319 872 2374 cognosci
887 2327 1093 2376 poterant,
1113 2320 1241 2376 longe

225 2401 454 2450 antequam
470 2395 768 2450 contingerent
796 2395 998 2451 praedicta
1030 2404 1144 2443 sunt,
1174 2406 1239 2439 est

225 2468 435 2512 divinitus
473 2471 658 2513 revelata
684 2479 725 2513 et
750 2479 1064 2527 consequenter
1098 2485 1232 2515 sacra.

224 2545 305 2587 Sed
327 2546 408 2588 tale
439 2553 503 2588 est
543 2560 702 2588 novum
737 2556 778 2589 et
831 2555 954 2589 vetus
990 2551 1236 2590 Testamen¬

222 2629 339 2672 tum;
363 2635 465 2677 ergo
493 2630 557 2664 est
584 2622 803 2678 Scriptura
830 2637 964 2665 sacra.
1000 2625 1131 2679 Major
1152 2624 1233 2665 hu¬

214 2697 286 2752 jus
308 2696 527 2739 discursus
555 2704 683 2752 patet,
721 2699 820 2753 quia
857 2699 974 2741 solus
1013 2702 1139 2752 Deus,
1164 2708 1236 2744 aut

216 2772 283 2814 cui
311 2773 582 2825 revelaverit,
614 2778 755 2829 potest
800 2774 896 2816 talia
938 2775 1232 2831 contingentia

216 2861 562 2904 praecognoscere
587 2857 630 2891 et
662 2849 858 2892 absolute
880 2850 1126 2905 praedicere,
1158 2850 1172 2906 (
1190 2859 1234 2894 ut

216 2936 410 2978 suppono
427 2923 515 2978 jam
549 2938 602 2965 ex
640 2923 707 2974 iis,
739 2937 836 2979 quae
887 2925 1057 2966 tractari
1095 2924 1229 2967 solent

216 2997 260 3039 in
298 2998 475 3040 materia
501 2997 551 3040 de
590 2998 779 3054 Angelis,
808 2999 878 3041 ubi
902 2998 1105 3053 probatur
1152 3012 1229 3042 nec

215 3069 319 3126 ipsis
361 3073 536 3127 Angelis
588 3074 696 3115 hanc
749 3073 991 3116 facultatem
1033 3075 1223 3128 concedi,

212 3148 367 3202 quibus
393 3156 551 3201 tamen,
573 3162 698 3205 quam
715 3149 961 3191 hominibus
983 3150 1076 3191 sine
1093 3151 1222 3194 dubio

210 3222 350 3277 potius
387 3223 560 3265 deberet
586 3223 855 3279 competere)
889 3237 992 3278 ergo
1035 3238 1119 3266 non
1147 3239 1224 3280 po¬

208 3304 346 3339 terant
371 3296 442 3339 illa
487 3297 678 3352 praedici,
706 3297 789 3340 nisi
831 3298 901 3340 illo
931 3300 1146 3342 revelante
1181 3310 1224 3343 et

206 3380 519 3429 consequenter
563 3373 781 3429 Scriptura
826 3373 1050 3417 continens
1114 3376 1218 3419 istas

208 3447 524 3502 praedictiones,
550 3456 613 3490 est
639 3448 689 3490 ab
718 3448 810 3504 ipso
849 3448 1050 3491 revelata.
1082 3450 1221 3493 Minor

207 3530 347 3565 autem
395 3537 478 3565 non
513 3524 657 3566 minus
693 3530 829 3580 patet,
866 3524 964 3580 quia
1007 3525 1050 3566 in
1087 3528 1219 3568 veteri

206 3601 475 3642 Testamento
497 3599 700 3655 praedicta
730 3608 833 3642 sunt
854 3600 1106 3655 clarissime,
1130 3615 1226 3657 quae

1346 353 1570 388 narrantur
1593 345 1632 387 in
1666 359 1790 399 novo,
1833 357 1876 391 ut
1913 352 2165 406 Incarnatio,
2197 355 2356 410 passio,

1345 434 1472 472 mors,
1490 421 1760 476 resurrectio,
1774 427 1964 469 ascensio
1987 428 2157 472 Christi.
2178 433 2220 472 In
2246 444 2356 475 novo

1343 496 1470 539 etiam
1497 498 1642 541 eadem
1665 500 1821 555 passio,
1847 515 1976 554 mors,
2013 506 2286 556 resurrectio,
2312 515 2354 550 et

1343 571 1524 626 plurima
1546 573 1627 615 alia
1654 575 1851 618 similiter
1879 578 2079 633 praedicta
2111 588 2212 623 sunt
2233 589 2354 625 ante¬

1343 660 1468 702 quam
1490 649 1777 704 contigerunt..

1331 1559 1537 1603 Probatur
1551 1564 1822 1613 antecedens,
1853 1573 1943 1608 tum
1968 1568 2064 1624 quia
2094 1569 2129 1610 si
2161 1570 2199 1611 id
2221 1570 2344 1614 fecis¬

1329 1641 1407 1685 set,
1438 1635 1556 1678 daret
1575 1639 1840 1682 occasionem
1865 1655 1946 1684 non
1970 1643 2171 1687 credendi
2194 1645 2247 1688 iis
2269 1648 2343 1702 qui

1329 1720 1616 1765 proponerent
1638 1713 1778 1771 aliqua
1813 1718 1985 1760 nomine
2007 1718 2158 1774 ipsius,
2183 1729 2223 1763 et
2245 1723 2342 1777 qui¬

1329 1786 1407 1828 bus
1446 1788 1536 1843 ipse
1556 1803 1656 1831 vere
1683 1791 1892 1833 revelaret
1915 1793 1982 1834 illa
2003 1808 2011 1844 ;
2050 1808 2146 1837 nam
2170 1810 2218 1838 eo
2248 1797 2340 1852 ipso

1329 1875 1412 1917 quo
1431 1863 1574 1919 aliqua
1594 1863 1699 1907 falsa
1720 1866 1894 1909 nomine
1921 1869 2014 1924 ejus
2032 1880 2332 1925 proponerent,

1328 1938 1477 1981 merito
1517 1940 1612 1995 quis
1659 1949 1802 1996 posset
1846 1943 2040 1986 dubitare
2073 1945 2126 1989 de
2161 1947 2337 2002 quibus¬

1325 2027 1509 2071 cumque
1542 2016 1668 2059 rebus
1714 2018 1766 2059 ab
1807 2018 1910 2073 ipsis
1934 2021 2179 2076 propositis.
2215 2027 2266 2066 Et
2291 2026 2333 2067 in

1322 2090 1402 2133 hoc
1435 2091 1634 2134 fundatur
1656 2094 1767 2149 quod
1789 2094 1891 2136 dicit
1924 2098 2190 2152 Augustinus
2229 2115 2332 2144 con¬

1320 2173 1382 2208 tra
1399 2166 1721 2223 Hieronymum,
1739 2170 1850 2225 quod
1862 2172 1895 2213 si
1914 2186 2043 2215 unum
2061 2176 2327 2219 mendacium

1318 2244 1576 2298 reperiretur
1610 2244 1651 2286 in
1697 2246 1930 2300 Scriptura,
1975 2256 2059 2292 tota
2093 2254 2324 2298 auctoritas

1399 722 1493 765 Alio
1525 724 1652 766 etiam
1701 727 1824 768 modo
1862 736 1904 770 et
1954 729 2062 773 forte
2098 732 2343 787 efficaciori,

1341 803 1479 850 potest
1498 799 1591 840 haec
1612 800 1680 842 via
1703 802 1862 856 urgeri.
1877 803 1949 845 Illa
1971 804 2160 848 doctrina
2182 815 2265 850 tota
2285 817 2349 852 est

2363 901 2369 935 nomine
1340 885 1457 915 sacra
1479 881 1519 915 et
1546 874 1698 917 tradita
1726 876 1938 920 mediante
1963 879 2203 925 assistentia
2248 897 2347 940 spe-

2361 952 2369 983 pr
1337 948 1432 990 ciali
1455 951 1542 1002 Dei,
1568 964 1664 1007 quae
1680 953 1852 996 nomine
1874 954 2008 1010 ipsius
2035 961 2253 1014 proposita
2282 952 2347 1004 est

2361 1029 2368 1064 partl
1336 1024 1387 1065 ab
1410 1024 1461 1067 iis
1483 1027 1746 1081 auctoribus,
1772 1030 1842 1084 qui
1877 1031 2016 1074 futura
2054 1033 2346 1089 praedixerunt

2363 1105 2367 1138 assisten
1338 1099 1379 1140 in
1402 1101 1548 1143 eadem
1571 1102 1763 1146 doctrina
1781 1120 1789 1154 ;
1810 1105 1883 1148 sed
1905 1107 2001 1150 talis
2045 1117 2107 1152 est
2154 1111 2346 1156 doctrina

1334 1175 1565 1231 Scripturae
1584 1193 1593 1228 ;
1612 1187 1818 1235 ergo,etc.
1850 1183 2057 1226 Probatur
2090 1187 2226 1242 major
2246 1188 2345 1243 quia

1335 1264 1417 1292 non
1439 1251 1606 1296 deceret
1626 1256 1756 1298 Deum
1779 1257 1980 1301 assistere
2001 1260 2242 1315 specialiter
2264 1263 2346 1306 illis

1332 1326 1383 1368 ad
1406 1329 1725 1382 praedictionem
1748 1333 2005 1386 futurorum,
2032 1336 2102 1392 qui
2131 1351 2344 1394 propone¬

1331 1410 1427 1445 rent
1458 1405 1599 1460 aliqua
1620 1406 1722 1449 falsa
1751 1408 1878 1451 simul
1901 1425 1997 1453 cum
2021 1412 2091 1453 illa
2131 1414 2340 1469 praedicti¬

1331 1492 1410 1520 one
1428 1481 1599 1523 nomine
1615 1482 1771 1538 ipsius;
1791 1499 1893 1541 ergo
1915 1500 1999 1529 non
2022 1489 2083 1530 sic
2104 1491 2340 1534 concurrit.

1315 2318 1407 2374 ejus
1452 2328 1667 2363 corrueret
1698 2323 1706 2364 :
1761 2323 1960 2366 Admisso
2005 2326 2131 2378 enim,
2184 2327 2321 2378 inquit

1315 2407 1355 2435 in
1389 2397 1566 2451 epistola
1596 2399 1635 2454 8.
1667 2412 1762 2454 quae
1812 2406 1875 2441 est
1910 2402 1959 2443 ad
1990 2400 2316 2459 Hieronymum,

1314 2483 1360 2510 tn
1375 2476 1542 2512 tantum
1573 2479 1847 2515 auctoritatis
1867 2476 2097 2532 fastigium
2122 2480 2320 2533 officioso

1309 2545 1457 2600 aliquo
1488 2547 1729 2600 mendacio,
1755 2550 1880 2591 nulla
1907 2553 2085 2595 illorum
2108 2554 2320 2599 librorum

1305 2621 1527 2674 particula
1555 2624 1791 2666 remanebit
1797 2639 1805 2681 ,
1833 2639 1926 2681 quce
1956 2641 2058 2679 non,
2103 2638 2147 2672 ut
2168 2633 2322 2688 cuique

1307 2694 1526 2738 videbitur
1531 2711 1539 2747 ,
1566 2698 1632 2739 vel
1659 2699 1717 2741 ad
1738 2713 1876 2742 mores
1900 2702 2109 2756 difficilis
2115 2721 2125 2759 ,
2166 2708 2234 2749 vel
2262 2709 2320 2750 ad

1305 2771 1437 2823 fidem
1464 2773 1737 2817 incredibilis
1743 2790 1751 2826 ,
1767 2777 1917 2819 eadem
1934 2781 2314 2833 perniciosissima

1305 2847 1457 2901 regula
1478 2848 1536 2889 ad
1580 2852 1829 2893 mentientis
1856 2856 2046 2896 auctoris
2084 2859 2313 2902 consilium

1305 2920 1585 2978 officiumque
1611 2925 1848 2980 referatur,
1894 2935 1973 2970 etc.
2019 2930 2125 2973 Tum
2165 2933 2308 2984 etiam,

1305 2997 1402 3052 quia
1425 2998 1495 3040 illa
1511 2998 1615 3041 falsa
1634 3010 1809 3055 possent
1821 3005 2037 3047 moraliter
2048 3008 2220 3051 attribui
2237 3012 2315 3051 Do¬

1305 3073 1419 3114 mino
1448 3077 1546 3127 Deo,
1577 3075 1675 3131 quia
1697 3091 1792 3120 cum
1820 3088 1963 3134 posset
1984 3080 2074 3137 ipse
2090 3083 2311 3139 impedire,

1304 3162 1356 3191 ne
1378 3149 1460 3193 ulla
1486 3151 1591 3193 falsa
1618 3152 1746 3195 simul
1773 3168 1870 3196 cum
1907 3158 2022 3199 veris
2073 3161 2313 3213 praedictio¬

1301 3225 1426 3267 nibus
1467 3236 1754 3282 proponerent
1779 3229 1849 3271 isti
1883 3242 2093 3285 auctores,
2144 3244 2186 3278 et
2227 3251 2311 3280 non

1301 3300 1439 3343 solum
1462 3302 1501 3343 id
1542 3316 1626 3344 non
1661 3304 1832 3360 faceret,
1880 3307 1954 3349 sed
1984 3314 2186 3364 praeterea
2238 3327 2313 3368 per

1302 3376 1599 3419 miraculosam
1626 3379 1916 3424 assistendam
1946 3383 1987 3424 in
2026 3385 2310 3438 praedicendis

1300 3451 1454 3494 futuris
1498 3453 1711 3508 aliquibus
1748 3456 1993 3500 conciliaret
2026 3460 2109 3504 illis
2163 3462 2304 3517 fidem,

1300 3534 1502 3583 tanquam
1549 3529 1806 3574 habentibus
1852 3534 2149 3587 particularem
2190 3539 2306 3583 illam

1302 3604 1586 3648 assistendam
1615 3606 1724 3661 ejus,
1745 3609 1895 3651 merito
1910 3619 2083 3665 possent
2104 3613 2303 3671 imputari
