<?xml version="1.0" encoding="UTF-8" standalone="yes"?>
<PcGts xmlns="http://schema.primaresearch.org/PAGE/gts/pagecontent/2013-07-15" xmlns:xsi="http://www.w3.org/2001/XMLSchema-instance" xsi:schemaLocation="http://schema.primaresearch.org/PAGE/gts/pagecontent/2013-07-15 http://schema.primaresearch.org/PAGE/gts/pagecontent/2013-07-15/pagecontent.xsd">
    <Metadata>
        <Creator>Transkribus</Creator>
        <Created>2020-11-20T14:44:53.935+01:00</Created>
        <LastChange>2020-12-14T02:23:22.357+01:00</LastChange>
        <Comments>
                Measurement unit: pixel
                PrimaryLanguage: English
                Language: Latin
                Producer: Transkribus
            </Comments>
        <TranskribusMetadata docId="541769" pageId="22791225" pageNr="94" tsid="50296849" status="IN_PROGRESS" userId="25065" imgUrl="https://files.transkribus.eu/Get?id=LBVGYXVCMLQZZYPKCGIHBYHN&amp;fileType=view" xmlUrl="https://files.transkribus.eu/Get?id=SKJMKJWZVEYFBHSUQMBOBBRK" imageId="17768688"/>
    </Metadata>
    <Page imageFilename="93.jpg" imageWidth="2653" imageHeight="3979">
        <PrintSpace>
            <Coords points="0,0 2558,0 2558,3754 0,3754"/>
        </PrintSpace>
        <ReadingOrder>
            <OrderedGroup id="ro_1616597105118" caption="Regions reading order">
                <RegionRefIndexed index="0" regionRef="r_4_1"/>
                <RegionRefIndexed index="1" regionRef="r_5_1"/>
                <RegionRefIndexed index="2" regionRef="r_5_2"/>
                <RegionRefIndexed index="3" regionRef="r_5_3"/>
                <RegionRefIndexed index="4" regionRef="r_5_4"/>
            </OrderedGroup>
        </ReadingOrder>
        <TextRegion type="paragraph" id="r_4_1" custom="readingOrder {index:0;}">
            <Coords points="209,356 1228,356 1228,3739 209,3739"/>
            <TextLine id="tl_11" primaryLanguage="English" custom="readingOrder {index:0;}">
                <Coords points="219,357 1224,357 1224,417 219,417"/>
                <Baseline points="219,409 451,406 518,405 656,414 798,403 1144,399 1224,399"/>
                <Word id="w_w2aab1b7b2b1b1ab1" language="English" custom="readingOrder {index:0;}">
                    <Coords points="219,363 451,363 451,409 219,409"/>
                    <TextEquiv>
                        <Unicode>ticulariter</Unicode>
                    </TextEquiv>
                    <TextStyle fontFamily="Times New Roman" fontSize="9.0"/>
                </Word>
                <Word id="w_w2aab1b7b2b1b1ac25" language="English" custom="readingOrder {index:1;}">
                    <Coords points="495,376 518,376 518,405 495,405"/>
                    <TextEquiv>
                        <Unicode>a</Unicode>
                    </TextEquiv>
                    <TextStyle fontFamily="Times New Roman" fontSize="9.0"/>
                </Word>
                <Word id="w_w2aab1b7b2b1b1ac29" language="English" custom="readingOrder {index:2;}">
                    <Coords points="557,365 656,365 656,414 557,414"/>
                    <TextEquiv>
                        <Unicode>Deo,</Unicode>
                    </TextEquiv>
                    <TextStyle fontFamily="Times New Roman" fontSize="9.0"/>
                </Word>
                <Word id="w_w2aab1b7b2b1b1ac39" language="English" custom="readingOrder {index:3;}">
                    <Coords points="699,361 798,361 798,417 699,417"/>
                    <TextEquiv>
                        <Unicode>quia</Unicode>
                    </TextEquiv>
                    <TextStyle fontFamily="Times New Roman" fontSize="9.0"/>
                </Word>
                <Word id="w_w2aab1b7b2b1b1ac49" language="English" custom="readingOrder {index:4;}">
                    <Coords points="848,357 1144,357 1144,401 848,401"/>
                    <TextEquiv>
                        <Unicode>conclusiones</Unicode>
                    </TextEquiv>
                    <TextStyle fontFamily="Times New Roman" fontSize="9.0"/>
                </Word>
                <Word id="w_w2aab1b7b2b1b1ac75" language="English" custom="readingOrder {index:5;}">
                    <Coords points="1184,364 1224,364 1224,400 1184,400"/>
                    <TextEquiv>
                        <Unicode>et</Unicode>
                    </TextEquiv>
                    <TextStyle fontFamily="Times New Roman" fontSize="9.0"/>
                </Word>
                <TextEquiv>
                    <Unicode>ticulariter a Deo, quia conclusiones et</Unicode>
                </TextEquiv>
                <TextStyle fontFamily="Times New Roman" fontSize="9.0"/>
            </TextLine>
            <TextLine id="tl_12" primaryLanguage="English" custom="readingOrder {index:1;}">
                <Coords points="217,443 1221,443 1221,504 217,504"/>
                <Baseline points="217,504 422,489 534,488 754,487 1039,485 1113,485 1221,472"/>
                <Word id="w_w2aab1b7b2b1b3ab1" language="English" custom="readingOrder {index:0;}">
                    <Coords points="217,447 422,447 422,504 217,504"/>
                    <TextEquiv>
                        <Unicode>principia</Unicode>
                    </TextEquiv>
                    <TextStyle fontFamily="Times New Roman" fontSize="9.0"/>
                </Word>
                <Word id="w_w2aab1b7b2b1b3ac21" language="English" custom="readingOrder {index:1;}">
                    <Coords points="451,460 534,460 534,488 451,488"/>
                    <TextEquiv>
                        <Unicode>non</Unicode>
                    </TextEquiv>
                    <TextStyle fontFamily="Times New Roman" fontSize="9.0"/>
                </Word>
                <Word id="w_w2aab1b7b2b1b3ac29" language="English" custom="readingOrder {index:2;}">
                    <Coords points="555,445 754,445 754,488 555,488"/>
                    <TextEquiv>
                        <Unicode>habentia</Unicode>
                    </TextEquiv>
                    <TextStyle fontFamily="Times New Roman" fontSize="9.0"/>
                </Word>
                <Word id="w_w2aab1b7b2b1b3ac47" language="English" custom="readingOrder {index:3;}">
                    <Coords points="780,443 1039,443 1039,487 780,487"/>
                    <TextEquiv>
                        <Unicode>evidentiam</Unicode>
                    </TextEquiv>
                    <TextStyle fontFamily="Times New Roman" fontSize="9.0"/>
                </Word>
                <Word id="w_w2aab1b7b2b1b3ac69" language="English" custom="readingOrder {index:4;}">
                    <Coords points="1061,456 1113,456 1113,485 1061,485"/>
                    <TextEquiv>
                        <Unicode>ex</Unicode>
                    </TextEquiv>
                    <TextStyle fontFamily="Times New Roman" fontSize="9.0"/>
                </Word>
                <Word id="w_w2aab1b7b2b1b3ac75" language="English" custom="readingOrder {index:5;}">
                    <Coords points="1135,449 1221,449 1221,484 1135,484"/>
                    <TextEquiv>
                        <Unicode>ter¬</Unicode>
                    </TextEquiv>
                    <TextStyle fontFamily="Times New Roman" fontSize="9.0"/>
                </Word>
                <TextEquiv>
                    <Unicode>principia non habentia evidentiam ex ter¬</Unicode>
                </TextEquiv>
                <TextStyle fontFamily="Times New Roman" fontSize="9.0"/>
            </TextLine>
            <TextLine id="tl_13" primaryLanguage="English" custom="readingOrder {index:2;}">
                <Coords points="217,520 1223,520 1223,574 217,574"/>
                <Baseline points="217,564 346,565 552,564 650,563 915,561 1026,560 1223,559"/>
                <Word id="w_w2aab1b7b2b1b5ab1" language="English" custom="readingOrder {index:0;}">
                    <Coords points="217,523 346,523 346,565 217,565"/>
                    <TextEquiv>
                        <Unicode>minis</Unicode>
                    </TextEquiv>
                    <TextStyle fontFamily="Times New Roman" fontSize="9.0"/>
                </Word>
                <Word id="w_w2aab1b7b2b1b5ac13" language="English" custom="readingOrder {index:1;}">
                    <Coords points="369,522 552,522 552,564 369,564"/>
                    <TextEquiv>
                        <Unicode>mediate</Unicode>
                    </TextEquiv>
                    <TextStyle fontFamily="Times New Roman" fontSize="9.0"/>
                </Word>
                <Word id="w_w2aab1b7b2b1b5ac29" language="English" custom="readingOrder {index:2;}">
                    <Coords points="577,528 650,528 650,564 577,564"/>
                    <TextEquiv>
                        <Unicode>aut</Unicode>
                    </TextEquiv>
                    <TextStyle fontFamily="Times New Roman" fontSize="9.0"/>
                </Word>
                <Word id="w_w2aab1b7b2b1b5ac37" language="English" custom="readingOrder {index:3;}">
                    <Coords points="671,520 915,520 915,562 671,562"/>
                    <TextEquiv>
                        <Unicode>immediate</Unicode>
                    </TextEquiv>
                    <TextStyle fontFamily="Times New Roman" fontSize="9.0"/>
                </Word>
                <Word id="w_w2aab1b7b2b1b5ac57" language="English" custom="readingOrder {index:4;}">
                    <Coords points="941,532 1026,532 1026,561 941,561"/>
                    <TextEquiv>
                        <Unicode>non</Unicode>
                    </TextEquiv>
                    <TextStyle fontFamily="Times New Roman" fontSize="9.0"/>
                </Word>
                <Word id="w_w2aab1b7b2b1b5ac65" language="English" custom="readingOrder {index:5;}">
                    <Coords points="1044,526 1223,526 1223,574 1044,574"/>
                    <TextEquiv>
                        <Unicode>possunt</Unicode>
                    </TextEquiv>
                    <TextStyle fontFamily="Times New Roman" fontSize="9.0"/>
                </Word>
                <TextEquiv>
                    <Unicode>minis mediate aut immediate non possunt</Unicode>
                </TextEquiv>
                <TextStyle fontFamily="Times New Roman" fontSize="9.0"/>
            </TextLine>
            <TextLine id="tl_14" primaryLanguage="English" custom="readingOrder {index:3;}">
                <Coords points="213,593 1222,593 1222,646 213,646"/>
                <Baseline points="213,640 386,639 672,638 749,638 1018,646 1131,635 1222,634"/>
                <Word id="w_w2aab1b7b2b1b7ab1" language="English" custom="readingOrder {index:0;}">
                    <Coords points="213,611 386,611 386,640 213,640"/>
                    <TextEquiv>
                        <Unicode>movere</Unicode>
                    </TextEquiv>
                    <TextStyle fontFamily="Times New Roman" fontSize="9.0"/>
                </Word>
                <Word id="w_w2aab1b7b2b1b7ac15" language="English" custom="readingOrder {index:1;}">
                    <Coords points="414,597 672,597 672,640 414,640"/>
                    <TextEquiv>
                        <Unicode>intellectum</Unicode>
                    </TextEquiv>
                    <TextStyle fontFamily="Times New Roman" fontSize="9.0"/>
                </Word>
                <Word id="w_w2aab1b7b2b1b7ac39" language="English" custom="readingOrder {index:2;}">
                    <Coords points="700,596 749,596 749,638 700,638"/>
                    <TextEquiv>
                        <Unicode>ad</Unicode>
                    </TextEquiv>
                    <TextStyle fontFamily="Times New Roman" fontSize="9.0"/>
                </Word>
                <Word id="w_w2aab1b7b2b1b7ac45" language="English" custom="readingOrder {index:3;}">
                    <Coords points="777,608 1018,608 1018,646 777,646"/>
                    <TextEquiv>
                        <Unicode>assensum,</Unicode>
                    </TextEquiv>
                    <TextStyle fontFamily="Times New Roman" fontSize="9.0"/>
                </Word>
                <Word id="w_w2aab1b7b2b1b7ac65" language="English" custom="readingOrder {index:4;}">
                    <Coords points="1049,593 1131,593 1131,636 1049,636"/>
                    <TextEquiv>
                        <Unicode>nisi</Unicode>
                    </TextEquiv>
                    <TextStyle fontFamily="Times New Roman" fontSize="9.0"/>
                </Word>
                <Word id="w_w2aab1b7b2b1b7ac75" language="English" custom="readingOrder {index:5;}">
                    <Coords points="1154,593 1222,593 1222,635 1154,635"/>
                    <TextEquiv>
                        <Unicode>vel</Unicode>
                    </TextEquiv>
                    <TextStyle fontFamily="Times New Roman" fontSize="9.0"/>
                </Word>
                <TextEquiv>
                    <Unicode>movere intellectum ad assensum, nisi vel</Unicode>
                </TextEquiv>
                <TextStyle fontFamily="Times New Roman" fontSize="9.0"/>
            </TextLine>
            <TextLine id="tl_15" primaryLanguage="English" custom="readingOrder {index:4;}">
                <Coords points="213,670 1222,670 1222,729 213,729"/>
                <Baseline points="213,729 486,716 678,714 979,712 1222,711"/>
                <Word id="w_w2aab1b7b2b1b9ab1" language="English" custom="readingOrder {index:0;}">
                    <Coords points="213,674 486,674 486,729 213,729"/>
                    <TextEquiv>
                        <Unicode>probabiliter</Unicode>
                    </TextEquiv>
                    <TextStyle fontFamily="Times New Roman" fontSize="9.0"/>
                </Word>
                <Word id="w_w2aab1b7b2b1b9ac27" language="English" custom="readingOrder {index:1;}">
                    <Coords points="507,680 678,680 678,728 507,728"/>
                    <TextEquiv>
                        <Unicode>propter</Unicode>
                    </TextEquiv>
                    <TextStyle fontFamily="Times New Roman" fontSize="9.0"/>
                </Word>
                <Word id="w_w2aab1b7b2b1b9ac43" language="English" custom="readingOrder {index:2;}">
                    <Coords points="692,672 979,672 979,728 692,728"/>
                    <TextEquiv>
                        <Unicode>apparentiam</Unicode>
                    </TextEquiv>
                    <TextStyle fontFamily="Times New Roman" fontSize="9.0"/>
                </Word>
                <Word id="w_w2aab1b7b2b1b9ac67" language="English" custom="readingOrder {index:3;}">
                    <Coords points="997,670 1222,670 1222,726 997,726"/>
                    <TextEquiv>
                        <Unicode>quamdam</Unicode>
                    </TextEquiv>
                    <TextStyle fontFamily="Times New Roman" fontSize="9.0"/>
                </Word>
                <TextEquiv>
                    <Unicode>probabiliter propter apparentiam quamdam</Unicode>
                </TextEquiv>
                <TextStyle fontFamily="Times New Roman" fontSize="9.0"/>
            </TextLine>
            <TextLine id="tl_16" primaryLanguage="English" custom="readingOrder {index:5;}">
                <Coords points="213,746 1221,746 1221,805 213,805"/>
                <Baseline points="213,793 405,791 558,790 738,790 964,788 1000,798 1099,787 1221,777"/>
                <Word id="w_w2aab1b7b2b1c11ab1" language="English" custom="readingOrder {index:0;}">
                    <Coords points="213,750 405,750 405,793 213,793"/>
                    <TextEquiv>
                        <Unicode>veritatis</Unicode>
                    </TextEquiv>
                    <TextStyle fontFamily="Times New Roman" fontSize="9.0"/>
                </Word>
                <Word id="w_w2aab1b7b2b1c11ac21" language="English" custom="readingOrder {index:1;}">
                    <Coords points="432,763 558,763 558,805 432,805"/>
                    <TextEquiv>
                        <Unicode>quam</Unicode>
                    </TextEquiv>
                    <TextStyle fontFamily="Times New Roman" fontSize="9.0"/>
                </Word>
                <Word id="w_w2aab1b7b2b1c11ac31" language="English" custom="readingOrder {index:2;}">
                    <Coords points="582,749 738,749 738,790 582,790"/>
                    <TextEquiv>
                        <Unicode>habere</Unicode>
                    </TextEquiv>
                    <TextStyle fontFamily="Times New Roman" fontSize="9.0"/>
                </Word>
                <Word id="w_w2aab1b7b2b1c11ac45" language="English" custom="readingOrder {index:3;}">
                    <Coords points="765,747 964,747 964,790 765,790"/>
                    <TextEquiv>
                        <Unicode>videntur</Unicode>
                    </TextEquiv>
                    <TextStyle fontFamily="Times New Roman" fontSize="9.0"/>
                </Word>
                <Word id="w_w2aab1b7b2b1c11ac63" language="English" custom="readingOrder {index:4;}">
                    <Coords points="991,761 1000,761 1000,798 991,798"/>
                    <TextEquiv>
                        <Unicode>;</Unicode>
                    </TextEquiv>
                    <TextStyle fontFamily="Times New Roman" fontSize="9.0"/>
                </Word>
                <Word id="w_w2aab1b7b2b1c11ac67" language="English" custom="readingOrder {index:5;}">
                    <Coords points="1031,746 1099,746 1099,788 1031,788"/>
                    <TextEquiv>
                        <Unicode>vel</Unicode>
                    </TextEquiv>
                    <TextStyle fontFamily="Times New Roman" fontSize="9.0"/>
                </Word>
                <Word id="w_w2aab1b7b2b1c11ac75" language="English" custom="readingOrder {index:6;}">
                    <Coords points="1123,760 1221,760 1221,801 1123,801"/>
                    <TextEquiv>
                        <Unicode>pro¬</Unicode>
                    </TextEquiv>
                    <TextStyle fontFamily="Times New Roman" fontSize="9.0"/>
                </Word>
                <TextEquiv>
                    <Unicode>veritatis quam habere videntur ; vel pro¬</Unicode>
                </TextEquiv>
                <TextStyle fontFamily="Times New Roman" fontSize="9.0"/>
            </TextLine>
            <TextLine id="tl_17" primaryLanguage="English" custom="readingOrder {index:6;}">
                <Coords points="214,822 1218,822 1218,882 214,882"/>
                <Baseline points="214,882 305,867 628,866 847,866 940,864 1218,871"/>
                <Word id="w_w2aab1b7b2b1c13ab1" language="English" custom="readingOrder {index:0;}">
                    <Coords points="214,835 305,835 305,882 214,882"/>
                    <TextEquiv>
                        <Unicode>pter</Unicode>
                    </TextEquiv>
                    <TextStyle fontFamily="Times New Roman" fontSize="9.0"/>
                </Word>
                <Word id="w_w2aab1b7b2b1c13ac11" language="English" custom="readingOrder {index:1;}">
                    <Coords points="337,825 628,825 628,868 337,868"/>
                    <TextEquiv>
                        <Unicode>auctoritatem</Unicode>
                    </TextEquiv>
                    <TextStyle fontFamily="Times New Roman" fontSize="9.0"/>
                </Word>
                <Word id="w_w2aab1b7b2b1c13ac37" language="English" custom="readingOrder {index:2;}">
                    <Coords points="667,824 847,824 847,880 667,880"/>
                    <TextEquiv>
                        <Unicode>alicujus</Unicode>
                    </TextEquiv>
                    <TextStyle fontFamily="Times New Roman" fontSize="9.0"/>
                </Word>
                <Word id="w_w2aab1b7b2b1c13ac55" language="English" custom="readingOrder {index:3;}">
                    <Coords points="872,823 940,823 940,866 872,866"/>
                    <TextEquiv>
                        <Unicode>vel</Unicode>
                    </TextEquiv>
                    <TextStyle fontFamily="Times New Roman" fontSize="9.0"/>
                </Word>
                <Word id="w_w2aab1b7b2b1c13ac63" language="English" custom="readingOrder {index:4;}">
                    <Coords points="961,822 1218,822 1218,878 961,878"/>
                    <TextEquiv>
                        <Unicode>aliquorum,</Unicode>
                    </TextEquiv>
                    <TextStyle fontFamily="Times New Roman" fontSize="9.0"/>
                </Word>
                <TextEquiv>
                    <Unicode>pter auctoritatem alicujus vel aliquorum,</Unicode>
                </TextEquiv>
                <TextStyle fontFamily="Times New Roman" fontSize="9.0"/>
            </TextLine>
            <TextLine id="tl_18" primaryLanguage="English" custom="readingOrder {index:7;}">
                <Coords points="220,897 1224,897 1224,957 220,957"/>
                <Baseline points="220,957 290,942 382,942 706,950 777,940 863,941 1093,948 1224,939"/>
                <Word id="w_w2aab1b7b2b1c15ab1" language="English" custom="readingOrder {index:0;}">
                    <Coords points="220,902 290,902 290,957 220,957"/>
                    <TextEquiv>
                        <Unicode>qui</Unicode>
                    </TextEquiv>
                    <TextStyle fontFamily="Times New Roman" fontSize="9.0"/>
                </Word>
                <Word id="w_w2aab1b7b2b1c15ab9" language="English" custom="readingOrder {index:1;}">
                    <Coords points="315,901 382,901 382,943 315,943"/>
                    <TextEquiv>
                        <Unicode>illa</Unicode>
                    </TextEquiv>
                    <TextStyle fontFamily="Times New Roman" fontSize="9.0"/>
                </Word>
                <Word id="w_w2aab1b7b2b1c15ac19" language="English" custom="readingOrder {index:2;}">
                    <Coords points="405,907 706,907 706,956 405,956"/>
                    <TextEquiv>
                        <Unicode>proponerent,</Unicode>
                    </TextEquiv>
                    <TextStyle fontFamily="Times New Roman" fontSize="9.0"/>
                </Word>
                <Word id="w_w2aab1b7b2b1c15ac45" language="English" custom="readingOrder {index:3;}">
                    <Coords points="731,906 777,906 777,940 731,940"/>
                    <TextEquiv>
                        <Unicode>ut</Unicode>
                    </TextEquiv>
                    <TextStyle fontFamily="Times New Roman" fontSize="9.0"/>
                </Word>
                <Word id="w_w2aab1b7b2b1c15ac51" language="English" custom="readingOrder {index:4;}">
                    <Coords points="799,910 863,910 863,941 799,941"/>
                    <TextEquiv>
                        <Unicode>est</Unicode>
                    </TextEquiv>
                    <TextStyle fontFamily="Times New Roman" fontSize="9.0"/>
                </Word>
                <Word id="w_w2aab1b7b2b1c15ac59" language="English" custom="readingOrder {index:5;}">
                    <Coords points="902,898 1093,898 1093,948 902,948"/>
                    <TextEquiv>
                        <Unicode>evidens,</Unicode>
                    </TextEquiv>
                    <TextStyle fontFamily="Times New Roman" fontSize="9.0"/>
                </Word>
                <Word id="w_w2aab1b7b2b1c15ac77" language="English" custom="readingOrder {index:6;}">
                    <Coords points="1124,897 1224,897 1224,953 1124,953"/>
                    <TextEquiv>
                        <Unicode>quia</Unicode>
                    </TextEquiv>
                    <TextStyle fontFamily="Times New Roman" fontSize="9.0"/>
                </Word>
                <TextEquiv>
                    <Unicode>qui illa proponerent, ut est evidens, quia</Unicode>
                </TextEquiv>
                <TextStyle fontFamily="Times New Roman" fontSize="9.0"/>
            </TextLine>
            <TextLine id="tl_19" primaryLanguage="English" custom="readingOrder {index:8;}">
                <Coords points="212,973 1221,973 1221,1024 212,1024"/>
                <Baseline points="212,1020 249,1019 357,1018 504,1018 748,1016 1058,1024 1221,1004"/>
                <Word id="w_w2aab1b7b2b1c17ab1" language="English" custom="readingOrder {index:0;}">
                    <Coords points="212,976 249,976 249,1020 212,1020"/>
                    <TextEquiv>
                        <Unicode>si</Unicode>
                    </TextEquiv>
                    <TextStyle fontFamily="Times New Roman" fontSize="9.0"/>
                </Word>
                <Word id="w_w2aab1b7b2b1c17ab7" language="English" custom="readingOrder {index:1;}">
                    <Coords points="277,977 357,977 357,1018 277,1018"/>
                    <TextEquiv>
                        <Unicode>alio</Unicode>
                    </TextEquiv>
                    <TextStyle fontFamily="Times New Roman" fontSize="9.0"/>
                </Word>
                <Word id="w_w2aab1b7b2b1c17ac17" language="English" custom="readingOrder {index:2;}">
                    <Coords points="381,976 504,976 504,1018 381,1018"/>
                    <TextEquiv>
                        <Unicode>modo</Unicode>
                    </TextEquiv>
                    <TextStyle fontFamily="Times New Roman" fontSize="9.0"/>
                </Word>
                <Word id="w_w2aab1b7b2b1c17ac27" language="English" custom="readingOrder {index:3;}">
                    <Coords points="527,982 748,982 748,1018 527,1018"/>
                    <TextEquiv>
                        <Unicode>moverent</Unicode>
                    </TextEquiv>
                    <TextStyle fontFamily="Times New Roman" fontSize="9.0"/>
                </Word>
                <Word id="w_w2aab1b7b2b1c17ac45" language="English" custom="readingOrder {index:4;}">
                    <Coords points="785,973 1058,973 1058,1024 785,1024"/>
                    <TextEquiv>
                        <Unicode>intellectum,</Unicode>
                    </TextEquiv>
                    <TextStyle fontFamily="Times New Roman" fontSize="9.0"/>
                </Word>
                <Word id="w_w2aab1b7b2b1c17ac71" language="English" custom="readingOrder {index:5;}">
                    <Coords points="1090,974 1221,974 1221,1015 1090,1015"/>
                    <TextEquiv>
                        <Unicode>habe¬</Unicode>
                    </TextEquiv>
                    <TextStyle fontFamily="Times New Roman" fontSize="9.0"/>
                </Word>
                <TextEquiv>
                    <Unicode>si alio modo moverent intellectum, habe¬</Unicode>
                </TextEquiv>
                <TextStyle fontFamily="Times New Roman" fontSize="9.0"/>
            </TextLine>
            <TextLine id="tl_20" primaryLanguage="English" custom="readingOrder {index:9;}">
                <Coords points="214,1048 1223,1048 1223,1095 214,1095"/>
                <Baseline points="214,1094 308,1094 592,1093 661,1092 888,1092 1104,1091 1223,1090"/>
                <Word id="w_w2aab1b7b2b1c19ab1" language="English" custom="readingOrder {index:0;}">
                    <Coords points="214,1060 308,1060 308,1095 214,1095"/>
                    <TextEquiv>
                        <Unicode>rent</Unicode>
                    </TextEquiv>
                    <TextStyle fontFamily="Times New Roman" fontSize="9.0"/>
                </Word>
                <Word id="w_w2aab1b7b2b1c19ac11" language="English" custom="readingOrder {index:1;}">
                    <Coords points="334,1051 592,1051 592,1094 334,1094"/>
                    <TextEquiv>
                        <Unicode>evidentiam</Unicode>
                    </TextEquiv>
                    <TextStyle fontFamily="Times New Roman" fontSize="9.0"/>
                </Word>
                <Word id="w_w2aab1b7b2b1c19ac33" language="English" custom="readingOrder {index:2;}">
                    <Coords points="614,1064 661,1064 661,1092 614,1092"/>
                    <TextEquiv>
                        <Unicode>ex</Unicode>
                    </TextEquiv>
                    <TextStyle fontFamily="Times New Roman" fontSize="9.0"/>
                </Word>
                <Word id="w_w2aab1b7b2b1c19ac39" language="English" custom="readingOrder {index:3;}">
                    <Coords points="694,1050 888,1050 888,1092 694,1092"/>
                    <TextEquiv>
                        <Unicode>terminis</Unicode>
                    </TextEquiv>
                    <TextStyle fontFamily="Times New Roman" fontSize="9.0"/>
                </Word>
                <Word id="w_w2aab1b7b2b1c19ac57" language="English" custom="readingOrder {index:4;}">
                    <Coords points="923,1049 1104,1049 1104,1092 923,1092"/>
                    <TextEquiv>
                        <Unicode>mediate</Unicode>
                    </TextEquiv>
                    <TextStyle fontFamily="Times New Roman" fontSize="9.0"/>
                </Word>
                <Word id="w_w2aab1b7b2b1c19ac73" language="English" custom="readingOrder {index:5;}">
                    <Coords points="1155,1048 1223,1048 1223,1092 1155,1092"/>
                    <TextEquiv>
                        <Unicode>vel</Unicode>
                    </TextEquiv>
                    <TextStyle fontFamily="Times New Roman" fontSize="9.0"/>
                </Word>
                <TextEquiv>
                    <Unicode>rent evidentiam ex terminis mediate vel</Unicode>
                </TextEquiv>
                <TextStyle fontFamily="Times New Roman" fontSize="9.0"/>
            </TextLine>
            <TextLine id="tl_21" primaryLanguage="English" custom="readingOrder {index:10;}">
                <Coords points="214,1125 1222,1125 1222,1182 214,1182"/>
                <Baseline points="214,1170 458,1170 633,1168 969,1176 1086,1167 1222,1167"/>
                <Word id="w_w2aab1b7b2b1c21ab1" language="English" custom="readingOrder {index:0;}">
                    <Coords points="214,1127 458,1127 458,1170 214,1170"/>
                    <TextEquiv>
                        <Unicode>immediate</Unicode>
                    </TextEquiv>
                    <TextStyle fontFamily="Times New Roman" fontSize="9.0"/>
                </Word>
                <Word id="w_w2aab1b7b2b1c21ac21" language="English" custom="readingOrder {index:1;}">
                    <Coords points="486,1134 633,1134 633,1170 486,1170"/>
                    <TextEquiv>
                        <Unicode>contra</Unicode>
                    </TextEquiv>
                    <TextStyle fontFamily="Times New Roman" fontSize="9.0"/>
                </Word>
                <Word id="w_w2aab1b7b2b1c21ac35" language="English" custom="readingOrder {index:2;}">
                    <Coords points="677,1126 969,1126 969,1182 677,1182"/>
                    <TextEquiv>
                        <Unicode>suppositum;</Unicode>
                    </TextEquiv>
                    <TextStyle fontFamily="Times New Roman" fontSize="9.0"/>
                </Word>
                <Word id="w_w2aab1b7b2b1c21ac59" language="English" custom="readingOrder {index:3;}">
                    <Coords points="1014,1125 1086,1125 1086,1168 1014,1168"/>
                    <TextEquiv>
                        <Unicode>sed</Unicode>
                    </TextEquiv>
                    <TextStyle fontFamily="Times New Roman" fontSize="9.0"/>
                </Word>
                <Word id="w_w2aab1b7b2b1c21ac67" language="English" custom="readingOrder {index:4;}">
                    <Coords points="1126,1138 1222,1138 1222,1180 1126,1180"/>
                    <TextEquiv>
                        <Unicode>quse</Unicode>
                    </TextEquiv>
                    <TextStyle fontFamily="Times New Roman" fontSize="9.0"/>
                </Word>
                <TextEquiv>
                    <Unicode>immediate contra suppositum; sed quse</Unicode>
                </TextEquiv>
                <TextStyle fontFamily="Times New Roman" fontSize="9.0"/>
            </TextLine>
            <TextLine id="tl_22" primaryLanguage="English" custom="readingOrder {index:11;}">
                <Coords points="214,1200 1223,1200 1223,1251 214,1251"/>
                <Baseline points="214,1244 388,1245 599,1243 732,1244 914,1251 1047,1242 1223,1242"/>
                <Word id="w_w2aab1b7b2b1c23ab1" language="English" custom="readingOrder {index:0;}">
                    <Coords points="214,1210 388,1210 388,1245 214,1245"/>
                    <TextEquiv>
                        <Unicode>movent</Unicode>
                    </TextEquiv>
                    <TextStyle fontFamily="Times New Roman" fontSize="9.0"/>
                </Word>
                <Word id="w_w2aab1b7b2b1c23ac15" language="English" custom="readingOrder {index:1;}">
                    <Coords points="435,1209 599,1209 599,1245 435,1245"/>
                    <TextEquiv>
                        <Unicode>tantum</Unicode>
                    </TextEquiv>
                    <TextStyle fontFamily="Times New Roman" fontSize="9.0"/>
                </Word>
                <Word id="w_w2aab1b7b2b1c23ac29" language="English" custom="readingOrder {index:2;}">
                    <Coords points="650,1202 732,1202 732,1244 650,1244"/>
                    <TextEquiv>
                        <Unicode>hoc</Unicode>
                    </TextEquiv>
                    <TextStyle fontFamily="Times New Roman" fontSize="9.0"/>
                </Word>
                <Word id="w_w2aab1b7b2b1c23ac37" language="English" custom="readingOrder {index:3;}">
                    <Coords points="776,1201 914,1201 914,1251 776,1251"/>
                    <TextEquiv>
                        <Unicode>modo,</Unicode>
                    </TextEquiv>
                    <TextStyle fontFamily="Times New Roman" fontSize="9.0"/>
                </Word>
                <Word id="w_w2aab1b7b2b1c23ac49" language="English" custom="readingOrder {index:4;}">
                    <Coords points="964,1214 1047,1214 1047,1242 964,1242"/>
                    <TextEquiv>
                        <Unicode>non</Unicode>
                    </TextEquiv>
                    <TextStyle fontFamily="Times New Roman" fontSize="9.0"/>
                </Word>
                <Word id="w_w2aab1b7b2b1c23ac57" language="English" custom="readingOrder {index:5;}">
                    <Coords points="1087,1200 1223,1200 1223,1242 1087,1242"/>
                    <TextEquiv>
                        <Unicode>solent</Unicode>
                    </TextEquiv>
                    <TextStyle fontFamily="Times New Roman" fontSize="9.0"/>
                </Word>
                <TextEquiv>
                    <Unicode>movent tantum hoc modo, non solent</Unicode>
                </TextEquiv>
                <TextStyle fontFamily="Times New Roman" fontSize="9.0"/>
            </TextLine>
            <TextLine id="tl_23" primaryLanguage="English" custom="readingOrder {index:12;}">
                <Coords points="212,1275 1222,1275 1222,1335 212,1335"/>
                <Baseline points="212,1321 435,1320 633,1320 816,1320 1049,1317 1222,1306"/>
                <Word id="w_w2aab1b7b2b1c25ab1" language="English" custom="readingOrder {index:0;}">
                    <Coords points="212,1279 435,1279 435,1335 212,1335"/>
                    <TextEquiv>
                        <Unicode>aequaliter</Unicode>
                    </TextEquiv>
                    <TextStyle fontFamily="Times New Roman" fontSize="9.0"/>
                </Word>
                <Word id="w_w2aab1b7b2b1c25ac23" language="English" custom="readingOrder {index:1;}">
                    <Coords points="461,1291 633,1291 633,1320 461,1320"/>
                    <TextEquiv>
                        <Unicode>movere</Unicode>
                    </TextEquiv>
                    <TextStyle fontFamily="Times New Roman" fontSize="9.0"/>
                </Word>
                <Word id="w_w2aab1b7b2b1c25ac37" language="English" custom="readingOrder {index:2;}">
                    <Coords points="674,1277 816,1277 816,1332 674,1332"/>
                    <TextEquiv>
                        <Unicode>plures</Unicode>
                    </TextEquiv>
                    <TextStyle fontFamily="Times New Roman" fontSize="9.0"/>
                </Word>
                <Word id="w_w2aab1b7b2b1c25ac51" language="English" custom="readingOrder {index:3;}">
                    <Coords points="855,1283 1049,1283 1049,1319 855,1319"/>
                    <TextEquiv>
                        <Unicode>auctores</Unicode>
                    </TextEquiv>
                    <TextStyle fontFamily="Times New Roman" fontSize="9.0"/>
                </Word>
                <Word id="w_w2aab1b7b2b1c25ac69" language="English" custom="readingOrder {index:4;}">
                    <Coords points="1077,1275 1222,1275 1222,1318 1077,1318"/>
                    <TextEquiv>
                        <Unicode>diver¬</Unicode>
                    </TextEquiv>
                    <TextStyle fontFamily="Times New Roman" fontSize="9.0"/>
                </Word>
                <TextEquiv>
                    <Unicode>aequaliter movere plures auctores diver¬</Unicode>
                </TextEquiv>
                <TextStyle fontFamily="Times New Roman" fontSize="9.0"/>
            </TextLine>
            <TextLine id="tl_24" primaryLanguage="English" custom="readingOrder {index:13;}">
                <Coords points="214,1351 1219,1351 1219,1408 214,1408"/>
                <Baseline points="214,1397 359,1396 587,1396 651,1396 867,1395 1219,1403"/>
                <Word id="w_w2aab1b7b2b1c27ab1" language="English" custom="readingOrder {index:0;}">
                    <Coords points="214,1368 359,1368 359,1397 214,1397"/>
                    <TextEquiv>
                        <Unicode>sarum</Unicode>
                    </TextEquiv>
                    <TextStyle fontFamily="Times New Roman" fontSize="9.0"/>
                </Word>
                <Word id="w_w2aab1b7b2b1c27ac13" language="English" custom="readingOrder {index:1;}">
                    <Coords points="413,1361 587,1361 587,1397 413,1397"/>
                    <TextEquiv>
                        <Unicode>aetatum</Unicode>
                    </TextEquiv>
                    <TextStyle fontFamily="Times New Roman" fontSize="9.0"/>
                </Word>
                <Word id="w_w2aab1b7b2b1c27ac29" language="English" custom="readingOrder {index:2;}">
                    <Coords points="611,1361 651,1361 651,1396 611,1396"/>
                    <TextEquiv>
                        <Unicode>et</Unicode>
                    </TextEquiv>
                    <TextStyle fontFamily="Times New Roman" fontSize="9.0"/>
                </Word>
                <Word id="w_w2aab1b7b2b1c27ac35" language="English" custom="readingOrder {index:3;}">
                    <Coords points="684,1353 867,1353 867,1396 684,1396"/>
                    <TextEquiv>
                        <Unicode>diversae</Unicode>
                    </TextEquiv>
                    <TextStyle fontFamily="Times New Roman" fontSize="9.0"/>
                </Word>
                <Word id="w_w2aab1b7b2b1c27ac53" language="English" custom="readingOrder {index:4;}">
                    <Coords points="911,1351 1219,1351 1219,1408 911,1408"/>
                    <TextEquiv>
                        <Unicode>dispositionis,</Unicode>
                    </TextEquiv>
                    <TextStyle fontFamily="Times New Roman" fontSize="9.0"/>
                </Word>
                <TextEquiv>
                    <Unicode>sarum aetatum et diversae dispositionis,</Unicode>
                </TextEquiv>
                <TextStyle fontFamily="Times New Roman" fontSize="9.0"/>
            </TextLine>
            <TextLine id="tl_25" primaryLanguage="English" custom="readingOrder {index:14;}">
                <Coords points="213,1428 1218,1428 1218,1485 213,1485"/>
                <Baseline points="213,1472 297,1472 401,1472 628,1472 824,1471 978,1469 1218,1479"/>
                <Word id="w_w2aab1b7b2b1c29ab1" language="English" custom="readingOrder {index:0;}">
                    <Coords points="213,1430 297,1430 297,1472 213,1472"/>
                    <TextEquiv>
                        <Unicode>imo</Unicode>
                    </TextEquiv>
                    <TextStyle fontFamily="Times New Roman" fontSize="9.0"/>
                </Word>
                <Word id="w_w2aab1b7b2b1c29ab9" language="English" custom="readingOrder {index:1;}">
                    <Coords points="324,1443 401,1443 401,1472 324,1472"/>
                    <TextEquiv>
                        <Unicode>nec</Unicode>
                    </TextEquiv>
                    <TextStyle fontFamily="Times New Roman" fontSize="9.0"/>
                </Word>
                <Word id="w_w2aab1b7b2b1c29ac17" language="English" custom="readingOrder {index:2;}">
                    <Coords points="433,1430 628,1430 628,1472 433,1472"/>
                    <TextEquiv>
                        <Unicode>eumdem</Unicode>
                    </TextEquiv>
                    <TextStyle fontFamily="Times New Roman" fontSize="9.0"/>
                </Word>
                <Word id="w_w2aab1b7b2b1c29ac31" language="English" custom="readingOrder {index:3;}">
                    <Coords points="657,1443 824,1443 824,1485 657,1485"/>
                    <TextEquiv>
                        <Unicode>semper</Unicode>
                    </TextEquiv>
                    <TextStyle fontFamily="Times New Roman" fontSize="9.0"/>
                </Word>
                <Word id="w_w2aab1b7b2b1c29ac45" language="English" custom="readingOrder {index:4;}">
                    <Coords points="862,1428 978,1428 978,1470 862,1470"/>
                    <TextEquiv>
                        <Unicode>omni</Unicode>
                    </TextEquiv>
                    <TextStyle fontFamily="Times New Roman" fontSize="9.0"/>
                </Word>
                <Word id="w_w2aab1b7b2b1c29ac55" language="English" custom="readingOrder {index:5;}">
                    <Coords points="1012,1436 1218,1436 1218,1483 1012,1483"/>
                    <TextEquiv>
                        <Unicode>tempore,</Unicode>
                    </TextEquiv>
                    <TextStyle fontFamily="Times New Roman" fontSize="9.0"/>
                </Word>
                <TextEquiv>
                    <Unicode>imo nec eumdem semper omni tempore,</Unicode>
                </TextEquiv>
                <TextStyle fontFamily="Times New Roman" fontSize="9.0"/>
            </TextLine>
            <TextLine id="tl_26" primaryLanguage="English" custom="readingOrder {index:15;}">
                <Coords points="215,1503 1218,1503 1218,1561 215,1561"/>
                <Baseline points="215,1548 260,1548 393,1548 698,1547 812,1547 988,1544 1218,1544"/>
                <Word id="w_w2aab1b7b2b1c31ab1" language="English" custom="readingOrder {index:0;}">
                    <Coords points="215,1514 260,1514 260,1548 215,1548"/>
                    <TextEquiv>
                        <Unicode>ut</Unicode>
                    </TextEquiv>
                    <TextStyle fontFamily="Times New Roman" fontSize="9.0"/>
                </Word>
                <Word id="w_w2aab1b7b2b1c31ab7" language="English" custom="readingOrder {index:1;}">
                    <Coords points="283,1513 393,1513 393,1561 283,1561"/>
                    <TextEquiv>
                        <Unicode>patet</Unicode>
                    </TextEquiv>
                    <TextStyle fontFamily="Times New Roman" fontSize="9.0"/>
                </Word>
                <Word id="w_w2aab1b7b2b1c31ac19" language="English" custom="readingOrder {index:2;}">
                    <Coords points="419,1505 698,1505 698,1561 419,1561"/>
                    <TextEquiv>
                        <Unicode>experientia.</Unicode>
                    </TextEquiv>
                    <TextStyle fontFamily="Times New Roman" fontSize="9.0"/>
                </Word>
                <Word id="w_w2aab1b7b2b1c31ac45" language="English" custom="readingOrder {index:3;}">
                    <Coords points="725,1507 812,1507 812,1547 725,1547"/>
                    <TextEquiv>
                        <Unicode>Hoc</Unicode>
                    </TextEquiv>
                    <TextStyle fontFamily="Times New Roman" fontSize="9.0"/>
                </Word>
                <Word id="w_w2aab1b7b2b1c31ac53" language="English" custom="readingOrder {index:4;}">
                    <Coords points="847,1512 988,1512 988,1546 847,1546"/>
                    <TextEquiv>
                        <Unicode>autem</Unicode>
                    </TextEquiv>
                    <TextStyle fontFamily="Times New Roman" fontSize="9.0"/>
                </Word>
                <Word id="w_w2aab1b7b2b1c31ac65" language="English" custom="readingOrder {index:5;}">
                    <Coords points="1034,1503 1218,1503 1218,1545 1034,1545"/>
                    <TextEquiv>
                        <Unicode>maxime</Unicode>
                    </TextEquiv>
                    <TextStyle fontFamily="Times New Roman" fontSize="9.0"/>
                </Word>
                <TextEquiv>
                    <Unicode>ut patet experientia. Hoc autem maxime</Unicode>
                </TextEquiv>
                <TextStyle fontFamily="Times New Roman" fontSize="9.0"/>
            </TextLine>
            <TextLine id="tl_27" primaryLanguage="English" custom="readingOrder {index:16;}">
                <Coords points="213,1577 1222,1577 1222,1634 213,1634"/>
                <Baseline points="213,1622 504,1632 698,1620 794,1619 955,1620 1061,1619 1139,1619 1222,1606"/>
                <Word id="w_w2aab1b7b2b1c33ab1" language="English" custom="readingOrder {index:0;}">
                    <Coords points="213,1579 504,1579 504,1632 213,1632"/>
                    <TextEquiv>
                        <Unicode>confirmatur,</Unicode>
                    </TextEquiv>
                    <TextStyle fontFamily="Times New Roman" fontSize="9.0"/>
                </Word>
                <Word id="w_w2aab1b7b2b1c33ac27" language="English" custom="readingOrder {index:1;}">
                    <Coords points="531,1578 698,1578 698,1634 531,1634"/>
                    <TextEquiv>
                        <Unicode>quando</Unicode>
                    </TextEquiv>
                    <TextStyle fontFamily="Times New Roman" fontSize="9.0"/>
                </Word>
                <Word id="w_w2aab1b7b2b1c33ac41" language="English" custom="readingOrder {index:2;}">
                    <Coords points="726,1577 794,1577 794,1621 726,1621"/>
                    <TextEquiv>
                        <Unicode>isti</Unicode>
                    </TextEquiv>
                    <TextStyle fontFamily="Times New Roman" fontSize="9.0"/>
                </Word>
                <Word id="w_w2aab1b7b2b1c33ac51" language="English" custom="readingOrder {index:3;}">
                    <Coords points="812,1578 955,1578 955,1633 812,1633"/>
                    <TextEquiv>
                        <Unicode>plures</Unicode>
                    </TextEquiv>
                    <TextStyle fontFamily="Times New Roman" fontSize="9.0"/>
                </Word>
                <Word id="w_w2aab1b7b2b1c33ac65" language="English" custom="readingOrder {index:4;}">
                    <Coords points="978,1591 1061,1591 1061,1619 978,1619"/>
                    <TextEquiv>
                        <Unicode>non</Unicode>
                    </TextEquiv>
                    <TextStyle fontFamily="Times New Roman" fontSize="9.0"/>
                </Word>
                <Word id="w_w2aab1b7b2b1c33ac73" language="English" custom="readingOrder {index:5;}">
                    <Coords points="1083,1578 1139,1578 1139,1619 1083,1619"/>
                    <TextEquiv>
                        <Unicode>ita</Unicode>
                    </TextEquiv>
                    <TextStyle fontFamily="Times New Roman" fontSize="9.0"/>
                </Word>
                <Word id="w_w2aab1b7b2b1c33ac81" language="English" custom="readingOrder {index:6;}">
                    <Coords points="1157,1590 1222,1590 1222,1618 1157,1618"/>
                    <TextEquiv>
                        <Unicode>su-</Unicode>
                    </TextEquiv>
                    <TextStyle fontFamily="Times New Roman" fontSize="9.0"/>
                </Word>
                <TextEquiv>
                    <Unicode>confirmatur, quando isti plures non ita su-</Unicode>
                </TextEquiv>
                <TextStyle fontFamily="Times New Roman" fontSize="9.0"/>
            </TextLine>
            <TextLine id="tl_28" primaryLanguage="English" custom="readingOrder {index:17;}">
                <Coords points="210,1652 1224,1652 1224,1710 210,1710"/>
                <Baseline points="210,1697 495,1696 612,1706 673,1696 880,1696 936,1696 1161,1702 1224,1695"/>
                <Word id="w_w2aab1b7b2b1c35ab1" language="English" custom="readingOrder {index:0;}">
                    <Coords points="210,1656 495,1656 495,1698 210,1698"/>
                    <TextEquiv>
                        <Unicode>hordinantur</Unicode>
                    </TextEquiv>
                    <TextStyle fontFamily="Times New Roman" fontSize="9.0"/>
                </Word>
                <Word id="w_w2aab1b7b2b1c35ac25" language="English" custom="readingOrder {index:1;}">
                    <Coords points="515,1654 612,1654 612,1706 515,1706"/>
                    <TextEquiv>
                        <Unicode>sibi,</Unicode>
                    </TextEquiv>
                    <TextStyle fontFamily="Times New Roman" fontSize="9.0"/>
                </Word>
                <Word id="w_w2aab1b7b2b1c35ac37" language="English" custom="readingOrder {index:2;}">
                    <Coords points="628,1662 673,1662 673,1696 628,1696"/>
                    <TextEquiv>
                        <Unicode>ut</Unicode>
                    </TextEquiv>
                    <TextStyle fontFamily="Times New Roman" fontSize="9.0"/>
                </Word>
                <Word id="w_w2aab1b7b2b1c35ac43" language="English" custom="readingOrder {index:3;}">
                    <Coords points="688,1654 880,1654 880,1710 688,1710"/>
                    <TextEquiv>
                        <Unicode>Magistri</Unicode>
                    </TextEquiv>
                    <TextStyle fontFamily="Times New Roman" fontSize="9.0"/>
                </Word>
                <Word id="w_w2aab1b7b2b1c35ac61" language="English" custom="readingOrder {index:4;}">
                    <Coords points="896,1662 936,1662 936,1697 896,1697"/>
                    <TextEquiv>
                        <Unicode>et</Unicode>
                    </TextEquiv>
                    <TextStyle fontFamily="Times New Roman" fontSize="9.0"/>
                </Word>
                <Word id="w_w2aab1b7b2b1c35ac67" language="English" custom="readingOrder {index:5;}">
                    <Coords points="947,1652 1161,1652 1161,1709 947,1709"/>
                    <TextEquiv>
                        <Unicode>discipuli,</Unicode>
                    </TextEquiv>
                    <TextStyle fontFamily="Times New Roman" fontSize="9.0"/>
                </Word>
                <Word id="w_w2aab1b7b2b1c35ac89" language="English" custom="readingOrder {index:6;}">
                    <Coords points="1178,1660 1224,1660 1224,1695 1178,1695"/>
                    <TextEquiv>
                        <Unicode>ut</Unicode>
                    </TextEquiv>
                    <TextStyle fontFamily="Times New Roman" fontSize="9.0"/>
                </Word>
                <TextEquiv>
                    <Unicode>hordinantur sibi, ut Magistri et discipuli, ut</Unicode>
                </TextEquiv>
                <TextStyle fontFamily="Times New Roman" fontSize="9.0"/>
            </TextLine>
            <TextLine id="tl_29" primaryLanguage="English" custom="readingOrder {index:18;}">
                <Coords points="211,1729 1222,1729 1222,1787 211,1787"/>
                <Baseline points="211,1773 419,1773 475,1772 879,1772 1014,1772 1222,1770"/>
                <Word id="w_w2aab1b7b2b1c37ab1" language="English" custom="readingOrder {index:0;}">
                    <Coords points="211,1732 419,1732 419,1787 211,1787"/>
                    <TextEquiv>
                        <Unicode>contingit</Unicode>
                    </TextEquiv>
                    <TextStyle fontFamily="Times New Roman" fontSize="9.0"/>
                </Word>
                <Word id="w_w2aab1b7b2b1c37ac21" language="English" custom="readingOrder {index:1;}">
                    <Coords points="433,1731 475,1731 475,1772 433,1772"/>
                    <TextEquiv>
                        <Unicode>in</Unicode>
                    </TextEquiv>
                    <TextStyle fontFamily="Times New Roman" fontSize="9.0"/>
                </Word>
                <Word id="w_w2aab1b7b2b1c37ac27" language="English" custom="readingOrder {index:2;}">
                    <Coords points="493,1731 879,1731 879,1787 493,1787"/>
                    <TextEquiv>
                        <Unicode>proposito/neque</Unicode>
                    </TextEquiv>
                    <TextStyle fontFamily="Times New Roman" fontSize="9.0"/>
                </Word>
                <Word id="w_w2aab1b7b2b1c37ac59" language="English" custom="readingOrder {index:3;}">
                    <Coords points="900,1730 1014,1730 1014,1772 900,1772"/>
                    <TextEquiv>
                        <Unicode>enim</Unicode>
                    </TextEquiv>
                    <TextStyle fontFamily="Times New Roman" fontSize="9.0"/>
                </Word>
                <Word id="w_w2aab1b7b2b1c37ac69" language="English" custom="readingOrder {index:4;}">
                    <Coords points="1031,1729 1222,1729 1222,1772 1031,1772"/>
                    <TextEquiv>
                        <Unicode>Ezechiel</Unicode>
                    </TextEquiv>
                    <TextStyle fontFamily="Times New Roman" fontSize="9.0"/>
                </Word>
                <TextEquiv>
                    <Unicode>contingit in proposito/neque enim Ezechiel</Unicode>
                </TextEquiv>
                <TextStyle fontFamily="Times New Roman" fontSize="9.0"/>
            </TextLine>
            <TextLine id="tl_30" primaryLanguage="English" custom="readingOrder {index:19;}">
                <Coords points="212,1806 1224,1806 1224,1863 212,1863"/>
                <Baseline points="212,1849 418,1850 525,1848 771,1847 992,1856 1081,1847 1114,1847 1224,1836"/>
                <Word id="w_w2aab1b7b2b1c39ab1" language="English" custom="readingOrder {index:0;}">
                    <Coords points="212,1807 418,1807 418,1863 212,1863"/>
                    <TextEquiv>
                        <Unicode>Propheta</Unicode>
                    </TextEquiv>
                    <TextStyle fontFamily="Times New Roman" fontSize="9.0"/>
                </Word>
                <Word id="w_w2aab1b7b2b1c39ac19" language="English" custom="readingOrder {index:1;}">
                    <Coords points="436,1814 525,1814 525,1849 436,1849"/>
                    <TextEquiv>
                        <Unicode>erat</Unicode>
                    </TextEquiv>
                    <TextStyle fontFamily="Times New Roman" fontSize="9.0"/>
                </Word>
                <Word id="w_w2aab1b7b2b1c39ac29" language="English" custom="readingOrder {index:2;}">
                    <Coords points="536,1806 771,1806 771,1862 536,1862"/>
                    <TextEquiv>
                        <Unicode>discipulus</Unicode>
                    </TextEquiv>
                    <TextStyle fontFamily="Times New Roman" fontSize="9.0"/>
                </Word>
                <Word id="w_w2aab1b7b2b1c39ac51" language="English" custom="readingOrder {index:3;}">
                    <Coords points="782,1806 992,1806 992,1856 782,1856"/>
                    <TextEquiv>
                        <Unicode>Jeremiae,</Unicode>
                    </TextEquiv>
                    <TextStyle fontFamily="Times New Roman" fontSize="9.0"/>
                </Word>
                <Word id="w_w2aab1b7b2b1c39ac71" language="English" custom="readingOrder {index:4;}">
                    <Coords points="1009,1813 1081,1813 1081,1847 1009,1847"/>
                    <TextEquiv>
                        <Unicode>aut</Unicode>
                    </TextEquiv>
                    <TextStyle fontFamily="Times New Roman" fontSize="9.0"/>
                </Word>
                <Word id="w_w2aab1b7b2b1c39ac79" language="English" custom="readingOrder {index:5;}">
                    <Coords points="1093,1819 1114,1819 1114,1847 1093,1847"/>
                    <TextEquiv>
                        <Unicode>e</Unicode>
                    </TextEquiv>
                    <TextStyle fontFamily="Times New Roman" fontSize="9.0"/>
                </Word>
                <Word id="w_w2aab1b7b2b1c39ac83" language="English" custom="readingOrder {index:6;}">
                    <Coords points="1124,1819 1224,1819 1224,1848 1124,1848"/>
                    <TextEquiv>
                        <Unicode>con¬</Unicode>
                    </TextEquiv>
                    <TextStyle fontFamily="Times New Roman" fontSize="9.0"/>
                </Word>
                <TextEquiv>
                    <Unicode>Propheta erat discipulus Jeremiae, aut e con¬</Unicode>
                </TextEquiv>
                <TextStyle fontFamily="Times New Roman" fontSize="9.0"/>
            </TextLine>
            <TextLine id="tl_31" primaryLanguage="English" custom="readingOrder {index:20;}">
                <Coords points="212,1881 1224,1881 1224,1939 212,1939"/>
                <Baseline points="212,1924 291,1936 387,1926 699,1925 906,1922 1013,1924 1224,1923"/>
                <Word id="w_w2aab1b7b2b1c41ab1" language="English" custom="readingOrder {index:0;}">
                    <Coords points="212,1893 291,1893 291,1936 212,1936"/>
                    <TextEquiv>
                        <Unicode>tra,</Unicode>
                    </TextEquiv>
                    <TextStyle fontFamily="Times New Roman" fontSize="9.0"/>
                </Word>
                <Word id="w_w2aab1b7b2b1c41ac11" language="English" custom="readingOrder {index:1;}">
                    <Coords points="311,1898 387,1898 387,1926 311,1926"/>
                    <TextEquiv>
                        <Unicode>nec</Unicode>
                    </TextEquiv>
                    <TextStyle fontFamily="Times New Roman" fontSize="9.0"/>
                </Word>
                <Word id="w_w2aab1b7b2b1c41ac19" language="English" custom="readingOrder {index:2;}">
                    <Coords points="412,1883 699,1883 699,1939 412,1939"/>
                    <TextEquiv>
                        <Unicode>Evangelistae</Unicode>
                    </TextEquiv>
                    <TextStyle fontFamily="Times New Roman" fontSize="9.0"/>
                </Word>
                <Word id="w_w2aab1b7b2b1c41ac45" language="English" custom="readingOrder {index:3;}">
                    <Coords points="737,1881 906,1881 906,1925 737,1925"/>
                    <TextEquiv>
                        <Unicode>illorum</Unicode>
                    </TextEquiv>
                    <TextStyle fontFamily="Times New Roman" fontSize="9.0"/>
                </Word>
                <Word id="w_w2aab1b7b2b1c41ac61" language="English" custom="readingOrder {index:4;}">
                    <Coords points="942,1889 1013,1889 1013,1924 942,1924"/>
                    <TextEquiv>
                        <Unicode>aut</Unicode>
                    </TextEquiv>
                    <TextStyle fontFamily="Times New Roman" fontSize="9.0"/>
                </Word>
                <Word id="w_w2aab1b7b2b1c41ac69" language="English" custom="readingOrder {index:5;}">
                    <Coords points="1045,1882 1224,1882 1224,1924 1045,1924"/>
                    <TextEquiv>
                        <Unicode>aliorum</Unicode>
                    </TextEquiv>
                    <TextStyle fontFamily="Times New Roman" fontSize="9.0"/>
                </Word>
                <TextEquiv>
                    <Unicode>tra, nec Evangelistae illorum aut aliorum</Unicode>
                </TextEquiv>
                <TextStyle fontFamily="Times New Roman" fontSize="9.0"/>
            </TextLine>
            <TextLine id="tl_32" primaryLanguage="English" custom="readingOrder {index:21;}">
                <Coords points="213,1959 1217,1959 1217,2008 213,2008"/>
                <Baseline points="213,2003 369,2002 676,2001 847,2002 906,2000 1071,2000 1217,2000"/>
                <Word id="w_w2aab1b7b2b1c43ab1" language="English" custom="readingOrder {index:0;}">
                    <Coords points="213,1960 369,1960 369,2003 213,2003"/>
                    <TextEquiv>
                        <Unicode>veteris</Unicode>
                    </TextEquiv>
                    <TextStyle fontFamily="Times New Roman" fontSize="9.0"/>
                </Word>
                <Word id="w_w2aab1b7b2b1c43ac17" language="English" custom="readingOrder {index:1;}">
                    <Coords points="398,1960 676,1960 676,2003 398,2003"/>
                    <TextEquiv>
                        <Unicode>Testamenti.</Unicode>
                    </TextEquiv>
                    <TextStyle fontFamily="Times New Roman" fontSize="9.0"/>
                </Word>
                <Word id="w_w2aab1b7b2b1c43ac41" language="English" custom="readingOrder {index:2;}">
                    <Coords points="730,1960 847,1960 847,2008 730,2008"/>
                    <TextEquiv>
                        <Unicode>Quod</Unicode>
                    </TextEquiv>
                    <TextStyle fontFamily="Times New Roman" fontSize="9.0"/>
                </Word>
                <Word id="w_w2aab1b7b2b1c43ac51" language="English" custom="readingOrder {index:3;}">
                    <Coords points="870,1959 906,1959 906,2002 870,2002"/>
                    <TextEquiv>
                        <Unicode>si</Unicode>
                    </TextEquiv>
                    <TextStyle fontFamily="Times New Roman" fontSize="9.0"/>
                </Word>
                <Word id="w_w2aab1b7b2b1c43ac57" language="English" custom="readingOrder {index:4;}">
                    <Coords points="928,1966 1071,1966 1071,2003 928,2003"/>
                    <TextEquiv>
                        <Unicode>essent</Unicode>
                    </TextEquiv>
                    <TextStyle fontFamily="Times New Roman" fontSize="9.0"/>
                </Word>
                <Word id="w_w2aab1b7b2b1c43ac71" language="English" custom="readingOrder {index:5;}">
                    <Coords points="1092,1959 1217,1959 1217,2001 1092,2001"/>
                    <TextEquiv>
                        <Unicode>etiam</Unicode>
                    </TextEquiv>
                    <TextStyle fontFamily="Times New Roman" fontSize="9.0"/>
                </Word>
                <TextEquiv>
                    <Unicode>veteris Testamenti. Quod si essent etiam</Unicode>
                </TextEquiv>
                <TextStyle fontFamily="Times New Roman" fontSize="9.0"/>
            </TextLine>
            <TextLine id="tl_33" primaryLanguage="English" custom="readingOrder {index:22;}">
                <Coords points="212,2034 1221,2034 1221,2091 212,2091"/>
                <Baseline points="212,2079 275,2079 574,2089 746,2078 988,2076 1221,2076"/>
                <Word id="w_w2aab1b7b2b1c45ab1" language="English" custom="readingOrder {index:0;}">
                    <Coords points="212,2036 275,2036 275,2079 212,2079"/>
                    <TextEquiv>
                        <Unicode>sic</Unicode>
                    </TextEquiv>
                    <TextStyle fontFamily="Times New Roman" fontSize="9.0"/>
                </Word>
                <Word id="w_w2aab1b7b2b1c45ab9" language="English" custom="readingOrder {index:1;}">
                    <Coords points="294,2036 574,2036 574,2089 294,2089"/>
                    <TextEquiv>
                        <Unicode>subordinati,</Unicode>
                    </TextEquiv>
                    <TextStyle fontFamily="Times New Roman" fontSize="9.0"/>
                </Word>
                <Word id="w_w2aab1b7b2b1c45ac35" language="English" custom="readingOrder {index:2;}">
                    <Coords points="609,2037 746,2037 746,2078 609,2078"/>
                    <TextEquiv>
                        <Unicode>adhuc</Unicode>
                    </TextEquiv>
                    <TextStyle fontFamily="Times New Roman" fontSize="9.0"/>
                </Word>
                <Word id="w_w2aab1b7b2b1c45ac47" language="English" custom="readingOrder {index:3;}">
                    <Coords points="773,2035 988,2035 988,2078 773,2078"/>
                    <TextEquiv>
                        <Unicode>moraliter</Unicode>
                    </TextEquiv>
                    <TextStyle fontFamily="Times New Roman" fontSize="9.0"/>
                </Word>
                <Word id="w_w2aab1b7b2b1c45ac67" language="English" custom="readingOrder {index:4;}">
                    <Coords points="1009,2034 1221,2034 1221,2091 1009,2091"/>
                    <TextEquiv>
                        <Unicode>loquendo</Unicode>
                    </TextEquiv>
                    <TextStyle fontFamily="Times New Roman" fontSize="9.0"/>
                </Word>
                <TextEquiv>
                    <Unicode>sic subordinati, adhuc moraliter loquendo</Unicode>
                </TextEquiv>
                <TextStyle fontFamily="Times New Roman" fontSize="9.0"/>
            </TextLine>
            <TextLine id="tl_34" primaryLanguage="English" custom="readingOrder {index:23;}">
                <Coords points="212,2112 1224,2112 1224,2169 212,2169"/>
                <Baseline points="212,2155 477,2156 567,2155 685,2155 977,2155 1042,2153 1224,2141"/>
                <Word id="w_w2aab1b7b2b1c47ab1" language="English" custom="readingOrder {index:0;}">
                    <Coords points="212,2113 477,2113 477,2169 212,2169"/>
                    <TextEquiv>
                        <Unicode>impossibile</Unicode>
                    </TextEquiv>
                    <TextStyle fontFamily="Times New Roman" fontSize="9.0"/>
                </Word>
                <Word id="w_w2aab1b7b2b1c47ac25" language="English" custom="readingOrder {index:1;}">
                    <Coords points="502,2120 567,2120 567,2155 502,2155"/>
                    <TextEquiv>
                        <Unicode>est</Unicode>
                    </TextEquiv>
                    <TextStyle fontFamily="Times New Roman" fontSize="9.0"/>
                </Word>
                <Word id="w_w2aab1b7b2b1c47ac33" language="English" custom="readingOrder {index:2;}">
                    <Coords points="583,2113 685,2113 685,2169 583,2169"/>
                    <TextEquiv>
                        <Unicode>quin</Unicode>
                    </TextEquiv>
                    <TextStyle fontFamily="Times New Roman" fontSize="9.0"/>
                </Word>
                <Word id="w_w2aab1b7b2b1c47ac43" language="English" custom="readingOrder {index:3;}">
                    <Coords points="702,2112 977,2112 977,2156 702,2156"/>
                    <TextEquiv>
                        <Unicode>dissentirent</Unicode>
                    </TextEquiv>
                    <TextStyle fontFamily="Times New Roman" fontSize="9.0"/>
                </Word>
                <Word id="w_w2aab1b7b2b1c47ac69" language="English" custom="readingOrder {index:4;}">
                    <Coords points="1000,2113 1042,2113 1042,2154 1000,2154"/>
                    <TextEquiv>
                        <Unicode>in</Unicode>
                    </TextEquiv>
                    <TextStyle fontFamily="Times New Roman" fontSize="9.0"/>
                </Word>
                <Word id="w_w2aab1b7b2b1c47ac75" language="English" custom="readingOrder {index:5;}">
                    <Coords points="1068,2125 1224,2125 1224,2168 1068,2168"/>
                    <TextEquiv>
                        <Unicode>praece¬</Unicode>
                    </TextEquiv>
                    <TextStyle fontFamily="Times New Roman" fontSize="9.0"/>
                </Word>
                <TextEquiv>
                    <Unicode>impossibile est quin dissentirent in praece¬</Unicode>
                </TextEquiv>
                <TextStyle fontFamily="Times New Roman" fontSize="9.0"/>
            </TextLine>
            <TextLine id="tl_35" primaryLanguage="English" custom="readingOrder {index:24;}">
                <Coords points="215,2187 1220,2187 1220,2245 215,2245"/>
                <Baseline points="215,2245 298,2232 528,2240 821,2230 1080,2230 1220,2229"/>
                <Word id="w_w2aab1b7b2b1c49ab1" language="English" custom="readingOrder {index:0;}">
                    <Coords points="215,2189 298,2189 298,2245 215,2245"/>
                    <TextEquiv>
                        <Unicode>ptis</Unicode>
                    </TextEquiv>
                    <TextStyle fontFamily="Times New Roman" fontSize="9.0"/>
                </Word>
                <Word id="w_w2aab1b7b2b1c49ac11" language="English" custom="readingOrder {index:1;}">
                    <Coords points="345,2203 528,2203 528,2240 345,2240"/>
                    <TextEquiv>
                        <Unicode>morum,</Unicode>
                    </TextEquiv>
                    <TextStyle fontFamily="Times New Roman" fontSize="9.0"/>
                </Word>
                <Word id="w_w2aab1b7b2b1c49ac25" language="English" custom="readingOrder {index:2;}">
                    <Coords points="578,2189 821,2189 821,2244 578,2244"/>
                    <TextEquiv>
                        <Unicode>praesertim</Unicode>
                    </TextEquiv>
                    <TextStyle fontFamily="Times New Roman" fontSize="9.0"/>
                </Word>
                <Word id="w_w2aab1b7b2b1c49ac47" language="English" custom="readingOrder {index:3;}">
                    <Coords points="883,2195 1080,2195 1080,2232 883,2232"/>
                    <TextEquiv>
                        <Unicode>auctores</Unicode>
                    </TextEquiv>
                    <TextStyle fontFamily="Times New Roman" fontSize="9.0"/>
                </Word>
                <Word id="w_w2aab1b7b2b1c49ac65" language="English" custom="readingOrder {index:4;}">
                    <Coords points="1120,2187 1220,2187 1220,2230 1120,2230"/>
                    <TextEquiv>
                        <Unicode>novi</Unicode>
                    </TextEquiv>
                    <TextStyle fontFamily="Times New Roman" fontSize="9.0"/>
                </Word>
                <TextEquiv>
                    <Unicode>ptis morum, praesertim auctores novi</Unicode>
                </TextEquiv>
                <TextStyle fontFamily="Times New Roman" fontSize="9.0"/>
            </TextLine>
            <TextLine id="tl_36" primaryLanguage="English" custom="readingOrder {index:25;}">
                <Coords points="213,2264 1224,2264 1224,2308 213,2308"/>
                <Baseline points="213,2307 474,2307 571,2307 868,2308 1076,2306 1224,2304"/>
                <Word id="w_w2aab1b7b2b1c51ab1" language="English" custom="readingOrder {index:0;}">
                    <Coords points="213,2265 474,2265 474,2308 213,2308"/>
                    <TextEquiv>
                        <Unicode>Testamenti</Unicode>
                    </TextEquiv>
                    <TextStyle fontFamily="Times New Roman" fontSize="9.0"/>
                </Word>
                <Word id="w_w2aab1b7b2b1c51ac23" language="English" custom="readingOrder {index:1;}">
                    <Coords points="520,2265 571,2265 571,2307 520,2307"/>
                    <TextEquiv>
                        <Unicode>ab</Unicode>
                    </TextEquiv>
                    <TextStyle fontFamily="Times New Roman" fontSize="9.0"/>
                </Word>
                <Word id="w_w2aab1b7b2b1c51ac29" language="English" custom="readingOrder {index:2;}">
                    <Coords points="623,2264 868,2264 868,2308 623,2308"/>
                    <TextEquiv>
                        <Unicode>auctoribus</Unicode>
                    </TextEquiv>
                    <TextStyle fontFamily="Times New Roman" fontSize="9.0"/>
                </Word>
                <Word id="w_w2aab1b7b2b1c51ac51" language="English" custom="readingOrder {index:3;}">
                    <Coords points="900,2264 1076,2264 1076,2307 900,2307"/>
                    <TextEquiv>
                        <Unicode>veteris.</Unicode>
                    </TextEquiv>
                    <TextStyle fontFamily="Times New Roman" fontSize="9.0"/>
                </Word>
                <Word id="w_w2aab1b7b2b1c51ac69" language="English" custom="readingOrder {index:4;}">
                    <Coords points="1117,2265 1224,2265 1224,2305 1117,2305"/>
                    <TextEquiv>
                        <Unicode>Nam</Unicode>
                    </TextEquiv>
                    <TextStyle fontFamily="Times New Roman" fontSize="9.0"/>
                </Word>
                <TextEquiv>
                    <Unicode>Testamenti ab auctoribus veteris. Nam</Unicode>
                </TextEquiv>
                <TextStyle fontFamily="Times New Roman" fontSize="9.0"/>
            </TextLine>
            <TextLine id="tl_37" primaryLanguage="English" custom="readingOrder {index:26;}">
                <Coords points="215,2339 1223,2339 1223,2397 215,2397"/>
                <Baseline points="215,2383 312,2383 505,2384 848,2382 1065,2382 1223,2382"/>
                <Word id="w_w2aab1b7b2b1c53ab1" language="English" custom="readingOrder {index:0;}">
                    <Coords points="215,2354 312,2354 312,2383 215,2383"/>
                    <TextEquiv>
                        <Unicode>cum</Unicode>
                    </TextEquiv>
                    <TextStyle fontFamily="Times New Roman" fontSize="9.0"/>
                </Word>
                <Word id="w_w2aab1b7b2b1c53ab9" language="English" custom="readingOrder {index:1;}">
                    <Coords points="364,2341 505,2341 505,2384 364,2384"/>
                    <TextEquiv>
                        <Unicode>dicant</Unicode>
                    </TextEquiv>
                    <TextStyle fontFamily="Times New Roman" fontSize="9.0"/>
                </Word>
                <Word id="w_w2aab1b7b2b1c53ac23" language="English" custom="readingOrder {index:2;}">
                    <Coords points="543,2341 848,2341 848,2397 543,2397"/>
                    <TextEquiv>
                        <Unicode>professionem</Unicode>
                    </TextEquiv>
                    <TextStyle fontFamily="Times New Roman" fontSize="9.0"/>
                </Word>
                <Word id="w_w2aab1b7b2b1c53ac49" language="English" custom="readingOrder {index:3;}">
                    <Coords points="906,2340 1065,2340 1065,2384 906,2384"/>
                    <TextEquiv>
                        <Unicode>veteris</Unicode>
                    </TextEquiv>
                    <TextStyle fontFamily="Times New Roman" fontSize="9.0"/>
                </Word>
                <Word id="w_w2aab1b7b2b1c53ac65" language="English" custom="readingOrder {index:4;}">
                    <Coords points="1113,2339 1223,2339 1223,2395 1113,2395"/>
                    <TextEquiv>
                        <Unicode>legis</Unicode>
                    </TextEquiv>
                    <TextStyle fontFamily="Times New Roman" fontSize="9.0"/>
                </Word>
                <TextEquiv>
                    <Unicode>cum dicant professionem veteris legis</Unicode>
                </TextEquiv>
                <TextStyle fontFamily="Times New Roman" fontSize="9.0"/>
            </TextLine>
            <TextLine id="tl_38" primaryLanguage="English" custom="readingOrder {index:27;}">
                <Coords points="219,2414 1219,2414 1219,2472 219,2472"/>
                <Baseline points="219,2472 353,2457 534,2458 594,2458 933,2457 1033,2456 1219,2465"/>
                <Word id="w_w2aab1b7b2b1c55ab1" language="English" custom="readingOrder {index:0;}">
                    <Coords points="219,2416 353,2416 353,2472 219,2472"/>
                    <TextEquiv>
                        <Unicode>quoad</Unicode>
                    </TextEquiv>
                    <TextStyle fontFamily="Times New Roman" fontSize="9.0"/>
                </Word>
                <Word id="w_w2aab1b7b2b1c55ac13" language="English" custom="readingOrder {index:1;}">
                    <Coords points="383,2416 534,2416 534,2472 383,2472"/>
                    <TextEquiv>
                        <Unicode>legalia</Unicode>
                    </TextEquiv>
                    <TextStyle fontFamily="Times New Roman" fontSize="9.0"/>
                </Word>
                <Word id="w_w2aab1b7b2b1c55ac29" language="English" custom="readingOrder {index:2;}">
                    <Coords points="555,2423 594,2423 594,2458 555,2458"/>
                    <TextEquiv>
                        <Unicode>et</Unicode>
                    </TextEquiv>
                    <TextStyle fontFamily="Times New Roman" fontSize="9.0"/>
                </Word>
                <Word id="w_w2aab1b7b2b1c55ac35" language="English" custom="readingOrder {index:3;}">
                    <Coords points="620,2415 933,2415 933,2459 620,2459"/>
                    <TextEquiv>
                        <Unicode>caeremonialia</Unicode>
                    </TextEquiv>
                    <TextStyle fontFamily="Times New Roman" fontSize="9.0"/>
                </Word>
                <Word id="w_w2aab1b7b2b1c55ac63" language="English" custom="readingOrder {index:4;}">
                    <Coords points="948,2428 1033,2428 1033,2457 948,2457"/>
                    <TextEquiv>
                        <Unicode>non</Unicode>
                    </TextEquiv>
                    <TextStyle fontFamily="Times New Roman" fontSize="9.0"/>
                </Word>
                <Word id="w_w2aab1b7b2b1c55ac71" language="English" custom="readingOrder {index:5;}">
                    <Coords points="1059,2414 1219,2414 1219,2465 1059,2465"/>
                    <TextEquiv>
                        <Unicode>valere,</Unicode>
                    </TextEquiv>
                    <TextStyle fontFamily="Times New Roman" fontSize="9.0"/>
                </Word>
                <TextEquiv>
                    <Unicode>quoad legalia et caeremonialia non valere,</Unicode>
                </TextEquiv>
                <TextStyle fontFamily="Times New Roman" fontSize="9.0"/>
            </TextLine>
            <TextLine id="tl_39" primaryLanguage="English" custom="readingOrder {index:28;}">
                <Coords points="215,2489 1227,2489 1227,2547 215,2547"/>
                <Baseline points="215,2533 256,2533 346,2534 460,2533 760,2533 979,2533 1227,2520"/>
                <Word id="w_w2aab1b7b2b1c57ab1" language="English" custom="readingOrder {index:0;}">
                    <Coords points="215,2499 256,2499 256,2533 215,2533"/>
                    <TextEquiv>
                        <Unicode>et</Unicode>
                    </TextEquiv>
                    <TextStyle fontFamily="Times New Roman" fontSize="9.0"/>
                </Word>
                <Word id="w_w2aab1b7b2b1c57ab7" language="English" custom="readingOrder {index:1;}">
                    <Coords points="295,2493 346,2493 346,2534 295,2534"/>
                    <TextEquiv>
                        <Unicode>ab</Unicode>
                    </TextEquiv>
                    <TextStyle fontFamily="Times New Roman" fontSize="9.0"/>
                </Word>
                <Word id="w_w2aab1b7b2b1c57ac13" language="English" custom="readingOrder {index:2;}">
                    <Coords points="368,2492 460,2492 460,2547 368,2547"/>
                    <TextEquiv>
                        <Unicode>ejus</Unicode>
                    </TextEquiv>
                    <TextStyle fontFamily="Times New Roman" fontSize="9.0"/>
                </Word>
                <Word id="w_w2aab1b7b2b1c57ac23" language="English" custom="readingOrder {index:3;}">
                    <Coords points="487,2491 760,2491 760,2533 487,2533"/>
                    <TextEquiv>
                        <Unicode>observantia</Unicode>
                    </TextEquiv>
                    <TextStyle fontFamily="Times New Roman" fontSize="9.0"/>
                </Word>
                <Word id="w_w2aab1b7b2b1c57ac47" language="English" custom="readingOrder {index:4;}">
                    <Coords points="810,2490 979,2490 979,2533 810,2533"/>
                    <TextEquiv>
                        <Unicode>Judaeos</Unicode>
                    </TextEquiv>
                    <TextStyle fontFamily="Times New Roman" fontSize="9.0"/>
                </Word>
                <Word id="w_w2aab1b7b2b1c57ac63" language="English" custom="readingOrder {index:5;}">
                    <Coords points="1010,2489 1227,2489 1227,2533 1010,2533"/>
                    <TextEquiv>
                        <Unicode>tenacissi¬</Unicode>
                    </TextEquiv>
                    <TextStyle fontFamily="Times New Roman" fontSize="9.0"/>
                </Word>
                <TextEquiv>
                    <Unicode>et ab ejus observantia Judaeos tenacissi¬</Unicode>
                </TextEquiv>
                <TextStyle fontFamily="Times New Roman" fontSize="9.0"/>
            </TextLine>
            <TextLine id="tl_40" primaryLanguage="English" custom="readingOrder {index:29;}">
                <Coords points="219,2565 1224,2565 1224,2623 219,2623"/>
                <Baseline points="219,2609 312,2610 448,2610 782,2621 1036,2608 1224,2607"/>
                <Word id="w_w2aab1b7b2b1c59ab1" language="English" custom="readingOrder {index:0;}">
                    <Coords points="219,2581 312,2581 312,2610 219,2610"/>
                    <TextEquiv>
                        <Unicode>mos</Unicode>
                    </TextEquiv>
                    <TextStyle fontFamily="Times New Roman" fontSize="9.0"/>
                </Word>
                <Word id="w_w2aab1b7b2b1c59ab9" language="English" custom="readingOrder {index:1;}">
                    <Coords points="355,2568 448,2568 448,2623 355,2623"/>
                    <TextEquiv>
                        <Unicode>ejus</Unicode>
                    </TextEquiv>
                    <TextStyle fontFamily="Times New Roman" fontSize="9.0"/>
                </Word>
                <Word id="w_w2aab1b7b2b1c59ac19" language="English" custom="readingOrder {index:2;}">
                    <Coords points="501,2568 782,2568 782,2623 501,2623"/>
                    <TextEquiv>
                        <Unicode>professores,</Unicode>
                    </TextEquiv>
                    <TextStyle fontFamily="Times New Roman" fontSize="9.0"/>
                </Word>
                <Word id="w_w2aab1b7b2b1c59ac45" language="English" custom="readingOrder {index:3;}">
                    <Coords points="826,2566 1036,2566 1036,2609 826,2609"/>
                    <TextEquiv>
                        <Unicode>abducere</Unicode>
                    </TextEquiv>
                    <TextStyle fontFamily="Times New Roman" fontSize="9.0"/>
                </Word>
                <Word id="w_w2aab1b7b2b1c59ac63" language="English" custom="readingOrder {index:4;}">
                    <Coords points="1086,2565 1224,2565 1224,2608 1086,2608"/>
                    <TextEquiv>
                        <Unicode>conati</Unicode>
                    </TextEquiv>
                    <TextStyle fontFamily="Times New Roman" fontSize="9.0"/>
                </Word>
                <TextEquiv>
                    <Unicode>mos ejus professores, abducere conati</Unicode>
                </TextEquiv>
                <TextStyle fontFamily="Times New Roman" fontSize="9.0"/>
            </TextLine>
            <TextLine id="tl_41" primaryLanguage="English" custom="readingOrder {index:30;}">
                <Coords points="215,2641 1223,2641 1223,2698 215,2698"/>
                <Baseline points="215,2685 316,2694 516,2685 584,2684 793,2684 980,2684 1223,2671"/>
                <Word id="w_w2aab1b7b2b1c61ab1" language="English" custom="readingOrder {index:0;}">
                    <Coords points="215,2643 316,2643 316,2694 215,2694"/>
                    <TextEquiv>
                        <Unicode>sint,</Unicode>
                    </TextEquiv>
                    <TextStyle fontFamily="Times New Roman" fontSize="9.0"/>
                </Word>
                <Word id="w_w2aab1b7b2b1c61ac13" language="English" custom="readingOrder {index:1;}">
                    <Coords points="342,2643 516,2643 516,2685 342,2685"/>
                    <TextEquiv>
                        <Unicode>omnino</Unicode>
                    </TextEquiv>
                    <TextStyle fontFamily="Times New Roman" fontSize="9.0"/>
                </Word>
                <Word id="w_w2aab1b7b2b1c61ac27" language="English" custom="readingOrder {index:2;}">
                    <Coords points="549,2643 584,2643 584,2685 549,2685"/>
                    <TextEquiv>
                        <Unicode>si</Unicode>
                    </TextEquiv>
                    <TextStyle fontFamily="Times New Roman" fontSize="9.0"/>
                </Word>
                <Word id="w_w2aab1b7b2b1c61ac33" language="English" custom="readingOrder {index:3;}">
                    <Coords points="606,2644 793,2644 793,2685 606,2685"/>
                    <TextEquiv>
                        <Unicode>humano</Unicode>
                    </TextEquiv>
                    <TextStyle fontFamily="Times New Roman" fontSize="9.0"/>
                </Word>
                <Word id="w_w2aab1b7b2b1c61ac47" language="English" custom="readingOrder {index:4;}">
                    <Coords points="828,2642 980,2642 980,2698 828,2698"/>
                    <TextEquiv>
                        <Unicode>spiritu</Unicode>
                    </TextEquiv>
                    <TextStyle fontFamily="Times New Roman" fontSize="9.0"/>
                </Word>
                <Word id="w_w2aab1b7b2b1c61ac63" language="English" custom="readingOrder {index:5;}">
                    <Coords points="1014,2641 1223,2641 1223,2684 1014,2684"/>
                    <TextEquiv>
                        <Unicode>duceren¬</Unicode>
                    </TextEquiv>
                    <TextStyle fontFamily="Times New Roman" fontSize="9.0"/>
                </Word>
                <TextEquiv>
                    <Unicode>sint, omnino si humano spiritu duceren¬</Unicode>
                </TextEquiv>
                <TextStyle fontFamily="Times New Roman" fontSize="9.0"/>
            </TextLine>
            <TextLine id="tl_42" primaryLanguage="English" custom="readingOrder {index:31;}">
                <Coords points="216,2716 1225,2716 1225,2773 216,2773"/>
                <Baseline points="216,2759 298,2768 457,2759 655,2759 827,2760 946,2759 1225,2746"/>
                <Word id="w_w2aab1b7b2b1c63ab1" language="English" custom="readingOrder {index:0;}">
                    <Coords points="216,2726 298,2726 298,2768 216,2768"/>
                    <TextEquiv>
                        <Unicode>tur,</Unicode>
                    </TextEquiv>
                    <TextStyle fontFamily="Times New Roman" fontSize="9.0"/>
                </Word>
                <Word id="w_w2aab1b7b2b1c63ac11" language="English" custom="readingOrder {index:1;}">
                    <Coords points="330,2718 457,2718 457,2760 330,2760"/>
                    <TextEquiv>
                        <Unicode>etiam</Unicode>
                    </TextEquiv>
                    <TextStyle fontFamily="Times New Roman" fontSize="9.0"/>
                </Word>
                <Word id="w_w2aab1b7b2b1c63ac23" language="English" custom="readingOrder {index:2;}">
                    <Coords points="480,2717 655,2717 655,2760 480,2760"/>
                    <TextEquiv>
                        <Unicode>moralia</Unicode>
                    </TextEquiv>
                    <TextStyle fontFamily="Times New Roman" fontSize="9.0"/>
                </Word>
                <Word id="w_w2aab1b7b2b1c63ac39" language="English" custom="readingOrder {index:3;}">
                    <Coords points="687,2716 827,2716 827,2772 687,2772"/>
                    <TextEquiv>
                        <Unicode>aliqua</Unicode>
                    </TextEquiv>
                    <TextStyle fontFamily="Times New Roman" fontSize="9.0"/>
                </Word>
                <Word id="w_w2aab1b7b2b1c63ac53" language="English" custom="readingOrder {index:4;}">
                    <Coords points="854,2718 946,2718 946,2773 854,2773"/>
                    <TextEquiv>
                        <Unicode>ejus</Unicode>
                    </TextEquiv>
                    <TextStyle fontFamily="Times New Roman" fontSize="9.0"/>
                </Word>
                <Word id="w_w2aab1b7b2b1c63ac63" language="English" custom="readingOrder {index:5;}">
                    <Coords points="992,2716 1225,2716 1225,2772 992,2772"/>
                    <TextEquiv>
                        <Unicode>reprehen¬</Unicode>
                    </TextEquiv>
                    <TextStyle fontFamily="Times New Roman" fontSize="9.0"/>
                </Word>
                <TextEquiv>
                    <Unicode>tur, etiam moralia aliqua ejus reprehen¬</Unicode>
                </TextEquiv>
                <TextStyle fontFamily="Times New Roman" fontSize="9.0"/>
            </TextLine>
            <TextLine id="tl_43" primaryLanguage="English" custom="readingOrder {index:32;}">
                <Coords points="217,2792 1224,2792 1224,2846 217,2846"/>
                <Baseline points="217,2837 380,2846 464,2836 555,2836 861,2834 941,2834 1224,2835"/>
                <Word id="w_w2aab1b7b2b1c65ab1" language="English" custom="readingOrder {index:0;}">
                    <Coords points="217,2795 380,2795 380,2846 217,2846"/>
                    <TextEquiv>
                        <Unicode>derent,</Unicode>
                    </TextEquiv>
                    <TextStyle fontFamily="Times New Roman" fontSize="9.0"/>
                </Word>
                <Word id="w_w2aab1b7b2b1c65ac17" language="English" custom="readingOrder {index:1;}">
                    <Coords points="423,2801 464,2801 464,2836 423,2836"/>
                    <TextEquiv>
                        <Unicode>et</Unicode>
                    </TextEquiv>
                    <TextStyle fontFamily="Times New Roman" fontSize="9.0"/>
                </Word>
                <Word id="w_w2aab1b7b2b1c65ac23" language="English" custom="readingOrder {index:2;}">
                    <Coords points="494,2795 555,2795 555,2836 494,2836"/>
                    <TextEquiv>
                        <Unicode>sic</Unicode>
                    </TextEquiv>
                    <TextStyle fontFamily="Times New Roman" fontSize="9.0"/>
                </Word>
                <Word id="w_w2aab1b7b2b1c65ac31" language="English" custom="readingOrder {index:3;}">
                    <Coords points="584,2793 861,2793 861,2837 584,2837"/>
                    <TextEquiv>
                        <Unicode>dissentirent</Unicode>
                    </TextEquiv>
                    <TextStyle fontFamily="Times New Roman" fontSize="9.0"/>
                </Word>
                <Word id="w_w2aab1b7b2b1c65ac57" language="English" custom="readingOrder {index:4;}">
                    <Coords points="899,2793 941,2793 941,2834 899,2834"/>
                    <TextEquiv>
                        <Unicode>in</Unicode>
                    </TextEquiv>
                    <TextStyle fontFamily="Times New Roman" fontSize="9.0"/>
                </Word>
                <Word id="w_w2aab1b7b2b1c65ac63" language="English" custom="readingOrder {index:5;}">
                    <Coords points="988,2792 1224,2792 1224,2835 988,2835"/>
                    <TextEquiv>
                        <Unicode>moralibus</Unicode>
                    </TextEquiv>
                    <TextStyle fontFamily="Times New Roman" fontSize="9.0"/>
                </Word>
                <TextEquiv>
                    <Unicode>derent, et sic dissentirent in moralibus</Unicode>
                </TextEquiv>
                <TextStyle fontFamily="Times New Roman" fontSize="9.0"/>
            </TextLine>
            <TextLine id="tl_44" primaryLanguage="English" custom="readingOrder {index:33;}">
                <Coords points="218,2869 1226,2869 1226,2913 218,2913"/>
                <Baseline points="218,2913 269,2913 561,2913 771,2912 1098,2911 1226,2910"/>
                <Word id="w_w2aab1b7b2b1c67ab1" language="English" custom="readingOrder {index:0;}">
                    <Coords points="218,2872 269,2872 269,2913 218,2913"/>
                    <TextEquiv>
                        <Unicode>ab</Unicode>
                    </TextEquiv>
                    <TextStyle fontFamily="Times New Roman" fontSize="9.0"/>
                </Word>
                <Word id="w_w2aab1b7b2b1c67ab7" language="English" custom="readingOrder {index:1;}">
                    <Coords points="317,2871 561,2871 561,2913 317,2913"/>
                    <TextEquiv>
                        <Unicode>auctoribus</Unicode>
                    </TextEquiv>
                    <TextStyle fontFamily="Times New Roman" fontSize="9.0"/>
                </Word>
                <Word id="w_w2aab1b7b2b1c67ac29" language="English" custom="readingOrder {index:2;}">
                    <Coords points="613,2870 771,2870 771,2913 613,2913"/>
                    <TextEquiv>
                        <Unicode>veteris</Unicode>
                    </TextEquiv>
                    <TextStyle fontFamily="Times New Roman" fontSize="9.0"/>
                </Word>
                <Word id="w_w2aab1b7b2b1c67ac45" language="English" custom="readingOrder {index:3;}">
                    <Coords points="824,2869 1098,2869 1098,2912 824,2912"/>
                    <TextEquiv>
                        <Unicode>Testamenti.</Unicode>
                    </TextEquiv>
                    <TextStyle fontFamily="Times New Roman" fontSize="9.0"/>
                </Word>
                <Word id="w_w2aab1b7b2b1c67ac69" language="English" custom="readingOrder {index:4;}">
                    <Coords points="1146,2869 1226,2869 1226,2912 1146,2912"/>
                    <TextEquiv>
                        <Unicode>Sed</Unicode>
                    </TextEquiv>
                    <TextStyle fontFamily="Times New Roman" fontSize="9.0"/>
                </Word>
                <TextEquiv>
                    <Unicode>ab auctoribus veteris Testamenti. Sed</Unicode>
                </TextEquiv>
                <TextStyle fontFamily="Times New Roman" fontSize="9.0"/>
            </TextLine>
            <TextLine id="tl_45" primaryLanguage="English" custom="readingOrder {index:34;}">
                <Coords points="219,2945 1227,2945 1227,3004 219,3004"/>
                <Baseline points="219,3004 422,2989 511,2990 584,2988 680,2989 845,2988 1104,2988 1227,2977"/>
                <Word id="w_w2aab1b7b2b1c69ab1" language="English" custom="readingOrder {index:0;}">
                    <Coords points="219,2947 422,2947 422,3004 219,3004"/>
                    <TextEquiv>
                        <Unicode>quidquid</Unicode>
                    </TextEquiv>
                    <TextStyle fontFamily="Times New Roman" fontSize="9.0"/>
                </Word>
                <Word id="w_w2aab1b7b2b1c69ac19" language="English" custom="readingOrder {index:1;}">
                    <Coords points="457,2947 511,2947 511,2990 457,2990"/>
                    <TextEquiv>
                        <Unicode>sit</Unicode>
                    </TextEquiv>
                    <TextStyle fontFamily="Times New Roman" fontSize="9.0"/>
                </Word>
                <Word id="w_w2aab1b7b2b1c69ac27" language="English" custom="readingOrder {index:2;}">
                    <Coords points="530,2961 584,2961 584,2989 530,2989"/>
                    <TextEquiv>
                        <Unicode>an</Unicode>
                    </TextEquiv>
                    <TextStyle fontFamily="Times New Roman" fontSize="9.0"/>
                </Word>
                <Word id="w_w2aab1b7b2b1c69ac33" language="English" custom="readingOrder {index:3;}">
                    <Coords points="610,2947 680,2947 680,2989 610,2989"/>
                    <TextEquiv>
                        <Unicode>hic</Unicode>
                    </TextEquiv>
                    <TextStyle fontFamily="Times New Roman" fontSize="9.0"/>
                </Word>
                <Word id="w_w2aab1b7b2b1c69ac41" language="English" custom="readingOrder {index:4;}">
                    <Coords points="717,2946 845,2946 845,2988 717,2988"/>
                    <TextEquiv>
                        <Unicode>totius</Unicode>
                    </TextEquiv>
                    <TextStyle fontFamily="Times New Roman" fontSize="9.0"/>
                </Word>
                <Word id="w_w2aab1b7b2b1c69ac55" language="English" custom="readingOrder {index:5;}">
                    <Coords points="872,2945 1104,2945 1104,3001 872,3001"/>
                    <TextEquiv>
                        <Unicode>Scripturae</Unicode>
                    </TextEquiv>
                    <TextStyle fontFamily="Times New Roman" fontSize="9.0"/>
                </Word>
                <Word id="w_w2aab1b7b2b1c69ac77" language="English" custom="readingOrder {index:6;}">
                    <Coords points="1125,2959 1227,2959 1227,2988 1125,2988"/>
                    <TextEquiv>
                        <Unicode>con¬</Unicode>
                    </TextEquiv>
                    <TextStyle fontFamily="Times New Roman" fontSize="9.0"/>
                </Word>
                <TextEquiv>
                    <Unicode>quidquid sit an hic totius Scripturae con¬</Unicode>
                </TextEquiv>
                <TextStyle fontFamily="Times New Roman" fontSize="9.0"/>
            </TextLine>
            <TextLine id="tl_46" primaryLanguage="English" custom="readingOrder {index:35;}">
                <Coords points="217,3021 1226,3021 1226,3077 217,3077"/>
                <Baseline points="217,3065 370,3065 462,3064 711,3064 1034,3062 1226,3062"/>
                <Word id="w_w2aab1b7b2b1c71ab1" language="English" custom="readingOrder {index:0;}">
                    <Coords points="217,3036 370,3036 370,3065 217,3065"/>
                    <TextEquiv>
                        <Unicode>sensus</Unicode>
                    </TextEquiv>
                    <TextStyle fontFamily="Times New Roman" fontSize="9.0"/>
                </Word>
                <Word id="w_w2aab1b7b2b1c71ac15" language="English" custom="readingOrder {index:1;}">
                    <Coords points="408,3023 462,3023 462,3065 408,3065"/>
                    <TextEquiv>
                        <Unicode>sit</Unicode>
                    </TextEquiv>
                    <TextStyle fontFamily="Times New Roman" fontSize="9.0"/>
                </Word>
                <Word id="w_w2aab1b7b2b1c71ac23" language="English" custom="readingOrder {index:2;}">
                    <Coords points="494,3022 711,3022 711,3065 494,3065"/>
                    <TextEquiv>
                        <Unicode>sufficiens</Unicode>
                    </TextEquiv>
                    <TextStyle fontFamily="Times New Roman" fontSize="9.0"/>
                </Word>
                <Word id="w_w2aab1b7b2b1c71ac45" language="English" custom="readingOrder {index:3;}">
                    <Coords points="733,3029 1034,3029 1034,3077 733,3077"/>
                    <TextEquiv>
                        <Unicode>argumentum</Unicode>
                    </TextEquiv>
                    <TextStyle fontFamily="Times New Roman" fontSize="9.0"/>
                </Word>
                <Word id="w_w2aab1b7b2b1c71ac67" language="English" custom="readingOrder {index:4;}">
                    <Coords points="1067,3021 1226,3021 1226,3062 1067,3062"/>
                    <TextEquiv>
                        <Unicode>divinae</Unicode>
                    </TextEquiv>
                    <TextStyle fontFamily="Times New Roman" fontSize="9.0"/>
                </Word>
                <TextEquiv>
                    <Unicode>sensus sit sufficiens argumentum divinae</Unicode>
                </TextEquiv>
                <TextStyle fontFamily="Times New Roman" fontSize="9.0"/>
            </TextLine>
            <TextLine id="tl_47" primaryLanguage="English" custom="readingOrder {index:36;}">
                <Coords points="217,3097 1224,3097 1224,3150 217,3150"/>
                <Baseline points="217,3141 496,3150 570,3141 772,3140 876,3139 1224,3138"/>
                <Word id="w_w2aab1b7b2b1c73ab1" language="English" custom="readingOrder {index:0;}">
                    <Coords points="217,3100 496,3100 496,3150 217,3150"/>
                    <TextEquiv>
                        <Unicode>auctoritatis,</Unicode>
                    </TextEquiv>
                    <TextStyle fontFamily="Times New Roman" fontSize="9.0"/>
                </Word>
                <Word id="w_w2aab1b7b2b1c73ac29" language="English" custom="readingOrder {index:1;}">
                    <Coords points="528,3099 570,3099 570,3142 528,3142"/>
                    <TextEquiv>
                        <Unicode>id</Unicode>
                    </TextEquiv>
                    <TextStyle fontFamily="Times New Roman" fontSize="9.0"/>
                </Word>
                <Word id="w_w2aab1b7b2b1c73ac35" language="English" custom="readingOrder {index:2;}">
                    <Coords points="609,3105 772,3105 772,3141 609,3141"/>
                    <TextEquiv>
                        <Unicode>certum</Unicode>
                    </TextEquiv>
                    <TextStyle fontFamily="Times New Roman" fontSize="9.0"/>
                </Word>
                <Word id="w_w2aab1b7b2b1c73ac49" language="English" custom="readingOrder {index:3;}">
                    <Coords points="811,3105 876,3105 876,3140 811,3140"/>
                    <TextEquiv>
                        <Unicode>est</Unicode>
                    </TextEquiv>
                    <TextStyle fontFamily="Times New Roman" fontSize="9.0"/>
                </Word>
                <Word id="w_w2aab1b7b2b1c73ac57" language="English" custom="readingOrder {index:4;}">
                    <Coords points="912,3097 1224,3097 1224,3140 912,3140"/>
                    <TextEquiv>
                        <Unicode>dissensionem</Unicode>
                    </TextEquiv>
                    <TextStyle fontFamily="Times New Roman" fontSize="9.0"/>
                </Word>
                <TextEquiv>
                    <Unicode>auctoritatis, id certum est dissensionem</Unicode>
                </TextEquiv>
                <TextStyle fontFamily="Times New Roman" fontSize="9.0"/>
            </TextLine>
            <TextLine id="tl_48" primaryLanguage="English" custom="readingOrder {index:37;}">
                <Coords points="217,3173 1225,3173 1225,3230 217,3230"/>
                <Baseline points="217,3217 257,3217 653,3216 720,3216 1009,3215 1225,3215"/>
                <Word id="w_w2aab1b7b2b1c75ab1" language="English" custom="readingOrder {index:0;}">
                    <Coords points="217,3183 257,3183 257,3217 217,3217"/>
                    <TextEquiv>
                        <Unicode>et</Unicode>
                    </TextEquiv>
                    <TextStyle fontFamily="Times New Roman" fontSize="9.0"/>
                </Word>
                <Word id="w_w2aab1b7b2b1c75ab7" language="English" custom="readingOrder {index:1;}">
                    <Coords points="277,3174 653,3174 653,3217 277,3217"/>
                    <TextEquiv>
                        <Unicode>contradictionem</Unicode>
                    </TextEquiv>
                    <TextStyle fontFamily="Times New Roman" fontSize="9.0"/>
                </Word>
                <Word id="w_w2aab1b7b2b1c75ac39" language="English" custom="readingOrder {index:2;}">
                    <Coords points="676,3174 720,3174 720,3216 676,3216"/>
                    <TextEquiv>
                        <Unicode>in</Unicode>
                    </TextEquiv>
                    <TextStyle fontFamily="Times New Roman" fontSize="9.0"/>
                </Word>
                <Word id="w_w2aab1b7b2b1c75ac45" language="English" custom="readingOrder {index:3;}">
                    <Coords points="741,3187 1009,3187 1009,3230 741,3230"/>
                    <TextEquiv>
                        <Unicode>quacumque</Unicode>
                    </TextEquiv>
                    <TextStyle fontFamily="Times New Roman" fontSize="9.0"/>
                </Word>
                <Word id="w_w2aab1b7b2b1c75ac65" language="English" custom="readingOrder {index:4;}">
                    <Coords points="1035,3173 1225,3173 1225,3215 1035,3215"/>
                    <TextEquiv>
                        <Unicode>doctrina</Unicode>
                    </TextEquiv>
                    <TextStyle fontFamily="Times New Roman" fontSize="9.0"/>
                </Word>
                <TextEquiv>
                    <Unicode>et contradictionem in quacumque doctrina</Unicode>
                </TextEquiv>
                <TextStyle fontFamily="Times New Roman" fontSize="9.0"/>
            </TextLine>
            <TextLine id="tl_49" primaryLanguage="English" custom="readingOrder {index:38;}">
                <Coords points="219,3248 1225,3248 1225,3305 219,3305"/>
                <Baseline points="219,3293 632,3292 867,3291 996,3301 1134,3290 1225,3281"/>
                <Word id="w_w2aab1b7b2b1c77ab1" language="English" custom="readingOrder {index:0;}">
                    <Coords points="219,3250 632,3250 632,3293 219,3293"/>
                    <TextEquiv>
                        <Unicode>sufficientissimum</Unicode>
                    </TextEquiv>
                    <TextStyle fontFamily="Times New Roman" fontSize="9.0"/>
                </Word>
                <Word id="w_w2aab1b7b2b1c77ac37" language="English" custom="readingOrder {index:1;}">
                    <Coords points="661,3249 867,3249 867,3292 661,3292"/>
                    <TextEquiv>
                        <Unicode>indicium</Unicode>
                    </TextEquiv>
                    <TextStyle fontFamily="Times New Roman" fontSize="9.0"/>
                </Word>
                <Word id="w_w2aab1b7b2b1c77ac55" language="English" custom="readingOrder {index:2;}">
                    <Coords points="890,3262 996,3262 996,3301 890,3301"/>
                    <TextEquiv>
                        <Unicode>esse,</Unicode>
                    </TextEquiv>
                    <TextStyle fontFamily="Times New Roman" fontSize="9.0"/>
                </Word>
                <Word id="w_w2aab1b7b2b1c77ac67" language="English" custom="readingOrder {index:3;}">
                    <Coords points="1023,3248 1134,3248 1134,3305 1023,3305"/>
                    <TextEquiv>
                        <Unicode>quod</Unicode>
                    </TextEquiv>
                    <TextStyle fontFamily="Times New Roman" fontSize="9.0"/>
                </Word>
                <Word id="w_w2aab1b7b2b1c77ac77" language="English" custom="readingOrder {index:4;}">
                    <Coords points="1156,3249 1225,3249 1225,3291 1156,3291"/>
                    <TextEquiv>
                        <Unicode>do¬</Unicode>
                    </TextEquiv>
                    <TextStyle fontFamily="Times New Roman" fontSize="9.0"/>
                </Word>
                <TextEquiv>
                    <Unicode>sufficientissimum indicium esse, quod do¬</Unicode>
                </TextEquiv>
                <TextStyle fontFamily="Times New Roman" fontSize="9.0"/>
            </TextLine>
            <TextLine id="tl_50" primaryLanguage="English" custom="readingOrder {index:39;}">
                <Coords points="218,3325 1224,3325 1224,3383 218,3383"/>
                <Baseline points="218,3369 353,3369 416,3368 520,3369 753,3368 864,3368 1024,3368 1140,3368 1224,3369"/>
                <Word id="w_w2aab1b7b2b1c79ab1" language="English" custom="readingOrder {index:0;}">
                    <Coords points="218,3327 353,3327 353,3369 218,3369"/>
                    <TextEquiv>
                        <Unicode>ctrina</Unicode>
                    </TextEquiv>
                    <TextStyle fontFamily="Times New Roman" fontSize="9.0"/>
                </Word>
                <Word id="w_w2aab1b7b2b1c79ac15" language="English" custom="readingOrder {index:1;}">
                    <Coords points="375,3327 416,3327 416,3368 375,3368"/>
                    <TextEquiv>
                        <Unicode>in</Unicode>
                    </TextEquiv>
                    <TextStyle fontFamily="Times New Roman" fontSize="9.0"/>
                </Word>
                <Word id="w_w2aab1b7b2b1c79ac21" language="English" custom="readingOrder {index:2;}">
                    <Coords points="439,3341 520,3341 520,3383 439,3383"/>
                    <TextEquiv>
                        <Unicode>qua</Unicode>
                    </TextEquiv>
                    <TextStyle fontFamily="Times New Roman" fontSize="9.0"/>
                </Word>
                <Word id="w_w2aab1b7b2b1c79ac29" language="English" custom="readingOrder {index:3;}">
                    <Coords points="542,3326 753,3326 753,3382 542,3382"/>
                    <TextEquiv>
                        <Unicode>reperitur</Unicode>
                    </TextEquiv>
                    <TextStyle fontFamily="Times New Roman" fontSize="9.0"/>
                </Word>
                <Word id="w_w2aab1b7b2b1c79ac49" language="English" custom="readingOrder {index:4;}">
                    <Coords points="780,3339 864,3339 864,3368 780,3368"/>
                    <TextEquiv>
                        <Unicode>non</Unicode>
                    </TextEquiv>
                    <TextStyle fontFamily="Times New Roman" fontSize="9.0"/>
                </Word>
                <Word id="w_w2aab1b7b2b1c79ac57" language="English" custom="readingOrder {index:5;}">
                    <Coords points="891,3325 1024,3325 1024,3382 891,3382"/>
                    <TextEquiv>
                        <Unicode>possit</Unicode>
                    </TextEquiv>
                    <TextStyle fontFamily="Times New Roman" fontSize="9.0"/>
                </Word>
                <Word id="w_w2aab1b7b2b1c79ac71" language="English" custom="readingOrder {index:6;}">
                    <Coords points="1045,3340 1140,3340 1140,3368 1045,3368"/>
                    <TextEquiv>
                        <Unicode>esse</Unicode>
                    </TextEquiv>
                    <TextStyle fontFamily="Times New Roman" fontSize="9.0"/>
                </Word>
                <Word id="w_w2aab1b7b2b1c79ac81" language="English" custom="readingOrder {index:7;}">
                    <Coords points="1172,3340 1224,3340 1224,3369 1172,3369"/>
                    <TextEquiv>
                        <Unicode>ex</Unicode>
                    </TextEquiv>
                    <TextStyle fontFamily="Times New Roman" fontSize="9.0"/>
                </Word>
                <TextEquiv>
                    <Unicode>ctrina in qua reperitur non possit esse ex</Unicode>
                </TextEquiv>
                <TextStyle fontFamily="Times New Roman" fontSize="9.0"/>
            </TextLine>
            <TextLine id="tl_51" primaryLanguage="English" custom="readingOrder {index:40;}">
                <Coords points="216,3409 1224,3409 1224,3457 216,3457"/>
                <Baseline points="216,3445 302,3445 444,3454 565,3445 912,3444 1018,3443 1224,3445"/>
                <Word id="w_w2aab1b7b2b1c81ab1" language="English" custom="readingOrder {index:0;}">
                    <Coords points="216,3410 302,3410 302,3445 216,3445"/>
                    <TextEquiv>
                        <Unicode>toto</Unicode>
                    </TextEquiv>
                    <TextStyle fontFamily="Times New Roman" fontSize="9.0"/>
                </Word>
                <Word id="w_w2aab1b7b2b1c81ac11" language="English" custom="readingOrder {index:1;}">
                    <Coords points="329,3416 444,3416 444,3454 329,3454"/>
                    <TextEquiv>
                        <Unicode>vera,</Unicode>
                    </TextEquiv>
                    <TextStyle fontFamily="Times New Roman" fontSize="9.0"/>
                </Word>
                <Word id="w_w2aab1b7b2b1c81ac23" language="English" custom="readingOrder {index:2;}">
                    <Coords points="488,3416 565,3416 565,3445 488,3445"/>
                    <TextEquiv>
                        <Unicode>nec</Unicode>
                    </TextEquiv>
                    <TextStyle fontFamily="Times New Roman" fontSize="9.0"/>
                </Word>
                <Word id="w_w2aab1b7b2b1c81ac31" language="English" custom="readingOrder {index:3;}">
                    <Coords points="603,3410 912,3410 912,3457 603,3457"/>
                    <TextEquiv>
                        <Unicode>consequenter</Unicode>
                    </TextEquiv>
                    <TextStyle fontFamily="Times New Roman" fontSize="9.0"/>
                </Word>
                <Word id="w_w2aab1b7b2b1c81ac57" language="English" custom="readingOrder {index:4;}">
                    <Coords points="944,3415 1018,3415 1018,3457 944,3457"/>
                    <TextEquiv>
                        <Unicode>pro</Unicode>
                    </TextEquiv>
                    <TextStyle fontFamily="Times New Roman" fontSize="9.0"/>
                </Word>
                <Word id="w_w2aab1b7b2b1c81ac65" language="English" custom="readingOrder {index:5;}">
                    <Coords points="1053,3409 1224,3409 1224,3445 1053,3445"/>
                    <TextEquiv>
                        <Unicode>auctore</Unicode>
                    </TextEquiv>
                    <TextStyle fontFamily="Times New Roman" fontSize="9.0"/>
                </Word>
                <TextEquiv>
                    <Unicode>toto vera, nec consequenter pro auctore</Unicode>
                </TextEquiv>
                <TextStyle fontFamily="Times New Roman" fontSize="9.0"/>
            </TextLine>
            <TextLine id="tl_52" primaryLanguage="English" custom="readingOrder {index:41;}">
                <Coords points="216,3475 1222,3475 1222,3519 216,3519"/>
                <Baseline points="216,3518 288,3518 515,3518 700,3517 885,3517 1046,3517 1222,3516"/>
                <Word id="w_w2aab1b7b2b1c83ab1" language="English" custom="readingOrder {index:0;}">
                    <Coords points="216,3484 288,3484 288,3519 216,3519"/>
                    <TextEquiv>
                        <Unicode>aut</Unicode>
                    </TextEquiv>
                    <TextStyle fontFamily="Times New Roman" fontSize="9.0"/>
                </Word>
                <Word id="w_w2aab1b7b2b1c83ab9" language="English" custom="readingOrder {index:1;}">
                    <Coords points="308,3476 515,3476 515,3518 308,3518"/>
                    <TextEquiv>
                        <Unicode>directore</Unicode>
                    </TextEquiv>
                    <TextStyle fontFamily="Times New Roman" fontSize="9.0"/>
                </Word>
                <Word id="w_w2aab1b7b2b1c83ac29" language="English" custom="readingOrder {index:2;}">
                    <Coords points="541,3476 700,3476 700,3518 541,3518"/>
                    <TextEquiv>
                        <Unicode>habere</Unicode>
                    </TextEquiv>
                    <TextStyle fontFamily="Times New Roman" fontSize="9.0"/>
                </Word>
                <Word id="w_w2aab1b7b2b1c83ac43" language="English" custom="readingOrder {index:3;}">
                    <Coords points="736,3477 885,3477 885,3517 736,3517"/>
                    <TextEquiv>
                        <Unicode>Deum.</Unicode>
                    </TextEquiv>
                    <TextStyle fontFamily="Times New Roman" fontSize="9.0"/>
                </Word>
                <Word id="w_w2aab1b7b2b1c83ac55" language="English" custom="readingOrder {index:4;}">
                    <Coords points="928,3475 1046,3475 1046,3517 928,3517"/>
                    <TextEquiv>
                        <Unicode>Unde</Unicode>
                    </TextEquiv>
                    <TextStyle fontFamily="Times New Roman" fontSize="9.0"/>
                </Word>
                <Word id="w_w2aab1b7b2b1c83ac65" language="English" custom="readingOrder {index:5;}">
                    <Coords points="1072,3475 1222,3475 1222,3517 1072,3517"/>
                    <TextEquiv>
                        <Unicode>saltem</Unicode>
                    </TextEquiv>
                    <TextStyle fontFamily="Times New Roman" fontSize="9.0"/>
                </Word>
                <TextEquiv>
                    <Unicode>aut directore habere Deum. Unde saltem</Unicode>
                </TextEquiv>
                <TextStyle fontFamily="Times New Roman" fontSize="9.0"/>
            </TextLine>
            <TextLine id="tl_53" primaryLanguage="English" custom="readingOrder {index:42;}">
                <Coords points="215,3551 1222,3551 1222,3602 215,3602"/>
                <Baseline points="215,3594 296,3595 518,3593 608,3593 714,3593 942,3593 1070,3602 1222,3593"/>
                <Word id="w_w2aab1b7b2b1c85ab1" language="English" custom="readingOrder {index:0;}">
                    <Coords points="215,3553 296,3553 296,3595 215,3595"/>
                    <TextEquiv>
                        <Unicode>hoc</Unicode>
                    </TextEquiv>
                    <TextStyle fontFamily="Times New Roman" fontSize="9.0"/>
                </Word>
                <Word id="w_w2aab1b7b2b1c85ab9" language="English" custom="readingOrder {index:1;}">
                    <Coords points="339,3553 518,3553 518,3594 339,3594"/>
                    <TextEquiv>
                        <Unicode>habetur</Unicode>
                    </TextEquiv>
                    <TextStyle fontFamily="Times New Roman" fontSize="9.0"/>
                </Word>
                <Word id="w_w2aab1b7b2b1c85ac25" language="English" custom="readingOrder {index:2;}">
                    <Coords points="556,3565 608,3565 608,3593 556,3593"/>
                    <TextEquiv>
                        <Unicode>ex</Unicode>
                    </TextEquiv>
                    <TextStyle fontFamily="Times New Roman" fontSize="9.0"/>
                </Word>
                <Word id="w_w2aab1b7b2b1c85ac31" language="English" custom="readingOrder {index:3;}">
                    <Coords points="635,3552 714,3552 714,3593 635,3593"/>
                    <TextEquiv>
                        <Unicode>hac</Unicode>
                    </TextEquiv>
                    <TextStyle fontFamily="Times New Roman" fontSize="9.0"/>
                </Word>
                <Word id="w_w2aab1b7b2b1c85ac39" language="English" custom="readingOrder {index:4;}">
                    <Coords points="757,3551 942,3551 942,3593 757,3593"/>
                    <TextEquiv>
                        <Unicode>secunda</Unicode>
                    </TextEquiv>
                    <TextStyle fontFamily="Times New Roman" fontSize="9.0"/>
                </Word>
                <Word id="w_w2aab1b7b2b1c85ac55" language="English" custom="readingOrder {index:5;}">
                    <Coords points="987,3551 1070,3551 1070,3602 987,3602"/>
                    <TextEquiv>
                        <Unicode>via,</Unicode>
                    </TextEquiv>
                    <TextStyle fontFamily="Times New Roman" fontSize="9.0"/>
                </Word>
                <Word id="w_w2aab1b7b2b1c85ac65" language="English" custom="readingOrder {index:6;}">
                    <Coords points="1117,3551 1222,3551 1222,3593 1117,3593"/>
                    <TextEquiv>
                        <Unicode>nihil</Unicode>
                    </TextEquiv>
                    <TextStyle fontFamily="Times New Roman" fontSize="9.0"/>
                </Word>
                <TextEquiv>
                    <Unicode>hoc habetur ex hac secunda via, nihil</Unicode>
                </TextEquiv>
                <TextStyle fontFamily="Times New Roman" fontSize="9.0"/>
            </TextLine>
            <TextLine id="tl_54" primaryLanguage="English" custom="readingOrder {index:43;}">
                <Coords points="221,3626 1223,3626 1223,3685 221,3685"/>
                <Baseline points="221,3670 441,3679 700,3670 942,3669 1026,3669 1223,3662"/>
                <Word id="w_w2aab1b7b2b1c87ab1" language="English" custom="readingOrder {index:0;}">
                    <Coords points="221,3627 441,3627 441,3685 221,3685"/>
                    <TextEquiv>
                        <Unicode>impedire,</Unicode>
                    </TextEquiv>
                    <TextStyle fontFamily="Times New Roman" fontSize="9.0"/>
                </Word>
                <Word id="w_w2aab1b7b2b1c87ac21" language="English" custom="readingOrder {index:1;}">
                    <Coords points="472,3628 700,3628 700,3683 472,3683"/>
                    <TextEquiv>
                        <Unicode>quominus</Unicode>
                    </TextEquiv>
                    <TextStyle fontFamily="Times New Roman" fontSize="9.0"/>
                </Word>
                <Word id="w_w2aab1b7b2b1c87ac39" language="English" custom="readingOrder {index:2;}">
                    <Coords points="737,3636 942,3636 942,3684 737,3684"/>
                    <TextEquiv>
                        <Unicode>quantum</Unicode>
                    </TextEquiv>
                    <TextStyle fontFamily="Times New Roman" fontSize="9.0"/>
                </Word>
                <Word id="w_w2aab1b7b2b1c87ac55" language="English" custom="readingOrder {index:3;}">
                    <Coords points="975,3626 1026,3626 1026,3670 975,3670"/>
                    <TextEquiv>
                        <Unicode>ad</Unicode>
                    </TextEquiv>
                    <TextStyle fontFamily="Times New Roman" fontSize="9.0"/>
                </Word>
                <Word id="w_w2aab1b7b2b1c87ac61" language="English" custom="readingOrder {index:4;}">
                    <Coords points="1052,3628 1223,3628 1223,3671 1052,3671"/>
                    <TextEquiv>
                        <Unicode>confor-</Unicode>
                    </TextEquiv>
                    <TextStyle fontFamily="Times New Roman" fontSize="9.0"/>
                </Word>
                <TextEquiv>
                    <Unicode>impedire, quominus quantum ad confor-</Unicode>
                </TextEquiv>
                <TextStyle fontFamily="Times New Roman" fontSize="9.0"/>
            </TextLine>
            <TextEquiv>
                <Unicode>ticulariter a Deo, quia conclusiones et
principia non habentia evidentiam ex ter¬
minis mediate aut immediate non possunt
movere intellectum ad assensum, nisi vel
probabiliter propter apparentiam quamdam
veritatis quam habere videntur ; vel pro¬
pter auctoritatem alicujus vel aliquorum,
qui illa proponerent, ut est evidens, quia
si alio modo moverent intellectum, habe¬
rent evidentiam ex terminis mediate vel
immediate contra suppositum; sed quse
movent tantum hoc modo, non solent
aequaliter movere plures auctores diver¬
sarum aetatum et diversae dispositionis,
imo nec eumdem semper omni tempore,
ut patet experientia. Hoc autem maxime
confirmatur, quando isti plures non ita su-
hordinantur sibi, ut Magistri et discipuli, ut
contingit in proposito/neque enim Ezechiel
Propheta erat discipulus Jeremiae, aut e con¬
tra, nec Evangelistae illorum aut aliorum
veteris Testamenti. Quod si essent etiam
sic subordinati, adhuc moraliter loquendo
impossibile est quin dissentirent in praece¬
ptis morum, praesertim auctores novi
Testamenti ab auctoribus veteris. Nam
cum dicant professionem veteris legis
quoad legalia et caeremonialia non valere,
et ab ejus observantia Judaeos tenacissi¬
mos ejus professores, abducere conati
sint, omnino si humano spiritu duceren¬
tur, etiam moralia aliqua ejus reprehen¬
derent, et sic dissentirent in moralibus
ab auctoribus veteris Testamenti. Sed
quidquid sit an hic totius Scripturae con¬
sensus sit sufficiens argumentum divinae
auctoritatis, id certum est dissensionem
et contradictionem in quacumque doctrina
sufficientissimum indicium esse, quod do¬
ctrina in qua reperitur non possit esse ex
toto vera, nec consequenter pro auctore
aut directore habere Deum. Unde saltem
hoc habetur ex hac secunda via, nihil
impedire, quominus quantum ad confor-</Unicode>
            </TextEquiv>
        </TextRegion>
        <TextRegion type="paragraph" id="r_5_1" custom="readingOrder {index:1;}">
            <Coords points="1296,345 2315,345 2315,705 1296,705"/>
            <TextLine id="tl_56" primaryLanguage="English" custom="readingOrder {index:0;}">
                <Coords points="1299,346 2310,346 2310,402 1299,402"/>
                <Baseline points="1299,396 1491,394 1564,394 1783,392 1832,392 1936,389 2143,389 2310,377"/>
                <Word id="w_w2aab1b9b2b1b1ab1" language="English" custom="readingOrder {index:0;}">
                    <Coords points="1299,352 1491,352 1491,397 1299,397"/>
                    <TextEquiv>
                        <Unicode>mitatem</Unicode>
                    </TextEquiv>
                    <TextStyle fontFamily="Times New Roman" fontSize="9.0"/>
                </Word>
                <Word id="w_w2aab1b9b2b1b1ac17" language="English" custom="readingOrder {index:1;}">
                    <Coords points="1522,351 1564,351 1564,394 1522,394"/>
                    <TextEquiv>
                        <Unicode>in</Unicode>
                    </TextEquiv>
                    <TextStyle fontFamily="Times New Roman" fontSize="9.0"/>
                </Word>
                <Word id="w_w2aab1b9b2b1b1ac23" language="English" custom="readingOrder {index:2;}">
                    <Coords points="1591,350 1783,350 1783,393 1591,393"/>
                    <TextEquiv>
                        <Unicode>doctrina</Unicode>
                    </TextEquiv>
                    <TextStyle fontFamily="Times New Roman" fontSize="9.0"/>
                </Word>
                <Word id="w_w2aab1b9b2b1b1ac41" language="English" custom="readingOrder {index:3;}">
                    <Coords points="1810,365 1832,365 1832,392 1810,392"/>
                    <TextEquiv>
                        <Unicode>a</Unicode>
                    </TextEquiv>
                    <TextStyle fontFamily="Times New Roman" fontSize="9.0"/>
                </Word>
                <Word id="w_w2aab1b9b2b1b1ac45" language="English" custom="readingOrder {index:4;}">
                    <Coords points="1854,350 1936,350 1936,391 1854,391"/>
                    <TextEquiv>
                        <Unicode>Deo</Unicode>
                    </TextEquiv>
                    <TextStyle fontFamily="Times New Roman" fontSize="9.0"/>
                </Word>
                <Word id="w_w2aab1b9b2b1b1ac53" language="English" custom="readingOrder {index:5;}">
                    <Coords points="1960,346 2143,346 2143,390 1960,390"/>
                    <TextEquiv>
                        <Unicode>revelata</Unicode>
                    </TextEquiv>
                    <TextStyle fontFamily="Times New Roman" fontSize="9.0"/>
                </Word>
                <Word id="w_w2aab1b9b2b1b1ac71" language="English" custom="readingOrder {index:6;}">
                    <Coords points="2168,346 2310,346 2310,402 2168,402"/>
                    <TextEquiv>
                        <Unicode>requi¬</Unicode>
                    </TextEquiv>
                    <TextStyle fontFamily="Times New Roman" fontSize="9.0"/>
                </Word>
                <TextEquiv>
                    <Unicode>mitatem in doctrina a Deo revelata requi¬</Unicode>
                </TextEquiv>
                <TextStyle fontFamily="Times New Roman" fontSize="9.0"/>
            </TextLine>
            <TextLine id="tl_57" primaryLanguage="English" custom="readingOrder {index:1;}">
                <Coords points="1302,421 2314,421 2314,483 1302,483"/>
                <Baseline points="1302,473 1444,481 1558,470 1803,469 1958,465 2066,465 2243,473 2314,462"/>
                <Word id="w_w2aab1b9b2b1b3ab1" language="English" custom="readingOrder {index:0;}">
                    <Coords points="1302,431 1444,431 1444,481 1302,481"/>
                    <TextEquiv>
                        <Unicode>sitam,</Unicode>
                    </TextEquiv>
                    <TextStyle fontFamily="Times New Roman" fontSize="9.0"/>
                </Word>
                <Word id="w_w2aab1b9b2b1b3ac15" language="English" custom="readingOrder {index:1;}">
                    <Coords points="1474,435 1558,435 1558,470 1474,470"/>
                    <TextEquiv>
                        <Unicode>tota</Unicode>
                    </TextEquiv>
                    <TextStyle fontFamily="Times New Roman" fontSize="9.0"/>
                </Word>
                <Word id="w_w2aab1b9b2b1b3ac25" language="English" custom="readingOrder {index:2;}">
                    <Coords points="1586,427 1803,427 1803,483 1586,483"/>
                    <TextEquiv>
                        <Unicode>Scriptura</Unicode>
                    </TextEquiv>
                    <TextStyle fontFamily="Times New Roman" fontSize="9.0"/>
                </Word>
                <Word id="w_w2aab1b9b2b1b3ac45" language="English" custom="readingOrder {index:3;}">
                    <Coords points="1824,424 1958,424 1958,482 1824,482"/>
                    <TextEquiv>
                        <Unicode>possit</Unicode>
                    </TextEquiv>
                    <TextStyle fontFamily="Times New Roman" fontSize="9.0"/>
                </Word>
                <Word id="w_w2aab1b9b2b1b3ac59" language="English" custom="readingOrder {index:4;}">
                    <Coords points="1982,426 2066,426 2066,467 1982,467"/>
                    <TextEquiv>
                        <Unicode>Deo</Unicode>
                    </TextEquiv>
                    <TextStyle fontFamily="Times New Roman" fontSize="9.0"/>
                </Word>
                <Word id="w_w2aab1b9b2b1b3ac67" language="English" custom="readingOrder {index:5;}">
                    <Coords points="2098,421 2243,421 2243,473 2098,473"/>
                    <TextEquiv>
                        <Unicode>tribui,</Unicode>
                    </TextEquiv>
                    <TextStyle fontFamily="Times New Roman" fontSize="9.0"/>
                </Word>
                <Word id="w_w2aab1b9b2b1b3ac83" language="English" custom="readingOrder {index:6;}">
                    <Coords points="2269,428 2314,428 2314,464 2269,464"/>
                    <TextEquiv>
                        <Unicode>ut</Unicode>
                    </TextEquiv>
                    <TextStyle fontFamily="Times New Roman" fontSize="9.0"/>
                </Word>
                <TextEquiv>
                    <Unicode>sitam, tota Scriptura possit Deo tribui, ut</Unicode>
                </TextEquiv>
                <TextStyle fontFamily="Times New Roman" fontSize="9.0"/>
            </TextLine>
            <TextLine id="tl_58" primaryLanguage="English" custom="readingOrder {index:2;}">
                <Coords points="1299,497 2312,497 2312,564 1299,564"/>
                <Baseline points="1299,550 1475,558 1632,548 1841,552 1964,542 2068,543 2312,539"/>
                <Word id="w_w2aab1b9b2b1b5ab1" language="English" custom="readingOrder {index:0;}">
                    <Coords points="1299,507 1475,507 1475,558 1299,558"/>
                    <TextEquiv>
                        <Unicode>auctori,</Unicode>
                    </TextEquiv>
                    <TextStyle fontFamily="Times New Roman" fontSize="9.0"/>
                </Word>
                <Word id="w_w2aab1b9b2b1b5ac19" language="English" custom="readingOrder {index:1;}">
                    <Coords points="1519,506 1632,506 1632,564 1519,564"/>
                    <TextEquiv>
                        <Unicode>quod</Unicode>
                    </TextEquiv>
                    <TextStyle fontFamily="Times New Roman" fontSize="9.0"/>
                </Word>
                <Word id="w_w2aab1b9b2b1b5ac29" language="English" custom="readingOrder {index:2;}">
                    <Coords points="1661,503 1841,503 1841,552 1661,552"/>
                    <TextEquiv>
                        <Unicode>sufficit;</Unicode>
                    </TextEquiv>
                    <TextStyle fontFamily="Times New Roman" fontSize="9.0"/>
                </Word>
                <Word id="w_w2aab1b9b2b1b5ac49" language="English" custom="readingOrder {index:3;}">
                    <Coords points="1869,515 1964,515 1964,543 1869,543"/>
                    <TextEquiv>
                        <Unicode>nam</Unicode>
                    </TextEquiv>
                    <TextStyle fontFamily="Times New Roman" fontSize="9.0"/>
                </Word>
                <Word id="w_w2aab1b9b2b1b5ac57" language="English" custom="readingOrder {index:4;}">
                    <Coords points="1988,501 2068,501 2068,543 1988,543"/>
                    <TextEquiv>
                        <Unicode>hoc</Unicode>
                    </TextEquiv>
                    <TextStyle fontFamily="Times New Roman" fontSize="9.0"/>
                </Word>
                <Word id="w_w2aab1b9b2b1b5ac65" language="English" custom="readingOrder {index:5;}">
                    <Coords points="2089,497 2312,497 2312,556 2089,556"/>
                    <TextEquiv>
                        <Unicode>supposito</Unicode>
                    </TextEquiv>
                    <TextStyle fontFamily="Times New Roman" fontSize="9.0"/>
                </Word>
                <TextEquiv>
                    <Unicode>auctori, quod sufficit; nam hoc supposito</Unicode>
                </TextEquiv>
                <TextStyle fontFamily="Times New Roman" fontSize="9.0"/>
            </TextLine>
            <TextLine id="tl_59" primaryLanguage="English" custom="readingOrder {index:3;}">
                <Coords points="1297,581 2307,581 2307,641 1297,641"/>
                <Baseline points="1297,627 1450,626 1661,638 1861,628 1929,628 2112,623 2307,634"/>
                <Word id="w_w2aab1b9b2b1b7ab1" language="English" custom="readingOrder {index:0;}">
                    <Coords points="1297,591 1450,591 1450,627 1297,627"/>
                    <TextEquiv>
                        <Unicode>coetera</Unicode>
                    </TextEquiv>
                    <TextStyle fontFamily="Times New Roman" fontSize="9.0"/>
                </Word>
                <Word id="w_w2aab1b9b2b1b7ac17" language="English" custom="readingOrder {index:1;}">
                    <Coords points="1490,583 1661,583 1661,638 1490,638"/>
                    <TextEquiv>
                        <Unicode>indicia,</Unicode>
                    </TextEquiv>
                    <TextStyle fontFamily="Times New Roman" fontSize="9.0"/>
                </Word>
                <Word id="w_w2aab1b9b2b1b7ac35" language="English" custom="readingOrder {index:2;}">
                    <Coords points="1706,585 1861,585 1861,641 1706,641"/>
                    <TextEquiv>
                        <Unicode>quibus</Unicode>
                    </TextEquiv>
                    <TextStyle fontFamily="Times New Roman" fontSize="9.0"/>
                </Word>
                <Word id="w_w2aab1b9b2b1b7ac49" language="English" custom="readingOrder {index:3;}">
                    <Coords points="1890,587 1929,587 1929,628 1890,628"/>
                    <TextEquiv>
                        <Unicode>id</Unicode>
                    </TextEquiv>
                    <TextStyle fontFamily="Times New Roman" fontSize="9.0"/>
                </Word>
                <Word id="w_w2aab1b9b2b1b7ac55" language="English" custom="readingOrder {index:4;}">
                    <Coords points="1969,581 2112,581 2112,637 1969,637"/>
                    <TextEquiv>
                        <Unicode>colligi</Unicode>
                    </TextEquiv>
                    <TextStyle fontFamily="Times New Roman" fontSize="9.0"/>
                </Word>
                <Word id="w_w2aab1b9b2b1b7ac71" language="English" custom="readingOrder {index:5;}">
                    <Coords points="2158,581 2307,581 2307,637 2158,637"/>
                    <TextEquiv>
                        <Unicode>possit,</Unicode>
                    </TextEquiv>
                    <TextStyle fontFamily="Times New Roman" fontSize="9.0"/>
                </Word>
                <TextEquiv>
                    <Unicode>coetera indicia, quibus id colligi possit,</Unicode>
                </TextEquiv>
                <TextStyle fontFamily="Times New Roman" fontSize="9.0"/>
            </TextLine>
            <TextLine id="tl_60" primaryLanguage="English" custom="readingOrder {index:4;}">
                <Coords points="1298,659 1524,659 1524,704 1298,704"/>
                <Baseline points="1298,702 1524,704"/>
                <Word id="w_w2aab1b9b2b1b9ab1" language="English" custom="readingOrder {index:0;}">
                    <Coords points="1298,659 1524,659 1524,704 1298,704"/>
                    <TextEquiv>
                        <Unicode>habentur.</Unicode>
                    </TextEquiv>
                    <TextStyle fontFamily="Times New Roman" fontSize="9.0"/>
                </Word>
                <TextEquiv>
                    <Unicode>habentur.</Unicode>
                </TextEquiv>
                <TextStyle fontFamily="Times New Roman" fontSize="9.0"/>
            </TextLine>
            <TextEquiv>
                <Unicode>mitatem in doctrina a Deo revelata requi¬
sitam, tota Scriptura possit Deo tribui, ut
auctori, quod sufficit; nam hoc supposito
coetera indicia, quibus id colligi possit,
habentur.</Unicode>
            </TextEquiv>
        </TextRegion>
        <TextRegion type="paragraph" id="r_5_2" custom="readingOrder {index:2;}">
            <Coords points="1294,736 2316,736 2316,2552 1294,2552"/>
            <TextLine id="tl_61" primaryLanguage="English" custom="readingOrder {index:0;}">
                <Coords points="1356,737 2302,737 2302,791 1356,791"/>
                <Baseline points="1356,777 1498,780 1603,782 1687,783 2045,788 2216,791 2302,780"/>
                <Word id="w_w2aab1b9b2b3b1ab1" language="English" custom="readingOrder {index:0;}">
                    <Coords points="1356,737 1498,737 1498,781 1356,781"/>
                    <TextEquiv>
                        <Unicode>Sjlum</Unicode>
                    </TextEquiv>
                    <TextStyle fontFamily="Times New Roman" fontSize="9.0"/>
                </Word>
                <Word id="w_w2aab1b9b2b3b1ac13" language="English" custom="readingOrder {index:1;}">
                    <Coords points="1535,740 1603,740 1603,782 1535,782"/>
                    <TextEquiv>
                        <Unicode>hic</Unicode>
                    </TextEquiv>
                    <TextStyle fontFamily="Times New Roman" fontSize="9.0"/>
                </Word>
                <Word id="w_w2aab1b9b2b3b1ac21" language="English" custom="readingOrder {index:2;}">
                    <Coords points="1635,741 1687,741 1687,783 1635,783"/>
                    <TextEquiv>
                        <Unicode>ad</Unicode>
                    </TextEquiv>
                    <TextStyle fontFamily="Times New Roman" fontSize="9.0"/>
                </Word>
                <Word id="w_w2aab1b9b2b3b1ac27" language="English" custom="readingOrder {index:3;}">
                    <Coords points="1721,741 2045,741 2045,788 1721,788"/>
                    <TextEquiv>
                        <Unicode>declarationem</Unicode>
                    </TextEquiv>
                    <TextStyle fontFamily="Times New Roman" fontSize="9.0"/>
                </Word>
                <Word id="w_w2aab1b9b2b3b1ac55" language="English" custom="readingOrder {index:4;}">
                    <Coords points="2075,754 2216,754 2216,791 2075,791"/>
                    <TextEquiv>
                        <Unicode>textus</Unicode>
                    </TextEquiv>
                    <TextStyle fontFamily="Times New Roman" fontSize="9.0"/>
                </Word>
                <Word id="w_w2aab1b9b2b3b1ac69" language="English" custom="readingOrder {index:5;}">
                    <Coords points="2238,749 2302,749 2302,791 2238,791"/>
                    <TextEquiv>
                        <Unicode>in¬</Unicode>
                    </TextEquiv>
                    <TextStyle fontFamily="Times New Roman" fontSize="9.0"/>
                </Word>
                <TextEquiv>
                    <Unicode>Sjlum hic ad declarationem textus in¬</Unicode>
                </TextEquiv>
                <TextStyle fontFamily="Times New Roman" fontSize="9.0"/>
            </TextLine>
            <TextLine id="tl_62" primaryLanguage="English" custom="readingOrder {index:1;}">
                <Coords points="1297,813 2306,813 2306,874 1297,874"/>
                <Baseline points="1297,854 1553,856 1727,868 1874,862 1983,863 2116,864 2306,867"/>
                <Word id="w_w2aab1b9b2b3b3ab1" language="English" custom="readingOrder {index:0;}">
                    <Coords points="1297,813 1553,813 1553,856 1297,856"/>
                    <TextEquiv>
                        <Unicode>sinuandum</Unicode>
                    </TextEquiv>
                    <TextStyle fontFamily="Times New Roman" fontSize="9.0"/>
                </Word>
                <Word id="w_w2aab1b9b2b3b3ac21" language="English" custom="readingOrder {index:1;}">
                    <Coords points="1584,824 1727,824 1727,868 1584,868"/>
                    <TextEquiv>
                        <Unicode>restat,</Unicode>
                    </TextEquiv>
                    <TextStyle fontFamily="Times New Roman" fontSize="9.0"/>
                </Word>
                <Word id="w_w2aab1b9b2b3b3ac37" language="English" custom="readingOrder {index:2;}">
                    <Coords points="1773,819 1874,819 1874,874 1773,874"/>
                    <TextEquiv>
                        <Unicode>quid</Unicode>
                    </TextEquiv>
                    <TextStyle fontFamily="Times New Roman" fontSize="9.0"/>
                </Word>
                <Word id="w_w2aab1b9b2b3b3ac47" language="English" custom="readingOrder {index:3;}">
                    <Coords points="1902,822 1983,822 1983,864 1902,864"/>
                    <TextEquiv>
                        <Unicode>sibi</Unicode>
                    </TextEquiv>
                    <TextStyle fontFamily="Times New Roman" fontSize="9.0"/>
                </Word>
                <Word id="w_w2aab1b9b2b3b3ac57" language="English" custom="readingOrder {index:4;}">
                    <Coords points="2024,823 2116,823 2116,865 2024,865"/>
                    <TextEquiv>
                        <Unicode>vult</Unicode>
                    </TextEquiv>
                    <TextStyle fontFamily="Times New Roman" fontSize="9.0"/>
                </Word>
                <Word id="w_w2aab1b9b2b3b3ac67" language="English" custom="readingOrder {index:5;}">
                    <Coords points="2154,826 2306,826 2306,867 2154,867"/>
                    <TextEquiv>
                        <Unicode>Doctor</Unicode>
                    </TextEquiv>
                    <TextStyle fontFamily="Times New Roman" fontSize="9.0"/>
                </Word>
                <TextEquiv>
                    <Unicode>sinuandum restat, quid sibi vult Doctor</Unicode>
                </TextEquiv>
                <TextStyle fontFamily="Times New Roman" fontSize="9.0"/>
            </TextLine>
            <TextLine id="tl_63" primaryLanguage="English" custom="readingOrder {index:2;}">
                <Coords points="1296,889 2308,889 2308,948 1296,948"/>
                <Baseline points="1296,930 1397,931 1486,931 1609,934 1654,948 1747,935 1797,935 2111,941 2149,941 2308,942"/>
                <Word id="w_w2aab1b9b2b3b5ab1" language="English" custom="readingOrder {index:0;}">
                    <Coords points="1296,889 1397,889 1397,931 1296,931"/>
                    <TextEquiv>
                        <Unicode>dum</Unicode>
                    </TextEquiv>
                    <TextStyle fontFamily="Times New Roman" fontSize="9.0"/>
                </Word>
                <Word id="w_w2aab1b9b2b3b5ab9" language="English" custom="readingOrder {index:1;}">
                    <Coords points="1444,889 1486,889 1486,931 1444,931"/>
                    <TextEquiv>
                        <Unicode>in</Unicode>
                    </TextEquiv>
                    <TextStyle fontFamily="Times New Roman" fontSize="9.0"/>
                </Word>
                <Word id="w_w2aab1b9b2b3b5ac15" language="English" custom="readingOrder {index:2;}">
                    <Coords points="1526,890 1609,890 1609,934 1526,934"/>
                    <TextEquiv>
                        <Unicode>fine</Unicode>
                    </TextEquiv>
                    <TextStyle fontFamily="Times New Roman" fontSize="9.0"/>
                </Word>
                <Word id="w_w2aab1b9b2b3b5ac25" language="English" custom="readingOrder {index:3;}">
                    <Coords points="1634,892 1654,892 1654,948 1634,948"/>
                    <TextEquiv>
                        <Unicode>Z</Unicode>
                    </TextEquiv>
                    <TextStyle fontFamily="Times New Roman" fontSize="9.0"/>
                </Word>
                <Word id="w_w2aab1b9b2b3b5b1b1" language="English" custom="readingOrder {index:4;}">
                    <Coords points="1687,895 1747,895 1747,935 1687,935"/>
                    <TextEquiv>
                        <Unicode>De</Unicode>
                    </TextEquiv>
                    <TextStyle fontFamily="Times New Roman" fontSize="9.0" italic="true"/>
                </Word>
                <Word id="w_w2aab1b9b2b3b5b1b7" language="English" custom="readingOrder {index:5;}">
                    <Coords points="1778,897 1963,897 1963,938 1778,938"/>
                    <TextEquiv>
                        <Unicode>secundo</Unicode>
                    </TextEquiv>
                    <TextStyle fontFamily="Times New Roman" fontSize="9.0" italic="true"/>
                </Word>
                <Word id="w_w2aab1b9b2b3b5b2b3" language="English" custom="readingOrder {index:6;}">
                    <Coords points="2008,898 2111,898 2111,941 2008,941"/>
                    <TextEquiv>
                        <Unicode>dicit</Unicode>
                    </TextEquiv>
                    <TextStyle fontFamily="Times New Roman" fontSize="9.0"/>
                </Word>
                <Word id="w_w2aab1b9b2b3b5b2c15" language="English" custom="readingOrder {index:7;}">
                    <Coords points="2140,900 2149,900 2149,944 2140,944"/>
                    <TextEquiv>
                        <Unicode>:</Unicode>
                    </TextEquiv>
                    <TextStyle fontFamily="Times New Roman" fontSize="9.0"/>
                </Word>
                <Word id="w_w2aab1b9b2b3b5b3b1" language="English" custom="readingOrder {index:8;}">
                    <Coords points="2180,900 2308,900 2308,944 2180,944"/>
                    <TextEquiv>
                        <Unicode>Nihil</Unicode>
                    </TextEquiv>
                    <TextStyle fontFamily="Times New Roman" fontSize="9.0" italic="true"/>
                </Word>
                <TextEquiv>
                    <Unicode>dum in fine Z De secundo dicit : Nihil</Unicode>
                </TextEquiv>
            </TextLine>
            <TextLine id="tl_64" primaryLanguage="English" custom="readingOrder {index:3;}">
                <Coords points="1296,968 2309,968 2309,1031 1296,1031"/>
                <Baseline points="1296,1006 1439,1008 1714,1011 1934,1014 2052,1016 2143,1026 2309,1018"/>
                <Word id="w_w2aab1b9b2b3b7ab1" language="English" custom="readingOrder {index:0;}">
                    <Coords points="1296,973 1439,973 1439,1008 1296,1008"/>
                    <TextEquiv>
                        <Unicode>autem</Unicode>
                    </TextEquiv>
                    <TextStyle fontFamily="Times New Roman" fontSize="9.0" italic="true"/>
                </Word>
                <Word id="w_w2aab1b9b2b3b7ac13" language="English" custom="readingOrder {index:1;}">
                    <Coords points="1465,968 1714,968 1714,1024 1465,1024"/>
                    <TextEquiv>
                        <Unicode>intelligens</Unicode>
                    </TextEquiv>
                    <TextStyle fontFamily="Times New Roman" fontSize="9.0" italic="true"/>
                </Word>
                <Word id="w_w2aab1b9b2b3b7ac37" language="English" custom="readingOrder {index:2;}">
                    <Coords points="1734,973 1934,973 1934,1026 1734,1026"/>
                    <TextEquiv>
                        <Unicode>superius</Unicode>
                    </TextEquiv>
                    <TextStyle fontFamily="Times New Roman" fontSize="9.0" italic="true"/>
                </Word>
                <Word id="w_w2aab1b9b2b3b7ac55" language="English" custom="readingOrder {index:3;}">
                    <Coords points="1955,974 2128,974 2128,1017 1955,1017"/>
                    <TextEquiv>
                        <Unicode>homine</Unicode>
                    </TextEquiv>
                    <TextStyle fontFamily="Times New Roman" fontSize="9.0" italic="true"/>
                </Word>
                <Word id="w_w2aab1b9b2b3b7b1b1" language="English" custom="readingOrder {index:4;}">
                    <Coords points="2133,990 2143,990 2143,1031 2133,1031"/>
                    <TextEquiv>
                        <Unicode>,</Unicode>
                    </TextEquiv>
                    <TextStyle fontFamily="Times New Roman" fontSize="9.0"/>
                </Word>
                <Word id="w_w2aab1b9b2b3b7b2b1" language="English" custom="readingOrder {index:5;}">
                    <Coords points="2171,983 2309,983 2309,1031 2171,1031"/>
                    <TextEquiv>
                        <Unicode>potest</Unicode>
                    </TextEquiv>
                    <TextStyle fontFamily="Times New Roman" fontSize="9.0" italic="true"/>
                </Word>
                <TextEquiv>
                    <Unicode>autem intelligens superius homine, potest</Unicode>
                </TextEquiv>
            </TextLine>
            <TextLine id="tl_65" primaryLanguage="English" custom="readingOrder {index:4;}">
                <Coords points="1296,1041 2308,1041 2308,1099 1296,1099"/>
                <Baseline points="1296,1082 1514,1085 1737,1088 1922,1099 2039,1091 2103,1092 2308,1095"/>
                <Word id="w_w2aab1b9b2b3b9ab1" language="English" custom="readingOrder {index:0;}">
                    <Coords points="1296,1041 1514,1041 1514,1085 1296,1085"/>
                    <TextEquiv>
                        <Unicode>hominem</Unicode>
                    </TextEquiv>
                    <TextStyle fontFamily="Times New Roman" fontSize="9.0" italic="true"/>
                </Word>
                <Word id="w_w2aab1b9b2b3b9ac17" language="English" custom="readingOrder {index:1;}">
                    <Coords points="1541,1045 1737,1045 1737,1099 1541,1099"/>
                    <TextEquiv>
                        <Unicode>effective</Unicode>
                    </TextEquiv>
                    <TextStyle fontFamily="Times New Roman" fontSize="9.0" italic="true"/>
                </Word>
                <Word id="w_w2aab1b9b2b3b9ac37" language="English" custom="readingOrder {index:2;}">
                    <Coords points="1757,1046 1922,1046 1922,1099 1757,1099"/>
                    <TextEquiv>
                        <Unicode>docere,</Unicode>
                    </TextEquiv>
                    <TextStyle fontFamily="Times New Roman" fontSize="9.0" italic="true"/>
                </Word>
                <Word id="w_w2aab1b9b2b3b9ac53" language="English" custom="readingOrder {index:3;}">
                    <Coords points="1949,1051 2039,1051 2039,1092 1949,1092"/>
                    <TextEquiv>
                        <Unicode>nisi</Unicode>
                    </TextEquiv>
                    <TextStyle fontFamily="Times New Roman" fontSize="9.0" italic="true"/>
                </Word>
                <Word id="w_w2aab1b9b2b3b9ac63" language="English" custom="readingOrder {index:4;}">
                    <Coords points="2067,1052 2192,1052 2192,1094 2067,1094"/>
                    <TextEquiv>
                        <Unicode>Deus.</Unicode>
                    </TextEquiv>
                    <TextStyle fontFamily="Times New Roman" fontSize="9.0" italic="true"/>
                </Word>
                <Word id="w_w2aab1b9b2b3b9b1b3" language="English" custom="readingOrder {index:5;}">
                    <Coords points="2224,1055 2308,1055 2308,1095 2224,1095"/>
                    <TextEquiv>
                        <Unicode>IIoc</Unicode>
                    </TextEquiv>
                    <TextStyle fontFamily="Times New Roman" fontSize="9.0"/>
                </Word>
                <TextEquiv>
                    <Unicode>hominem effective docere, nisi Deus. IIoc</Unicode>
                </TextEquiv>
            </TextLine>
            <TextLine id="tl_66" primaryLanguage="English" custom="readingOrder {index:5;}">
                <Coords points="1297,1117 2307,1117 2307,1178 1297,1178"/>
                <Baseline points="1297,1158 1411,1159 1614,1161 1800,1164 1969,1165 2045,1166 2114,1168 2199,1169 2307,1170"/>
                <Word id="w_w2aab1b9b2b3c11ab1" language="English" custom="readingOrder {index:0;}">
                    <Coords points="1297,1117 1411,1117 1411,1159 1297,1159"/>
                    <TextEquiv>
                        <Unicode>enim</Unicode>
                    </TextEquiv>
                    <TextStyle fontFamily="Times New Roman" fontSize="9.0"/>
                </Word>
                <Word id="w_w2aab1b9b2b3c11ac11" language="English" custom="readingOrder {index:1;}">
                    <Coords points="1443,1118 1614,1118 1614,1161 1443,1161"/>
                    <TextEquiv>
                        <Unicode>videtur</Unicode>
                    </TextEquiv>
                    <TextStyle fontFamily="Times New Roman" fontSize="9.0"/>
                </Word>
                <Word id="w_w2aab1b9b2b3c11ac27" language="English" custom="readingOrder {index:2;}">
                    <Coords points="1654,1130 1800,1130 1800,1164 1654,1164"/>
                    <TextEquiv>
                        <Unicode>contra</Unicode>
                    </TextEquiv>
                    <TextStyle fontFamily="Times New Roman" fontSize="9.0"/>
                </Word>
                <Word id="w_w2aab1b9b2b3c11ac41" language="English" custom="readingOrder {index:3;}">
                    <Coords points="1829,1123 1969,1123 1969,1178 1829,1178"/>
                    <TextEquiv>
                        <Unicode>ipsum</Unicode>
                    </TextEquiv>
                    <TextStyle fontFamily="Times New Roman" fontSize="9.0"/>
                </Word>
                <Word id="w_w2aab1b9b2b3c11ac53" language="English" custom="readingOrder {index:4;}">
                    <Coords points="2004,1125 2045,1125 2045,1166 2004,1166"/>
                    <TextEquiv>
                        <Unicode>in</Unicode>
                    </TextEquiv>
                    <TextStyle fontFamily="Times New Roman" fontSize="9.0"/>
                </Word>
                <Word id="w_w2aab1b9b2b3c11ac59" language="English" custom="readingOrder {index:5;}">
                    <Coords points="2075,1127 2114,1127 2114,1168 2075,1168"/>
                    <TextEquiv>
                        <Unicode>2.</Unicode>
                    </TextEquiv>
                    <TextStyle fontFamily="Times New Roman" fontSize="9.0"/>
                </Word>
                <Word id="w_w2aab1b9b2b3c11ac65" language="English" custom="readingOrder {index:6;}">
                    <Coords points="2158,1127 2199,1127 2199,1169 2158,1169"/>
                    <TextEquiv>
                        <Unicode>d.</Unicode>
                    </TextEquiv>
                    <TextStyle fontFamily="Times New Roman" fontSize="9.0"/>
                </Word>
                <Word id="w_w2aab1b9b2b3c11ac71" language="English" custom="readingOrder {index:7;}">
                    <Coords points="2240,1132 2307,1132 2307,1170 2240,1170"/>
                    <TextEquiv>
                        <Unicode>11.</Unicode>
                    </TextEquiv>
                    <TextStyle fontFamily="Times New Roman" fontSize="9.0"/>
                </Word>
                <TextEquiv>
                    <Unicode>enim videtur contra ipsum in 2. d. 11.</Unicode>
                </TextEquiv>
                <TextStyle fontFamily="Times New Roman" fontSize="9.0"/>
            </TextLine>
            <TextLine id="tl_67" primaryLanguage="English" custom="readingOrder {index:6;}">
                <Coords points="1297,1198 2313,1198 2313,1258 1297,1258"/>
                <Baseline points="1297,1235 1414,1238 1480,1238 1732,1240 1972,1244 2127,1246 2313,1248"/>
                <Word id="w_w2aab1b9b2b3c13ab1" language="English" custom="readingOrder {index:0;}">
                    <Coords points="1297,1207 1414,1207 1414,1238 1297,1238"/>
                    <TextEquiv>
                        <Unicode>num.</Unicode>
                    </TextEquiv>
                    <TextStyle fontFamily="Times New Roman" fontSize="9.0"/>
                </Word>
                <Word id="w_w2aab1b9b2b3c13ac11" language="English" custom="readingOrder {index:1;}">
                    <Coords points="1441,1199 1480,1199 1480,1238 1441,1238"/>
                    <TextEquiv>
                        <Unicode>5.</Unicode>
                    </TextEquiv>
                    <TextStyle fontFamily="Times New Roman" fontSize="9.0"/>
                </Word>
                <Word id="w_w2aab1b9b2b3c13ac17" language="English" custom="readingOrder {index:2;}">
                    <Coords points="1513,1198 1732,1198 1732,1240 1513,1240"/>
                    <TextEquiv>
                        <Unicode>docentem</Unicode>
                    </TextEquiv>
                    <TextStyle fontFamily="Times New Roman" fontSize="9.0"/>
                </Word>
                <Word id="w_w2aab1b9b2b3c13ac35" language="English" custom="readingOrder {index:3;}">
                    <Coords points="1760,1201 1972,1201 1972,1256 1760,1256"/>
                    <TextEquiv>
                        <Unicode>Angelum</Unicode>
                    </TextEquiv>
                    <TextStyle fontFamily="Times New Roman" fontSize="9.0"/>
                </Word>
                <Word id="w_w2aab1b9b2b3c13ac51" language="English" custom="readingOrder {index:4;}">
                    <Coords points="2003,1217 2127,1217 2127,1258 2003,1258"/>
                    <TextEquiv>
                        <Unicode>posse</Unicode>
                    </TextEquiv>
                    <TextStyle fontFamily="Times New Roman" fontSize="9.0"/>
                </Word>
                <Word id="w_w2aab1b9b2b3c13ac63" language="English" custom="readingOrder {index:5;}">
                    <Coords points="2162,1205 2313,1205 2313,1248 2162,1248"/>
                    <TextEquiv>
                        <Unicode>docere</Unicode>
                    </TextEquiv>
                    <TextStyle fontFamily="Times New Roman" fontSize="9.0"/>
                </Word>
                <TextEquiv>
                    <Unicode>num. 5. docentem Angelum posse docere</Unicode>
                </TextEquiv>
                <TextStyle fontFamily="Times New Roman" fontSize="9.0"/>
            </TextLine>
            <TextLine id="tl_68" primaryLanguage="English" custom="readingOrder {index:7;}">
                <Coords points="1296,1270 2312,1270 2312,1334 1296,1334"/>
                <Baseline points="1296,1311 1528,1314 1644,1316 1789,1317 1967,1319 2106,1320 2186,1321 2312,1323"/>
                <Word id="w_w2aab1b9b2b3c15ab1" language="English" custom="readingOrder {index:0;}">
                    <Coords points="1296,1270 1528,1270 1528,1314 1296,1314"/>
                    <TextEquiv>
                        <Unicode>hominem.</Unicode>
                    </TextEquiv>
                    <TextStyle fontFamily="Times New Roman" fontSize="9.0"/>
                </Word>
                <Word id="w_w2aab1b9b2b3c15ac19" language="English" custom="readingOrder {index:1;}">
                    <Coords points="1558,1275 1644,1275 1644,1316 1558,1316"/>
                    <TextEquiv>
                        <Unicode>Nec</Unicode>
                    </TextEquiv>
                    <TextStyle fontFamily="Times New Roman" fontSize="9.0"/>
                </Word>
                <Word id="w_w2aab1b9b2b3c15ac27" language="English" custom="readingOrder {index:2;}">
                    <Coords points="1676,1275 1789,1275 1789,1317 1676,1317"/>
                    <TextEquiv>
                        <Unicode>valet</Unicode>
                    </TextEquiv>
                    <TextStyle fontFamily="Times New Roman" fontSize="9.0"/>
                </Word>
                <Word id="w_w2aab1b9b2b3c15ac39" language="English" custom="readingOrder {index:3;}">
                    <Coords points="1823,1276 1967,1276 1967,1319 1823,1319"/>
                    <TextEquiv>
                        <Unicode>dicere</Unicode>
                    </TextEquiv>
                    <TextStyle fontFamily="Times New Roman" fontSize="9.0"/>
                </Word>
                <Word id="w_w2aab1b9b2b3c15ac53" language="English" custom="readingOrder {index:4;}">
                    <Coords points="1995,1278 2106,1278 2106,1334 1995,1334"/>
                    <TextEquiv>
                        <Unicode>quod</Unicode>
                    </TextEquiv>
                    <TextStyle fontFamily="Times New Roman" fontSize="9.0"/>
                </Word>
                <Word id="w_w2aab1b9b2b3c15ac63" language="English" custom="readingOrder {index:5;}">
                    <Coords points="2130,1280 2186,1280 2186,1321 2130,1321"/>
                    <TextEquiv>
                        <Unicode>ibi</Unicode>
                    </TextEquiv>
                    <TextStyle fontFamily="Times New Roman" fontSize="9.0"/>
                </Word>
                <Word id="w_w2aab1b9b2b3c15ac71" language="English" custom="readingOrder {index:6;}">
                    <Coords points="2208,1281 2312,1281 2312,1323 2208,1323"/>
                    <TextEquiv>
                        <Unicode>velit</Unicode>
                    </TextEquiv>
                    <TextStyle fontFamily="Times New Roman" fontSize="9.0"/>
                </Word>
                <TextEquiv>
                    <Unicode>hominem. Nec valet dicere quod ibi velit</Unicode>
                </TextEquiv>
                <TextStyle fontFamily="Times New Roman" fontSize="9.0"/>
            </TextLine>
            <TextLine id="tl_69" primaryLanguage="English" custom="readingOrder {index:8;}">
                <Coords points="1295,1346 2307,1346 2307,1407 1295,1407"/>
                <Baseline points="1295,1401 1408,1388 1618,1392 1778,1394 1949,1395 2206,1407 2307,1400"/>
                <Word id="w_w2aab1b9b2b3c17ab1" language="English" custom="readingOrder {index:0;}">
                    <Coords points="1295,1346 1408,1346 1408,1401 1295,1401"/>
                    <TextEquiv>
                        <Unicode>quod</Unicode>
                    </TextEquiv>
                    <TextStyle fontFamily="Times New Roman" fontSize="9.0"/>
                </Word>
                <Word id="w_w2aab1b9b2b3c17ac11" language="English" custom="readingOrder {index:1;}">
                    <Coords points="1429,1349 1618,1349 1618,1404 1429,1404"/>
                    <TextEquiv>
                        <Unicode>Angelus</Unicode>
                    </TextEquiv>
                    <TextStyle fontFamily="Times New Roman" fontSize="9.0"/>
                </Word>
                <Word id="w_w2aab1b9b2b3c17ac27" language="English" custom="readingOrder {index:2;}">
                    <Coords points="1643,1351 1778,1351 1778,1406 1643,1406"/>
                    <TextEquiv>
                        <Unicode>possit</Unicode>
                    </TextEquiv>
                    <TextStyle fontFamily="Times New Roman" fontSize="9.0"/>
                </Word>
                <Word id="w_w2aab1b9b2b3c17ac41" language="English" custom="readingOrder {index:3;}">
                    <Coords points="1798,1352 1949,1352 1949,1395 1798,1395"/>
                    <TextEquiv>
                        <Unicode>docere</Unicode>
                    </TextEquiv>
                    <TextStyle fontFamily="Times New Roman" fontSize="9.0"/>
                </Word>
                <Word id="w_w2aab1b9b2b3c17ac55" language="English" custom="readingOrder {index:4;}">
                    <Coords points="1972,1354 2206,1354 2206,1407 1972,1407"/>
                    <TextEquiv>
                        <Unicode>hominem,</Unicode>
                    </TextEquiv>
                    <TextStyle fontFamily="Times New Roman" fontSize="9.0"/>
                </Word>
                <Word id="w_w2aab1b9b2b3c17ac73" language="English" custom="readingOrder {index:5;}">
                    <Coords points="2233,1358 2307,1358 2307,1400 2233,1400"/>
                    <TextEquiv>
                        <Unicode>sed</Unicode>
                    </TextEquiv>
                    <TextStyle fontFamily="Times New Roman" fontSize="9.0"/>
                </Word>
                <TextEquiv>
                    <Unicode>quod Angelus possit docere hominem, sed</Unicode>
                </TextEquiv>
                <TextStyle fontFamily="Times New Roman" fontSize="9.0"/>
            </TextLine>
            <TextLine id="tl_70" primaryLanguage="English" custom="readingOrder {index:9;}">
                <Coords points="1296,1424 2309,1424 2309,1487 1296,1487"/>
                <Baseline points="1296,1463 1380,1464 1623,1477 1694,1468 1815,1468 2128,1473 2194,1474 2309,1475"/>
                <Word id="w_w2aab1b9b2b3c19ab1" language="English" custom="readingOrder {index:0;}">
                    <Coords points="1296,1436 1380,1436 1380,1464 1296,1464"/>
                    <TextEquiv>
                        <Unicode>non</Unicode>
                    </TextEquiv>
                    <TextStyle fontFamily="Times New Roman" fontSize="9.0"/>
                </Word>
                <Word id="w_w2aab1b9b2b3c19ab9" language="English" custom="readingOrder {index:1;}">
                    <Coords points="1413,1424 1623,1424 1623,1477 1413,1477"/>
                    <TextEquiv>
                        <Unicode>effective,</Unicode>
                    </TextEquiv>
                    <TextStyle fontFamily="Times New Roman" fontSize="9.0"/>
                </Word>
                <Word id="w_w2aab1b9b2b3c19ac31" language="English" custom="readingOrder {index:2;}">
                    <Coords points="1649,1439 1694,1439 1694,1468 1649,1468"/>
                    <TextEquiv>
                        <Unicode>se</Unicode>
                    </TextEquiv>
                    <TextStyle fontFamily="Times New Roman" fontSize="9.0"/>
                </Word>
                <Word id="w_w2aab1b9b2b3c19ac37" language="English" custom="readingOrder {index:3;}">
                    <Coords points="1725,1427 1815,1427 1815,1469 1725,1469"/>
                    <TextEquiv>
                        <Unicode>solo</Unicode>
                    </TextEquiv>
                    <TextStyle fontFamily="Times New Roman" fontSize="9.0"/>
                </Word>
                <Word id="w_w2aab1b9b2b3c19ac47" language="English" custom="readingOrder {index:4;}">
                    <Coords points="1857,1429 2128,1429 2128,1484 1857,1484"/>
                    <TextEquiv>
                        <Unicode>producendo</Unicode>
                    </TextEquiv>
                    <TextStyle fontFamily="Times New Roman" fontSize="9.0"/>
                </Word>
                <Word id="w_w2aab1b9b2b3c19ac69" language="English" custom="readingOrder {index:5;}">
                    <Coords points="2152,1432 2194,1432 2194,1474 2152,1474"/>
                    <TextEquiv>
                        <Unicode>in</Unicode>
                    </TextEquiv>
                    <TextStyle fontFamily="Times New Roman" fontSize="9.0"/>
                </Word>
                <Word id="w_w2aab1b9b2b3c19ac75" language="English" custom="readingOrder {index:6;}">
                    <Coords points="2216,1432 2309,1432 2309,1487 2216,1487"/>
                    <TextEquiv>
                        <Unicode>ipso</Unicode>
                    </TextEquiv>
                    <TextStyle fontFamily="Times New Roman" fontSize="9.0"/>
                </Word>
                <TextEquiv>
                    <Unicode>non effective, se solo producendo in ipso</Unicode>
                </TextEquiv>
                <TextStyle fontFamily="Times New Roman" fontSize="9.0"/>
            </TextLine>
            <TextLine id="tl_71" primaryLanguage="English" custom="readingOrder {index:10;}">
                <Coords points="1295,1499 2310,1499 2310,1557 1295,1557"/>
                <Baseline points="1295,1553 1548,1543 1648,1543 1850,1545 2016,1557 2130,1549 2310,1550"/>
                <Word id="w_w2aab1b9b2b3c21ab1" language="English" custom="readingOrder {index:0;}">
                    <Coords points="1295,1499 1548,1499 1548,1553 1295,1553"/>
                    <TextEquiv>
                        <Unicode>phantasma</Unicode>
                    </TextEquiv>
                    <TextStyle fontFamily="Times New Roman" fontSize="9.0"/>
                </Word>
                <Word id="w_w2aab1b9b2b3c21ac21" language="English" custom="readingOrder {index:1;}">
                    <Coords points="1576,1510 1648,1510 1648,1543 1576,1543"/>
                    <TextEquiv>
                        <Unicode>aut</Unicode>
                    </TextEquiv>
                    <TextStyle fontFamily="Times New Roman" fontSize="9.0"/>
                </Word>
                <Word id="w_w2aab1b9b2b3c21ac29" language="English" custom="readingOrder {index:2;}">
                    <Coords points="1688,1503 1850,1503 1850,1557 1688,1557"/>
                    <TextEquiv>
                        <Unicode>species</Unicode>
                    </TextEquiv>
                    <TextStyle fontFamily="Times New Roman" fontSize="9.0"/>
                </Word>
                <Word id="w_w2aab1b9b2b3c21ac45" language="English" custom="readingOrder {index:3;}">
                    <Coords points="1892,1505 2016,1505 2016,1557 1892,1557"/>
                    <TextEquiv>
                        <Unicode>ullas,</Unicode>
                    </TextEquiv>
                    <TextStyle fontFamily="Times New Roman" fontSize="9.0"/>
                </Word>
                <Word id="w_w2aab1b9b2b3c21ac59" language="English" custom="readingOrder {index:4;}">
                    <Coords points="2060,1507 2130,1507 2130,1549 2060,1549"/>
                    <TextEquiv>
                        <Unicode>hic</Unicode>
                    </TextEquiv>
                    <TextStyle fontFamily="Times New Roman" fontSize="9.0"/>
                </Word>
                <Word id="w_w2aab1b9b2b3c21ac67" language="English" custom="readingOrder {index:5;}">
                    <Coords points="2169,1515 2310,1515 2310,1550 2169,1550"/>
                    <TextEquiv>
                        <Unicode>autem</Unicode>
                    </TextEquiv>
                    <TextStyle fontFamily="Times New Roman" fontSize="9.0"/>
                </Word>
                <TextEquiv>
                    <Unicode>phantasma aut species ullas, hic autem</Unicode>
                </TextEquiv>
                <TextStyle fontFamily="Times New Roman" fontSize="9.0"/>
            </TextLine>
            <TextLine id="tl_72" primaryLanguage="English" custom="readingOrder {index:11;}">
                <Coords points="1296,1574 2303,1574 2303,1634 1296,1634"/>
                <Baseline points="1296,1616 1406,1617 1558,1617 1686,1619 1863,1622 2051,1624 2303,1626"/>
                <Word id="w_w2aab1b9b2b3c23ab1" language="English" custom="readingOrder {index:0;}">
                    <Coords points="1296,1574 1406,1574 1406,1617 1296,1617"/>
                    <TextEquiv>
                        <Unicode>dicat</Unicode>
                    </TextEquiv>
                    <TextStyle fontFamily="Times New Roman" fontSize="9.0"/>
                </Word>
                <Word id="w_w2aab1b9b2b3c23ac13" language="English" custom="readingOrder {index:1;}">
                    <Coords points="1446,1577 1558,1577 1558,1632 1446,1632"/>
                    <TextEquiv>
                        <Unicode>quod</Unicode>
                    </TextEquiv>
                    <TextStyle fontFamily="Times New Roman" fontSize="9.0"/>
                </Word>
                <Word id="w_w2aab1b9b2b3c23ac23" language="English" custom="readingOrder {index:2;}">
                    <Coords points="1603,1591 1686,1591 1686,1620 1603,1620"/>
                    <TextEquiv>
                        <Unicode>non</Unicode>
                    </TextEquiv>
                    <TextStyle fontFamily="Times New Roman" fontSize="9.0"/>
                </Word>
                <Word id="w_w2aab1b9b2b3c23ac31" language="English" custom="readingOrder {index:3;}">
                    <Coords points="1728,1580 1863,1580 1863,1634 1728,1634"/>
                    <TextEquiv>
                        <Unicode>possit</Unicode>
                    </TextEquiv>
                    <TextStyle fontFamily="Times New Roman" fontSize="9.0"/>
                </Word>
                <Word id="w_w2aab1b9b2b3c23ac45" language="English" custom="readingOrder {index:4;}">
                    <Coords points="1901,1581 2051,1581 2051,1624 1901,1624"/>
                    <TextEquiv>
                        <Unicode>docere</Unicode>
                    </TextEquiv>
                    <TextStyle fontFamily="Times New Roman" fontSize="9.0"/>
                </Word>
                <Word id="w_w2aab1b9b2b3c23ac59" language="English" custom="readingOrder {index:5;}">
                    <Coords points="2090,1583 2303,1583 2303,1626 2090,1626"/>
                    <TextEquiv>
                        <Unicode>effective.</Unicode>
                    </TextEquiv>
                    <TextStyle fontFamily="Times New Roman" fontSize="9.0"/>
                </Word>
                <TextEquiv>
                    <Unicode>dicat quod non possit docere effective.</Unicode>
                </TextEquiv>
                <TextStyle fontFamily="Times New Roman" fontSize="9.0"/>
            </TextLine>
            <TextLine id="tl_73" primaryLanguage="English" custom="readingOrder {index:12;}">
                <Coords points="1296,1650 2315,1650 2315,1713 1296,1713"/>
                <Baseline points="1296,1691 1397,1701 1618,1704 1747,1696 1920,1709 2064,1701 2138,1701 2315,1703"/>
                <Word id="w_w2aab1b9b2b3c25ab1" language="English" custom="readingOrder {index:0;}">
                    <Coords points="1296,1651 1397,1651 1397,1701 1296,1701"/>
                    <TextEquiv>
                        <Unicode>Hoc,</Unicode>
                    </TextEquiv>
                    <TextStyle fontFamily="Times New Roman" fontSize="9.0"/>
                </Word>
                <Word id="w_w2aab1b9b2b3c25ac11" language="English" custom="readingOrder {index:1;}">
                    <Coords points="1430,1650 1618,1650 1618,1707 1430,1707"/>
                    <TextEquiv>
                        <Unicode>inquam,</Unicode>
                    </TextEquiv>
                    <TextStyle fontFamily="Times New Roman" fontSize="9.0"/>
                </Word>
                <Word id="w_w2aab1b9b2b3c25ac27" language="English" custom="readingOrder {index:2;}">
                    <Coords points="1663,1667 1747,1667 1747,1696 1663,1696"/>
                    <TextEquiv>
                        <Unicode>non</Unicode>
                    </TextEquiv>
                    <TextStyle fontFamily="Times New Roman" fontSize="9.0"/>
                </Word>
                <Word id="w_w2aab1b9b2b3c25ac35" language="English" custom="readingOrder {index:3;}">
                    <Coords points="1793,1656 1920,1656 1920,1709 1793,1709"/>
                    <TextEquiv>
                        <Unicode>valet,</Unicode>
                    </TextEquiv>
                    <TextStyle fontFamily="Times New Roman" fontSize="9.0"/>
                </Word>
                <Word id="w_w2aab1b9b2b3c25ac49" language="English" custom="readingOrder {index:4;}">
                    <Coords points="1967,1659 2064,1659 2064,1713 1967,1713"/>
                    <TextEquiv>
                        <Unicode>quia</Unicode>
                    </TextEquiv>
                    <TextStyle fontFamily="Times New Roman" fontSize="9.0"/>
                </Word>
                <Word id="w_w2aab1b9b2b3c25ac59" language="English" custom="readingOrder {index:5;}">
                    <Coords points="2093,1667 2138,1667 2138,1701 2093,1701"/>
                    <TextEquiv>
                        <Unicode>ut</Unicode>
                    </TextEquiv>
                    <TextStyle fontFamily="Times New Roman" fontSize="9.0"/>
                </Word>
                <Word id="w_w2aab1b9b2b3c25ac65" language="English" custom="readingOrder {index:6;}">
                    <Coords points="2177,1660 2315,1660 2315,1703 2177,1703"/>
                    <TextEquiv>
                        <Unicode>bonus</Unicode>
                    </TextEquiv>
                    <TextStyle fontFamily="Times New Roman" fontSize="9.0"/>
                </Word>
                <TextEquiv>
                    <Unicode>Hoc, inquam, non valet, quia ut bonus</Unicode>
                </TextEquiv>
                <TextStyle fontFamily="Times New Roman" fontSize="9.0"/>
            </TextLine>
            <TextLine id="tl_74" primaryLanguage="English" custom="readingOrder {index:13;}">
                <Coords points="1300,1729 2314,1729 2314,1784 1300,1784"/>
                <Baseline points="1300,1767 1416,1769 1655,1771 1798,1772 1910,1784 2064,1775 2204,1777 2314,1766"/>
                <Word id="w_w2aab1b9b2b3c27ab1" language="English" custom="readingOrder {index:0;}">
                    <Coords points="1300,1735 1416,1735 1416,1770 1300,1770"/>
                    <TextEquiv>
                        <Unicode>esset</Unicode>
                    </TextEquiv>
                    <TextStyle fontFamily="Times New Roman" fontSize="9.0"/>
                </Word>
                <Word id="w_w2aab1b9b2b3c27ac13" language="English" custom="readingOrder {index:1;}">
                    <Coords points="1436,1729 1655,1729 1655,1772 1436,1772"/>
                    <TextEquiv>
                        <Unicode>discursus</Unicode>
                    </TextEquiv>
                    <TextStyle fontFamily="Times New Roman" fontSize="9.0"/>
                </Word>
                <Word id="w_w2aab1b9b2b3c27ac33" language="English" custom="readingOrder {index:2;}">
                    <Coords points="1683,1731 1798,1731 1798,1772 1683,1772"/>
                    <TextEquiv>
                        <Unicode>Scoti</Unicode>
                    </TextEquiv>
                    <TextStyle fontFamily="Times New Roman" fontSize="9.0"/>
                </Word>
                <Word id="w_w2aab1b9b2b3c27ac45" language="English" custom="readingOrder {index:3;}">
                    <Coords points="1827,1731 1910,1731 1910,1784 1827,1784"/>
                    <TextEquiv>
                        <Unicode>hic,</Unicode>
                    </TextEquiv>
                    <TextStyle fontFamily="Times New Roman" fontSize="9.0"/>
                </Word>
                <Word id="w_w2aab1b9b2b3c27ac55" language="English" custom="readingOrder {index:4;}">
                    <Coords points="1941,1733 2064,1733 2064,1775 1941,1775"/>
                    <TextEquiv>
                        <Unicode>debet</Unicode>
                    </TextEquiv>
                    <TextStyle fontFamily="Times New Roman" fontSize="9.0"/>
                </Word>
                <Word id="w_w2aab1b9b2b3c27ac67" language="English" custom="readingOrder {index:5;}">
                    <Coords points="2089,1735 2204,1735 2204,1777 2089,1777"/>
                    <TextEquiv>
                        <Unicode>nullo</Unicode>
                    </TextEquiv>
                    <TextStyle fontFamily="Times New Roman" fontSize="9.0"/>
                </Word>
                <Word id="w_w2aab1b9b2b3c27ac79" language="English" custom="readingOrder {index:6;}">
                    <Coords points="2227,1749 2314,1749 2314,1778 2227,1778"/>
                    <TextEquiv>
                        <Unicode>mo¬</Unicode>
                    </TextEquiv>
                    <TextStyle fontFamily="Times New Roman" fontSize="9.0"/>
                </Word>
                <TextEquiv>
                    <Unicode>esset discursus Scoti hic, debet nullo mo¬</Unicode>
                </TextEquiv>
                <TextStyle fontFamily="Times New Roman" fontSize="9.0"/>
            </TextLine>
            <TextLine id="tl_75" primaryLanguage="English" custom="readingOrder {index:14;}">
                <Coords points="1297,1804 2315,1804 2315,1868 1297,1868"/>
                <Baseline points="1297,1845 1349,1845 1497,1847 1691,1848 1938,1859 2080,1851 2138,1852 2315,1854"/>
                <Word id="w_w2aab1b9b2b3c29ab1" language="English" custom="readingOrder {index:0;}">
                    <Coords points="1297,1804 1349,1804 1349,1845 1297,1845"/>
                    <TextEquiv>
                        <Unicode>do</Unicode>
                    </TextEquiv>
                    <TextStyle fontFamily="Times New Roman" fontSize="9.0"/>
                </Word>
                <Word id="w_w2aab1b9b2b3c29ab7" language="English" custom="readingOrder {index:1;}">
                    <Coords points="1372,1817 1497,1817 1497,1859 1372,1859"/>
                    <TextEquiv>
                        <Unicode>posse</Unicode>
                    </TextEquiv>
                    <TextStyle fontFamily="Times New Roman" fontSize="9.0"/>
                </Word>
                <Word id="w_w2aab1b9b2b3c29ac19" language="English" custom="readingOrder {index:2;}">
                    <Coords points="1540,1806 1691,1806 1691,1848 1540,1848"/>
                    <TextEquiv>
                        <Unicode>docere</Unicode>
                    </TextEquiv>
                    <TextStyle fontFamily="Times New Roman" fontSize="9.0"/>
                </Word>
                <Word id="w_w2aab1b9b2b3c29ac33" language="English" custom="readingOrder {index:3;}">
                    <Coords points="1731,1807 1938,1807 1938,1863 1731,1863"/>
                    <TextEquiv>
                        <Unicode>Angelus,</Unicode>
                    </TextEquiv>
                    <TextStyle fontFamily="Times New Roman" fontSize="9.0"/>
                </Word>
                <Word id="w_w2aab1b9b2b3c29ac51" language="English" custom="readingOrder {index:4;}">
                    <Coords points="1983,1810 2080,1810 2080,1864 1983,1864"/>
                    <TextEquiv>
                        <Unicode>quia</Unicode>
                    </TextEquiv>
                    <TextStyle fontFamily="Times New Roman" fontSize="9.0"/>
                </Word>
                <Word id="w_w2aab1b9b2b3c29ac61" language="English" custom="readingOrder {index:5;}">
                    <Coords points="2103,1810 2138,1810 2138,1852 2103,1852"/>
                    <TextEquiv>
                        <Unicode>si</Unicode>
                    </TextEquiv>
                    <TextStyle fontFamily="Times New Roman" fontSize="9.0"/>
                </Word>
                <Word id="w_w2aab1b9b2b3c29ac67" language="English" custom="readingOrder {index:6;}">
                    <Coords points="2171,1811 2315,1811 2315,1868 2171,1868"/>
                    <TextEquiv>
                        <Unicode>aliquo</Unicode>
                    </TextEquiv>
                    <TextStyle fontFamily="Times New Roman" fontSize="9.0"/>
                </Word>
                <TextEquiv>
                    <Unicode>do posse docere Angelus, quia si aliquo</Unicode>
                </TextEquiv>
                <TextStyle fontFamily="Times New Roman" fontSize="9.0"/>
            </TextLine>
            <TextLine id="tl_76" primaryLanguage="English" custom="readingOrder {index:15;}">
                <Coords points="1298,1881 2313,1881 2313,1934 1298,1934"/>
                <Baseline points="1298,1921 1421,1922 1632,1934 1749,1924 1896,1926 2233,1929 2313,1930"/>
                <Word id="w_w2aab1b9b2b3c31ab1" language="English" custom="readingOrder {index:0;}">
                    <Coords points="1298,1881 1421,1881 1421,1923 1298,1923"/>
                    <TextEquiv>
                        <Unicode>modo</Unicode>
                    </TextEquiv>
                    <TextStyle fontFamily="Times New Roman" fontSize="9.0"/>
                </Word>
                <Word id="w_w2aab1b9b2b3c31ac11" language="English" custom="readingOrder {index:1;}">
                    <Coords points="1449,1882 1632,1882 1632,1934 1449,1934"/>
                    <TextEquiv>
                        <Unicode>doceret,</Unicode>
                    </TextEquiv>
                    <TextStyle fontFamily="Times New Roman" fontSize="9.0"/>
                </Word>
                <Word id="w_w2aab1b9b2b3c31ac29" language="English" custom="readingOrder {index:2;}">
                    <Coords points="1666,1896 1749,1896 1749,1925 1666,1925"/>
                    <TextEquiv>
                        <Unicode>non</Unicode>
                    </TextEquiv>
                    <TextStyle fontFamily="Times New Roman" fontSize="9.0"/>
                </Word>
                <Word id="w_w2aab1b9b2b3c31ac37" language="English" custom="readingOrder {index:3;}">
                    <Coords points="1785,1897 1896,1897 1896,1926 1785,1926"/>
                    <TextEquiv>
                        <Unicode>esset</Unicode>
                    </TextEquiv>
                    <TextStyle fontFamily="Times New Roman" fontSize="9.0"/>
                </Word>
                <Word id="w_w2aab1b9b2b3c31ac49" language="English" custom="readingOrder {index:4;}">
                    <Coords points="1926,1886 2233,1886 2233,1929 1926,1929"/>
                    <TextEquiv>
                        <Unicode>recurrendum</Unicode>
                    </TextEquiv>
                    <TextStyle fontFamily="Times New Roman" fontSize="9.0"/>
                </Word>
                <Word id="w_w2aab1b9b2b3c31ac73" language="English" custom="readingOrder {index:5;}">
                    <Coords points="2261,1889 2313,1889 2313,1930 2261,1930"/>
                    <TextEquiv>
                        <Unicode>ad</Unicode>
                    </TextEquiv>
                    <TextStyle fontFamily="Times New Roman" fontSize="9.0"/>
                </Word>
                <TextEquiv>
                    <Unicode>modo doceret, non esset recurrendum ad</Unicode>
                </TextEquiv>
                <TextStyle fontFamily="Times New Roman" fontSize="9.0"/>
            </TextLine>
            <TextLine id="tl_77" primaryLanguage="English" custom="readingOrder {index:16;}">
                <Coords points="1298,1959 2310,1959 2310,2020 1298,2020"/>
                <Baseline points="1298,1998 1430,1999 1714,2001 1895,2003 2091,2005 2310,1996"/>
                <Word id="w_w2aab1b9b2b3c33ab1" language="English" custom="readingOrder {index:0;}">
                    <Coords points="1298,1960 1430,1960 1430,1999 1298,1999"/>
                    <TextEquiv>
                        <Unicode>Deum</Unicode>
                    </TextEquiv>
                    <TextStyle fontFamily="Times New Roman" fontSize="9.0"/>
                </Word>
                <Word id="w_w2aab1b9b2b3c33ac11" language="English" custom="readingOrder {index:1;}">
                    <Coords points="1460,1959 1714,1959 1714,2001 1460,2001"/>
                    <TextEquiv>
                        <Unicode>necessario.</Unicode>
                    </TextEquiv>
                    <TextStyle fontFamily="Times New Roman" fontSize="9.0"/>
                </Word>
                <Word id="w_w2aab1b9b2b3c33ac35" language="English" custom="readingOrder {index:2;}">
                    <Coords points="1749,1962 1895,1962 1895,2016 1749,2016"/>
                    <TextEquiv>
                        <Unicode>Itaque</Unicode>
                    </TextEquiv>
                    <TextStyle fontFamily="Times New Roman" fontSize="9.0"/>
                </Word>
                <Word id="w_w2aab1b9b2b3c33ac49" language="English" custom="readingOrder {index:3;}">
                    <Coords points="1939,1962 2091,1962 2091,2005 1939,2005"/>
                    <TextEquiv>
                        <Unicode>melius</Unicode>
                    </TextEquiv>
                    <TextStyle fontFamily="Times New Roman" fontSize="9.0"/>
                </Word>
                <Word id="w_w2aab1b9b2b3c33ac63" language="English" custom="readingOrder {index:4;}">
                    <Coords points="2130,1977 2310,1977 2310,2020 2130,2020"/>
                    <TextEquiv>
                        <Unicode>respon¬</Unicode>
                    </TextEquiv>
                    <TextStyle fontFamily="Times New Roman" fontSize="9.0"/>
                </Word>
                <TextEquiv>
                    <Unicode>Deum necessario. Itaque melius respon¬</Unicode>
                </TextEquiv>
                <TextStyle fontFamily="Times New Roman" fontSize="9.0"/>
            </TextLine>
            <TextLine id="tl_78" primaryLanguage="English" custom="readingOrder {index:17;}">
                <Coords points="1296,2031 2310,2031 2310,2095 1296,2095"/>
                <Baseline points="1296,2074 1434,2085 1544,2076 1754,2078 2042,2080 2186,2081 2310,2083"/>
                <Word id="w_w2aab1b9b2b3c35ab1" language="English" custom="readingOrder {index:0;}">
                    <Coords points="1296,2031 1434,2031 1434,2085 1296,2085"/>
                    <TextEquiv>
                        <Unicode>detur,</Unicode>
                    </TextEquiv>
                    <TextStyle fontFamily="Times New Roman" fontSize="9.0"/>
                </Word>
                <Word id="w_w2aab1b9b2b3c35ac15" language="English" custom="readingOrder {index:1;}">
                    <Coords points="1476,2035 1544,2035 1544,2076 1476,2076"/>
                    <TextEquiv>
                        <Unicode>hic</Unicode>
                    </TextEquiv>
                    <TextStyle fontFamily="Times New Roman" fontSize="9.0"/>
                </Word>
                <Word id="w_w2aab1b9b2b3c35ac23" language="English" custom="readingOrder {index:2;}">
                    <Coords points="1582,2035 1754,2035 1754,2079 1582,2079"/>
                    <TextEquiv>
                        <Unicode>Scotum</Unicode>
                    </TextEquiv>
                    <TextStyle fontFamily="Times New Roman" fontSize="9.0"/>
                </Word>
                <Word id="w_w2aab1b9b2b3c35ac37" language="English" custom="readingOrder {index:3;}">
                    <Coords points="1797,2036 2042,2036 2042,2094 1797,2094"/>
                    <TextEquiv>
                        <Unicode>intelligere</Unicode>
                    </TextEquiv>
                    <TextStyle fontFamily="Times New Roman" fontSize="9.0"/>
                </Word>
                <Word id="w_w2aab1b9b2b3c35ac61" language="English" custom="readingOrder {index:4;}">
                    <Coords points="2074,2039 2186,2039 2186,2095 2074,2095"/>
                    <TextEquiv>
                        <Unicode>quod</Unicode>
                    </TextEquiv>
                    <TextStyle fontFamily="Times New Roman" fontSize="9.0"/>
                </Word>
                <Word id="w_w2aab1b9b2b3c35ac71" language="English" custom="readingOrder {index:5;}">
                    <Coords points="2226,2054 2310,2054 2310,2083 2226,2083"/>
                    <TextEquiv>
                        <Unicode>non</Unicode>
                    </TextEquiv>
                    <TextStyle fontFamily="Times New Roman" fontSize="9.0"/>
                </Word>
                <TextEquiv>
                    <Unicode>detur, hic Scotum intelligere quod non</Unicode>
                </TextEquiv>
                <TextStyle fontFamily="Times New Roman" fontSize="9.0"/>
            </TextLine>
            <TextLine id="tl_79" primaryLanguage="English" custom="readingOrder {index:18;}">
                <Coords points="1297,2110 2308,2110 2308,2173 1297,2173"/>
                <Baseline points="1297,2164 1431,2152 1581,2153 1805,2155 1984,2156 2062,2157 2142,2168 2308,2159"/>
                <Word id="w_w2aab1b9b2b3c37ab1" language="English" custom="readingOrder {index:0;}">
                    <Coords points="1297,2110 1431,2110 1431,2164 1297,2164"/>
                    <TextEquiv>
                        <Unicode>possit</Unicode>
                    </TextEquiv>
                    <TextStyle fontFamily="Times New Roman" fontSize="9.0"/>
                </Word>
                <Word id="w_w2aab1b9b2b3c37ac15" language="English" custom="readingOrder {index:1;}">
                    <Coords points="1470,2111 1581,2111 1581,2153 1470,2153"/>
                    <TextEquiv>
                        <Unicode>ullus</Unicode>
                    </TextEquiv>
                    <TextStyle fontFamily="Times New Roman" fontSize="9.0"/>
                </Word>
                <Word id="w_w2aab1b9b2b3c37ac27" language="English" custom="readingOrder {index:2;}">
                    <Coords points="1616,2112 1805,2112 1805,2168 1616,2168"/>
                    <TextEquiv>
                        <Unicode>Angelus</Unicode>
                    </TextEquiv>
                    <TextStyle fontFamily="Times New Roman" fontSize="9.0"/>
                </Word>
                <Word id="w_w2aab1b9b2b3c37ac43" language="English" custom="readingOrder {index:3;}">
                    <Coords points="1832,2113 1984,2113 1984,2156 1832,2156"/>
                    <TextEquiv>
                        <Unicode>docere</Unicode>
                    </TextEquiv>
                    <TextStyle fontFamily="Times New Roman" fontSize="9.0"/>
                </Word>
                <Word id="w_w2aab1b9b2b3c37ac57" language="English" custom="readingOrder {index:4;}">
                    <Coords points="2010,2129 2062,2129 2062,2157 2010,2157"/>
                    <TextEquiv>
                        <Unicode>ex</Unicode>
                    </TextEquiv>
                    <TextStyle fontFamily="Times New Roman" fontSize="9.0"/>
                </Word>
                <Word id="w_w2aab1b9b2b3c37ac63" language="English" custom="readingOrder {index:5;}">
                    <Coords points="2083,2129 2142,2129 2142,2168 2083,2168"/>
                    <TextEquiv>
                        <Unicode>se,</Unicode>
                    </TextEquiv>
                    <TextStyle fontFamily="Times New Roman" fontSize="9.0"/>
                </Word>
                <Word id="w_w2aab1b9b2b3c37ac71" language="English" custom="readingOrder {index:6;}">
                    <Coords points="2169,2117 2308,2117 2308,2173 2169,2173"/>
                    <TextEquiv>
                        <Unicode>quoad</Unicode>
                    </TextEquiv>
                    <TextStyle fontFamily="Times New Roman" fontSize="9.0"/>
                </Word>
                <TextEquiv>
                    <Unicode>possit ullus Angelus docere ex se, quoad</Unicode>
                </TextEquiv>
                <TextStyle fontFamily="Times New Roman" fontSize="9.0"/>
            </TextLine>
            <TextLine id="tl_80" primaryLanguage="English" custom="readingOrder {index:19;}">
                <Coords points="1297,2186 2314,2186 2314,2247 1297,2247"/>
                <Baseline points="1297,2240 1610,2229 1830,2231 2012,2233 2268,2235 2314,2236"/>
                <Word id="w_w2aab1b9b2b3c39ab1" language="English" custom="readingOrder {index:0;}">
                    <Coords points="1297,2186 1610,2186 1610,2241 1297,2241"/>
                    <TextEquiv>
                        <Unicode>propositiones</Unicode>
                    </TextEquiv>
                    <TextStyle fontFamily="Times New Roman" fontSize="9.0"/>
                </Word>
                <Word id="w_w2aab1b9b2b3c39ac29" language="English" custom="readingOrder {index:1;}">
                    <Coords points="1648,2201 1830,2201 1830,2244 1648,2244"/>
                    <TextEquiv>
                        <Unicode>quarum</Unicode>
                    </TextEquiv>
                    <TextStyle fontFamily="Times New Roman" fontSize="9.0"/>
                </Word>
                <Word id="w_w2aab1b9b2b3c39ac43" language="English" custom="readingOrder {index:2;}">
                    <Coords points="1857,2191 2012,2191 2012,2233 1857,2233"/>
                    <TextEquiv>
                        <Unicode>veritas</Unicode>
                    </TextEquiv>
                    <TextStyle fontFamily="Times New Roman" fontSize="9.0"/>
                </Word>
                <Word id="w_w2aab1b9b2b3c39ac59" language="English" custom="readingOrder {index:3;}">
                    <Coords points="2057,2191 2268,2191 2268,2247 2057,2247"/>
                    <TextEquiv>
                        <Unicode>dependet</Unicode>
                    </TextEquiv>
                    <TextStyle fontFamily="Times New Roman" fontSize="9.0"/>
                </Word>
                <Word id="w_w2aab1b9b2b3c39ac77" language="English" custom="readingOrder {index:4;}">
                    <Coords points="2291,2207 2314,2207 2314,2236 2291,2236"/>
                    <TextEquiv>
                        <Unicode>a</Unicode>
                    </TextEquiv>
                    <TextStyle fontFamily="Times New Roman" fontSize="9.0"/>
                </Word>
                <TextEquiv>
                    <Unicode>propositiones quarum veritas dependet a</Unicode>
                </TextEquiv>
                <TextStyle fontFamily="Times New Roman" fontSize="9.0"/>
            </TextLine>
            <TextLine id="tl_81" primaryLanguage="English" custom="readingOrder {index:20;}">
                <Coords points="1297,2262 2310,2262 2310,2323 1297,2323"/>
                <Baseline points="1297,2303 1516,2306 1704,2317 1781,2308 1963,2308 2124,2312 2246,2312 2310,2312"/>
                <Word id="w_w2aab1b9b2b3c41ab1" language="English" custom="readingOrder {index:0;}">
                    <Coords points="1297,2262 1516,2262 1516,2306 1297,2306"/>
                    <TextEquiv>
                        <Unicode>voluntate</Unicode>
                    </TextEquiv>
                    <TextStyle fontFamily="Times New Roman" fontSize="9.0"/>
                </Word>
                <Word id="w_w2aab1b9b2b3c41ac21" language="English" custom="readingOrder {index:1;}">
                    <Coords points="1541,2264 1704,2264 1704,2317 1541,2317"/>
                    <TextEquiv>
                        <Unicode>divina,</Unicode>
                    </TextEquiv>
                    <TextStyle fontFamily="Times New Roman" fontSize="9.0"/>
                </Word>
                <Word id="w_w2aab1b9b2b3c41ac37" language="English" custom="readingOrder {index:2;}">
                    <Coords points="1729,2279 1781,2279 1781,2308 1729,2308"/>
                    <TextEquiv>
                        <Unicode>ex</Unicode>
                    </TextEquiv>
                    <TextStyle fontFamily="Times New Roman" fontSize="9.0"/>
                </Word>
                <Word id="w_w2aab1b9b2b3c41ac43" language="English" custom="readingOrder {index:3;}">
                    <Coords points="1808,2267 1963,2267 1963,2323 1808,2323"/>
                    <TextEquiv>
                        <Unicode>quibus</Unicode>
                    </TextEquiv>
                    <TextStyle fontFamily="Times New Roman" fontSize="9.0"/>
                </Word>
                <Word id="w_w2aab1b9b2b3c41ac57" language="English" custom="readingOrder {index:4;}">
                    <Coords points="1992,2268 2124,2268 2124,2312 1992,2312"/>
                    <TextEquiv>
                        <Unicode>multa</Unicode>
                    </TextEquiv>
                    <TextStyle fontFamily="Times New Roman" fontSize="9.0"/>
                </Word>
                <Word id="w_w2aab1b9b2b3c41ac69" language="English" custom="readingOrder {index:5;}">
                    <Coords points="2144,2277 2246,2277 2246,2312 2144,2312"/>
                    <TextEquiv>
                        <Unicode>sunt</Unicode>
                    </TextEquiv>
                    <TextStyle fontFamily="Times New Roman" fontSize="9.0"/>
                </Word>
                <Word id="w_w2aab1b9b2b3c41ac79" language="English" custom="readingOrder {index:6;}">
                    <Coords points="2267,2270 2310,2270 2310,2312 2267,2312"/>
                    <TextEquiv>
                        <Unicode>in</Unicode>
                    </TextEquiv>
                    <TextStyle fontFamily="Times New Roman" fontSize="9.0"/>
                </Word>
                <TextEquiv>
                    <Unicode>voluntate divina, ex quibus multa sunt in</Unicode>
                </TextEquiv>
                <TextStyle fontFamily="Times New Roman" fontSize="9.0"/>
            </TextLine>
            <TextLine id="tl_82" primaryLanguage="English" custom="readingOrder {index:21;}">
                <Coords points="1298,2339 2307,2339 2307,2401 1298,2401"/>
                <Baseline points="1298,2381 1515,2382 1674,2392 1798,2384 1877,2385 2157,2387 2307,2377"/>
                <Word id="w_w2aab1b9b2b3c43ab1" language="English" custom="readingOrder {index:0;}">
                    <Coords points="1298,2339 1515,2339 1515,2394 1298,2394"/>
                    <TextEquiv>
                        <Unicode>Scriptura</Unicode>
                    </TextEquiv>
                    <TextStyle fontFamily="Times New Roman" fontSize="9.0"/>
                </Word>
                <Word id="w_w2aab1b9b2b3c43ac21" language="English" custom="readingOrder {index:1;}">
                    <Coords points="1541,2354 1674,2354 1674,2392 1541,2392"/>
                    <TextEquiv>
                        <Unicode>sacra,</Unicode>
                    </TextEquiv>
                    <TextStyle fontFamily="Times New Roman" fontSize="9.0"/>
                </Word>
                <Word id="w_w2aab1b9b2b3c43ac35" language="English" custom="readingOrder {index:2;}">
                    <Coords points="1701,2355 1798,2355 1798,2384 1701,2384"/>
                    <TextEquiv>
                        <Unicode>nam</Unicode>
                    </TextEquiv>
                    <TextStyle fontFamily="Times New Roman" fontSize="9.0"/>
                </Word>
                <Word id="w_w2aab1b9b2b3c43ac43" language="English" custom="readingOrder {index:3;}">
                    <Coords points="1826,2343 1877,2343 1877,2385 1826,2385"/>
                    <TextEquiv>
                        <Unicode>de</Unicode>
                    </TextEquiv>
                    <TextStyle fontFamily="Times New Roman" fontSize="9.0"/>
                </Word>
                <Word id="w_w2aab1b9b2b3c43ac49" language="English" custom="readingOrder {index:4;}">
                    <Coords points="1910,2344 2157,2344 2157,2400 1910,2400"/>
                    <TextEquiv>
                        <Unicode>hujusmodi</Unicode>
                    </TextEquiv>
                    <TextStyle fontFamily="Times New Roman" fontSize="9.0"/>
                </Word>
                <Word id="w_w2aab1b9b2b3c43ac69" language="English" custom="readingOrder {index:5;}">
                    <Coords points="2187,2346 2307,2346 2307,2401 2187,2401"/>
                    <TextEquiv>
                        <Unicode>prin¬</Unicode>
                    </TextEquiv>
                    <TextStyle fontFamily="Times New Roman" fontSize="9.0"/>
                </Word>
                <TextEquiv>
                    <Unicode>Scriptura sacra, nam de hujusmodi prin¬</Unicode>
                </TextEquiv>
                <TextStyle fontFamily="Times New Roman" fontSize="9.0"/>
            </TextLine>
            <TextLine id="tl_83" primaryLanguage="English" custom="readingOrder {index:22;}">
                <Coords points="1299,2415 2308,2415 2308,2472 1299,2472"/>
                <Baseline points="1299,2456 1492,2456 1632,2459 1710,2459 1933,2461 2062,2462 2191,2463 2308,2454"/>
                <Word id="w_w2aab1b9b2b3c45ab1" language="English" custom="readingOrder {index:0;}">
                    <Coords points="1299,2415 1492,2415 1492,2470 1299,2470"/>
                    <TextEquiv>
                        <Unicode>cipaliter</Unicode>
                    </TextEquiv>
                    <TextStyle fontFamily="Times New Roman" fontSize="9.0"/>
                </Word>
                <Word id="w_w2aab1b9b2b3c45ac21" language="English" custom="readingOrder {index:1;}">
                    <Coords points="1528,2416 1632,2416 1632,2472 1528,2472"/>
                    <TextEquiv>
                        <Unicode>agit.</Unicode>
                    </TextEquiv>
                    <TextStyle fontFamily="Times New Roman" fontSize="9.0"/>
                </Word>
                <Word id="w_w2aab1b9b2b3c45ac33" language="English" custom="readingOrder {index:2;}">
                    <Coords points="1665,2419 1710,2419 1710,2459 1665,2459"/>
                    <TextEquiv>
                        <Unicode>In</Unicode>
                    </TextEquiv>
                    <TextStyle fontFamily="Times New Roman" fontSize="9.0"/>
                </Word>
                <Word id="w_w2aab1b9b2b3c45ac39" language="English" custom="readingOrder {index:3;}">
                    <Coords points="1746,2419 1933,2419 1933,2461 1746,2461"/>
                    <TextEquiv>
                        <Unicode>secundo</Unicode>
                    </TextEquiv>
                    <TextStyle fontFamily="Times New Roman" fontSize="9.0"/>
                </Word>
                <Word id="w_w2aab1b9b2b3c45ac55" language="English" custom="readingOrder {index:4;}">
                    <Coords points="1959,2434 2062,2434 2062,2462 1959,2462"/>
                    <TextEquiv>
                        <Unicode>vero</Unicode>
                    </TextEquiv>
                    <TextStyle fontFamily="Times New Roman" fontSize="9.0"/>
                </Word>
                <Word id="w_w2aab1b9b2b3c45ac65" language="English" custom="readingOrder {index:5;}">
                    <Coords points="2090,2420 2191,2420 2191,2463 2090,2463"/>
                    <TextEquiv>
                        <Unicode>dicit</Unicode>
                    </TextEquiv>
                    <TextStyle fontFamily="Times New Roman" fontSize="9.0"/>
                </Word>
                <Word id="w_w2aab1b9b2b3c45ac77" language="English" custom="readingOrder {index:6;}">
                    <Coords points="2219,2424 2308,2424 2308,2464 2219,2464"/>
                    <TextEquiv>
                        <Unicode>An¬</Unicode>
                    </TextEquiv>
                    <TextStyle fontFamily="Times New Roman" fontSize="9.0"/>
                </Word>
                <TextEquiv>
                    <Unicode>cipaliter agit. In secundo vero dicit An¬</Unicode>
                </TextEquiv>
                <TextStyle fontFamily="Times New Roman" fontSize="9.0"/>
            </TextLine>
            <TextLine id="tl_84" primaryLanguage="English" custom="readingOrder {index:23;}">
                <Coords points="1298,2491 2306,2491 2306,2551 1298,2551"/>
                <Baseline points="1298,2545 1443,2533 1610,2535 1800,2536 1936,2537 2306,2540"/>
                <Word id="w_w2aab1b9b2b3c47ab1" language="English" custom="readingOrder {index:0;}">
                    <Coords points="1298,2491 1443,2491 1443,2545 1298,2545"/>
                    <TextEquiv>
                        <Unicode>gelum</Unicode>
                    </TextEquiv>
                    <TextStyle fontFamily="Times New Roman" fontSize="9.0"/>
                </Word>
                <Word id="w_w2aab1b9b2b3c47ac13" language="English" custom="readingOrder {index:1;}">
                    <Coords points="1485,2506 1610,2506 1610,2547 1485,2547"/>
                    <TextEquiv>
                        <Unicode>posse</Unicode>
                    </TextEquiv>
                    <TextStyle fontFamily="Times New Roman" fontSize="9.0"/>
                </Word>
                <Word id="w_w2aab1b9b2b3c47ac25" language="English" custom="readingOrder {index:2;}">
                    <Coords points="1648,2493 1800,2493 1800,2536 1648,2536"/>
                    <TextEquiv>
                        <Unicode>docere</Unicode>
                    </TextEquiv>
                    <TextStyle fontFamily="Times New Roman" fontSize="9.0"/>
                </Word>
                <Word id="w_w2aab1b9b2b3c47ac39" language="English" custom="readingOrder {index:3;}">
                    <Coords points="1832,2495 1936,2495 1936,2537 1832,2537"/>
                    <TextEquiv>
                        <Unicode>alias</Unicode>
                    </TextEquiv>
                    <TextStyle fontFamily="Times New Roman" fontSize="9.0"/>
                </Word>
                <Word id="w_w2aab1b9b2b3c47ac51" language="English" custom="readingOrder {index:4;}">
                    <Coords points="1978,2497 2306,2497 2306,2551 1978,2551"/>
                    <TextEquiv>
                        <Unicode>propositiones.</Unicode>
                    </TextEquiv>
                    <TextStyle fontFamily="Times New Roman" fontSize="9.0"/>
                </Word>
                <TextEquiv>
                    <Unicode>gelum posse docere alias propositiones.</Unicode>
                </TextEquiv>
                <TextStyle fontFamily="Times New Roman" fontSize="9.0"/>
            </TextLine>
            <TextEquiv>
                <Unicode>Sjlum hic ad declarationem textus in¬
sinuandum restat, quid sibi vult Doctor
dum in fine Z De secundo dicit : Nihil
autem intelligens superius homine, potest
hominem effective docere, nisi Deus. IIoc
enim videtur contra ipsum in 2. d. 11.
num. 5. docentem Angelum posse docere
hominem. Nec valet dicere quod ibi velit
quod Angelus possit docere hominem, sed
non effective, se solo producendo in ipso
phantasma aut species ullas, hic autem
dicat quod non possit docere effective.
Hoc, inquam, non valet, quia ut bonus
esset discursus Scoti hic, debet nullo mo¬
do posse docere Angelus, quia si aliquo
modo doceret, non esset recurrendum ad
Deum necessario. Itaque melius respon¬
detur, hic Scotum intelligere quod non
possit ullus Angelus docere ex se, quoad
propositiones quarum veritas dependet a
voluntate divina, ex quibus multa sunt in
Scriptura sacra, nam de hujusmodi prin¬
cipaliter agit. In secundo vero dicit An¬
gelum posse docere alias propositiones.</Unicode>
            </TextEquiv>
        </TextRegion>
        <TextRegion type="paragraph" id="r_5_3" custom="readingOrder {index:3;}">
            <Coords points="1295,2566 2313,2566 2313,3521 1295,3521"/>
            <TextLine id="tl_85" primaryLanguage="English" custom="readingOrder {index:0;}">
                <Coords points="1355,2567 2309,2567 2309,2626 1355,2626"/>
                <Baseline points="1355,2607 1406,2608 1468,2608 1660,2610 1792,2612 1929,2613 2076,2614 2309,2626"/>
                <Word id="w_w2aab1b9b2b5b1ab1" language="English" custom="readingOrder {index:0;}">
                    <Coords points="1355,2568 1406,2568 1406,2608 1355,2608"/>
                    <TextEquiv>
                        <Unicode>Et</Unicode>
                    </TextEquiv>
                    <TextStyle fontFamily="Times New Roman" fontSize="9.0"/>
                </Word>
                <Word id="w_w2aab1b9b2b5b1ab7" language="English" custom="readingOrder {index:1;}">
                    <Coords points="1433,2567 1468,2567 1468,2609 1433,2609"/>
                    <TextEquiv>
                        <Unicode>si</Unicode>
                    </TextEquiv>
                    <TextStyle fontFamily="Times New Roman" fontSize="9.0"/>
                </Word>
                <Word id="w_w2aab1b9b2b5b1ac13" language="English" custom="readingOrder {index:2;}">
                    <Coords points="1496,2567 1660,2567 1660,2610 1496,2610"/>
                    <TextEquiv>
                        <Unicode>dicatur</Unicode>
                    </TextEquiv>
                    <TextStyle fontFamily="Times New Roman" fontSize="9.0"/>
                </Word>
                <Word id="w_w2aab1b9b2b5b1ac29" language="English" custom="readingOrder {index:3;}">
                    <Coords points="1681,2571 1792,2571 1792,2625 1681,2625"/>
                    <TextEquiv>
                        <Unicode>quod</Unicode>
                    </TextEquiv>
                    <TextStyle fontFamily="Times New Roman" fontSize="9.0"/>
                </Word>
                <Word id="w_w2aab1b9b2b5b1ac39" language="English" custom="readingOrder {index:4;}">
                    <Coords points="1820,2571 1929,2571 1929,2613 1820,2613"/>
                    <TextEquiv>
                        <Unicode>sicut</Unicode>
                    </TextEquiv>
                    <TextStyle fontFamily="Times New Roman" fontSize="9.0"/>
                </Word>
                <Word id="w_w2aab1b9b2b5b1ac51" language="English" custom="readingOrder {index:5;}">
                    <Coords points="1949,2572 2076,2572 2076,2614 1949,2614"/>
                    <TextEquiv>
                        <Unicode>homo</Unicode>
                    </TextEquiv>
                    <TextStyle fontFamily="Times New Roman" fontSize="9.0"/>
                </Word>
                <Word id="w_w2aab1b9b2b5b1ac61" language="English" custom="readingOrder {index:6;}">
                    <Coords points="2111,2573 2309,2573 2309,2626 2111,2626"/>
                    <TextEquiv>
                        <Unicode>mendax,</Unicode>
                    </TextEquiv>
                    <TextStyle fontFamily="Times New Roman" fontSize="9.0"/>
                </Word>
                <TextEquiv>
                    <Unicode>Et si dicatur quod sicut homo mendax,</Unicode>
                </TextEquiv>
                <TextStyle fontFamily="Times New Roman" fontSize="9.0"/>
            </TextLine>
            <TextLine id="tl_86" primaryLanguage="English" custom="readingOrder {index:1;}">
                <Coords points="1299,2641 2310,2641 2310,2703 1299,2703"/>
                <Baseline points="1299,2682 1356,2683 1517,2684 1745,2686 1941,2696 2058,2688 2149,2690 2310,2691"/>
                <Word id="w_w2aab1b9b2b5b3ab1" language="English" custom="readingOrder {index:0;}">
                    <Coords points="1299,2641 1356,2641 1356,2683 1299,2683"/>
                    <TextEquiv>
                        <Unicode>ita</Unicode>
                    </TextEquiv>
                    <TextStyle fontFamily="Times New Roman" fontSize="9.0"/>
                </Word>
                <Word id="w_w2aab1b9b2b5b3ab9" language="English" custom="readingOrder {index:1;}">
                    <Coords points="1390,2642 1517,2642 1517,2684 1390,2684"/>
                    <TextEquiv>
                        <Unicode>etiam</Unicode>
                    </TextEquiv>
                    <TextStyle fontFamily="Times New Roman" fontSize="9.0"/>
                </Word>
                <Word id="w_w2aab1b9b2b5b3ac21" language="English" custom="readingOrder {index:2;}">
                    <Coords points="1554,2643 1745,2643 1745,2699 1554,2699"/>
                    <TextEquiv>
                        <Unicode>Angelus</Unicode>
                    </TextEquiv>
                    <TextStyle fontFamily="Times New Roman" fontSize="9.0"/>
                </Word>
                <Word id="w_w2aab1b9b2b5b3ac37" language="English" custom="readingOrder {index:3;}">
                    <Coords points="1787,2646 1941,2646 1941,2696 1787,2696"/>
                    <TextEquiv>
                        <Unicode>malus,</Unicode>
                    </TextEquiv>
                    <TextStyle fontFamily="Times New Roman" fontSize="9.0"/>
                </Word>
                <Word id="w_w2aab1b9b2b5b3ac51" language="English" custom="readingOrder {index:4;}">
                    <Coords points="1987,2647 2058,2647 2058,2702 1987,2702"/>
                    <TextEquiv>
                        <Unicode>qui</Unicode>
                    </TextEquiv>
                    <TextStyle fontFamily="Times New Roman" fontSize="9.0"/>
                </Word>
                <Word id="w_w2aab1b9b2b5b3ac59" language="English" custom="readingOrder {index:5;}">
                    <Coords points="2085,2655 2149,2655 2149,2690 2085,2690"/>
                    <TextEquiv>
                        <Unicode>est</Unicode>
                    </TextEquiv>
                    <TextStyle fontFamily="Times New Roman" fontSize="9.0"/>
                </Word>
                <Word id="w_w2aab1b9b2b5b3ac67" language="English" custom="readingOrder {index:6;}">
                    <Coords points="2187,2656 2310,2656 2310,2703 2187,2703"/>
                    <TextEquiv>
                        <Unicode>pater</Unicode>
                    </TextEquiv>
                    <TextStyle fontFamily="Times New Roman" fontSize="9.0"/>
                </Word>
                <TextEquiv>
                    <Unicode>ita etiam Angelus malus, qui est pater</Unicode>
                </TextEquiv>
                <TextStyle fontFamily="Times New Roman" fontSize="9.0"/>
            </TextLine>
            <TextLine id="tl_87" primaryLanguage="English" custom="readingOrder {index:2;}">
                <Coords points="1298,2717 2311,2717 2311,2779 1298,2779"/>
                <Baseline points="1298,2758 1634,2771 1798,2762 1975,2764 2311,2767"/>
                <Word id="w_w2aab1b9b2b5b5ab1" language="English" custom="readingOrder {index:0;}">
                    <Coords points="1298,2717 1634,2717 1634,2771 1298,2771"/>
                    <TextEquiv>
                        <Unicode>mendaciorum,</Unicode>
                    </TextEquiv>
                    <TextStyle fontFamily="Times New Roman" fontSize="9.0"/>
                </Word>
                <Word id="w_w2aab1b9b2b5b5ac27" language="English" custom="readingOrder {index:1;}">
                    <Coords points="1666,2721 1798,2721 1798,2776 1666,2776"/>
                    <TextEquiv>
                        <Unicode>possit</Unicode>
                    </TextEquiv>
                    <TextStyle fontFamily="Times New Roman" fontSize="9.0"/>
                </Word>
                <Word id="w_w2aab1b9b2b5b5ac41" language="English" custom="readingOrder {index:2;}">
                    <Coords points="1824,2721 1975,2721 1975,2764 1824,2764"/>
                    <TextEquiv>
                        <Unicode>docere</Unicode>
                    </TextEquiv>
                    <TextStyle fontFamily="Times New Roman" fontSize="9.0"/>
                </Word>
                <Word id="w_w2aab1b9b2b5b5ac55" language="English" custom="readingOrder {index:3;}">
                    <Coords points="1997,2724 2311,2724 2311,2779 1997,2779"/>
                    <TextEquiv>
                        <Unicode>propositiones</Unicode>
                    </TextEquiv>
                    <TextStyle fontFamily="Times New Roman" fontSize="9.0"/>
                </Word>
                <TextEquiv>
                    <Unicode>mendaciorum, possit docere propositiones</Unicode>
                </TextEquiv>
                <TextStyle fontFamily="Times New Roman" fontSize="9.0"/>
            </TextLine>
            <TextLine id="tl_88" primaryLanguage="English" custom="readingOrder {index:3;}">
                <Coords points="1299,2795 2312,2795 2312,2848 1299,2848"/>
                <Baseline points="1299,2848 1479,2835 1665,2837 1714,2838 1829,2839 1947,2839 2206,2842 2312,2832"/>
                <Word id="w_w2aab1b9b2b5b7ab1" language="English" custom="readingOrder {index:0;}">
                    <Coords points="1299,2806 1479,2806 1479,2848 1299,2848"/>
                    <TextEquiv>
                        <Unicode>quarum</Unicode>
                    </TextEquiv>
                    <TextStyle fontFamily="Times New Roman" fontSize="9.0"/>
                </Word>
                <Word id="w_w2aab1b9b2b5b7ac15" language="English" custom="readingOrder {index:1;}">
                    <Coords points="1506,2795 1665,2795 1665,2837 1506,2837"/>
                    <TextEquiv>
                        <Unicode>veritas</Unicode>
                    </TextEquiv>
                    <TextStyle fontFamily="Times New Roman" fontSize="9.0"/>
                </Word>
                <Word id="w_w2aab1b9b2b5b7ac31" language="English" custom="readingOrder {index:2;}">
                    <Coords points="1691,2809 1714,2809 1714,2838 1691,2838"/>
                    <TextEquiv>
                        <Unicode>a</Unicode>
                    </TextEquiv>
                    <TextStyle fontFamily="Times New Roman" fontSize="9.0"/>
                </Word>
                <Word id="w_w2aab1b9b2b5b7ac35" language="English" custom="readingOrder {index:3;}">
                    <Coords points="1741,2795 1829,2795 1829,2839 1741,2839"/>
                    <TextEquiv>
                        <Unicode>sola</Unicode>
                    </TextEquiv>
                    <TextStyle fontFamily="Times New Roman" fontSize="9.0"/>
                </Word>
                <Word id="w_w2aab1b9b2b5b7ac45" language="English" custom="readingOrder {index:4;}">
                    <Coords points="1873,2797 1947,2797 1947,2839 1873,2839"/>
                    <TextEquiv>
                        <Unicode>Dei</Unicode>
                    </TextEquiv>
                    <TextStyle fontFamily="Times New Roman" fontSize="9.0"/>
                </Word>
                <Word id="w_w2aab1b9b2b5b7ac53" language="English" custom="readingOrder {index:5;}">
                    <Coords points="1986,2799 2206,2799 2206,2842 1986,2842"/>
                    <TextEquiv>
                        <Unicode>voluntate</Unicode>
                    </TextEquiv>
                    <TextStyle fontFamily="Times New Roman" fontSize="9.0"/>
                </Word>
                <Word id="w_w2aab1b9b2b5b7ac73" language="English" custom="readingOrder {index:6;}">
                    <Coords points="2237,2800 2312,2800 2312,2843 2237,2843"/>
                    <TextEquiv>
                        <Unicode>de¬</Unicode>
                    </TextEquiv>
                    <TextStyle fontFamily="Times New Roman" fontSize="9.0"/>
                </Word>
                <TextEquiv>
                    <Unicode>quarum veritas a sola Dei voluntate de¬</Unicode>
                </TextEquiv>
                <TextStyle fontFamily="Times New Roman" fontSize="9.0"/>
            </TextLine>
            <TextLine id="tl_89" primaryLanguage="English" custom="readingOrder {index:4;}">
                <Coords points="1299,2868 2302,2868 2302,2929 1299,2929"/>
                <Baseline points="1299,2922 1467,2920 1583,2911 1793,2913 1901,2914 2149,2917 2302,2927"/>
                <Word id="w_w2aab1b9b2b5b9ab1" language="English" custom="readingOrder {index:0;}">
                    <Coords points="1299,2868 1467,2868 1467,2922 1299,2922"/>
                    <TextEquiv>
                        <Unicode>pendet,</Unicode>
                    </TextEquiv>
                    <TextStyle fontFamily="Times New Roman" fontSize="9.0"/>
                </Word>
                <Word id="w_w2aab1b9b2b5b9ac17" language="English" custom="readingOrder {index:1;}">
                    <Coords points="1498,2883 1583,2883 1583,2911 1498,2911"/>
                    <TextEquiv>
                        <Unicode>non</Unicode>
                    </TextEquiv>
                    <TextStyle fontFamily="Times New Roman" fontSize="9.0"/>
                </Word>
                <Word id="w_w2aab1b9b2b5b9ac25" language="English" custom="readingOrder {index:2;}">
                    <Coords points="1621,2871 1793,2871 1793,2926 1621,2926"/>
                    <TextEquiv>
                        <Unicode>quidem</Unicode>
                    </TextEquiv>
                    <TextStyle fontFamily="Times New Roman" fontSize="9.0"/>
                </Word>
                <Word id="w_w2aab1b9b2b5b9ac39" language="English" custom="readingOrder {index:3;}">
                    <Coords points="1827,2886 1901,2886 1901,2927 1827,2927"/>
                    <TextEquiv>
                        <Unicode>per</Unicode>
                    </TextEquiv>
                    <TextStyle fontFamily="Times New Roman" fontSize="9.0"/>
                </Word>
                <Word id="w_w2aab1b9b2b5b9ac47" language="English" custom="readingOrder {index:4;}">
                    <Coords points="1940,2873 2149,2873 2149,2929 1940,2929"/>
                    <TextEquiv>
                        <Unicode>principia</Unicode>
                    </TextEquiv>
                    <TextStyle fontFamily="Times New Roman" fontSize="9.0"/>
                </Word>
                <Word id="w_w2aab1b9b2b5b9ac67" language="English" custom="readingOrder {index:5;}">
                    <Coords points="2175,2883 2302,2883 2302,2927 2175,2927"/>
                    <TextEquiv>
                        <Unicode>certa,</Unicode>
                    </TextEquiv>
                    <TextStyle fontFamily="Times New Roman" fontSize="9.0"/>
                </Word>
                <TextEquiv>
                    <Unicode>pendet, non quidem per principia certa,</Unicode>
                </TextEquiv>
                <TextStyle fontFamily="Times New Roman" fontSize="9.0"/>
            </TextLine>
            <TextLine id="tl_90" primaryLanguage="English" custom="readingOrder {index:5;}">
                <Coords points="1299,2945 2308,2945 2308,3005 1299,3005"/>
                <Baseline points="1299,2986 1373,2987 1481,2988 1593,2988 1891,2991 2192,3004 2308,2994"/>
                <Word id="w_w2aab1b9b2b5c11ab1" language="English" custom="readingOrder {index:0;}">
                    <Coords points="1299,2945 1373,2945 1373,2987 1299,2987"/>
                    <TextEquiv>
                        <Unicode>sed</Unicode>
                    </TextEquiv>
                    <TextStyle fontFamily="Times New Roman" fontSize="9.0"/>
                </Word>
                <Word id="w_w2aab1b9b2b5c11ab9" language="English" custom="readingOrder {index:1;}">
                    <Coords points="1413,2946 1481,2946 1481,2988 1413,2988"/>
                    <TextEquiv>
                        <Unicode>vel</Unicode>
                    </TextEquiv>
                    <TextStyle fontFamily="Times New Roman" fontSize="9.0"/>
                </Word>
                <Word id="w_w2aab1b9b2b5c11ac17" language="English" custom="readingOrder {index:2;}">
                    <Coords points="1519,2960 1593,2960 1593,3002 1519,3002"/>
                    <TextEquiv>
                        <Unicode>per</Unicode>
                    </TextEquiv>
                    <TextStyle fontFamily="Times New Roman" fontSize="9.0"/>
                </Word>
                <Word id="w_w2aab1b9b2b5c11ac25" language="English" custom="readingOrder {index:3;}">
                    <Coords points="1638,2956 1891,2956 1891,3002 1638,3002"/>
                    <TextEquiv>
                        <Unicode>argumenta</Unicode>
                    </TextEquiv>
                    <TextStyle fontFamily="Times New Roman" fontSize="9.0"/>
                </Word>
                <Word id="w_w2aab1b9b2b5c11ac45" language="English" custom="readingOrder {index:4;}">
                    <Coords points="1935,2950 2192,2950 2192,3005 1935,3005"/>
                    <TextEquiv>
                        <Unicode>sophistica,</Unicode>
                    </TextEquiv>
                    <TextStyle fontFamily="Times New Roman" fontSize="9.0"/>
                </Word>
                <Word id="w_w2aab1b9b2b5c11ac69" language="English" custom="readingOrder {index:5;}">
                    <Coords points="2240,2952 2308,2952 2308,2995 2240,2995"/>
                    <TextEquiv>
                        <Unicode>vel</Unicode>
                    </TextEquiv>
                    <TextStyle fontFamily="Times New Roman" fontSize="9.0"/>
                </Word>
                <TextEquiv>
                    <Unicode>sed vel per argumenta sophistica, vel</Unicode>
                </TextEquiv>
                <TextStyle fontFamily="Times New Roman" fontSize="9.0"/>
            </TextLine>
            <TextLine id="tl_91" primaryLanguage="English" custom="readingOrder {index:6;}">
                <Coords points="1297,3021 2312,3021 2312,3081 1297,3081"/>
                <Baseline points="1297,3062 1561,3063 1661,3064 1826,3074 1899,3066 2183,3079 2312,3061"/>
                <Word id="w_w2aab1b9b2b5c13ab1" language="English" custom="readingOrder {index:0;}">
                    <Coords points="1297,3021 1561,3021 1561,3063 1297,3063"/>
                    <TextEquiv>
                        <Unicode>conciliando</Unicode>
                    </TextEquiv>
                    <TextStyle fontFamily="Times New Roman" fontSize="9.0"/>
                </Word>
                <Word id="w_w2aab1b9b2b5c13ac25" language="English" custom="readingOrder {index:1;}">
                    <Coords points="1580,3022 1661,3022 1661,3065 1580,3065"/>
                    <TextEquiv>
                        <Unicode>sibi</Unicode>
                    </TextEquiv>
                    <TextStyle fontFamily="Times New Roman" fontSize="9.0"/>
                </Word>
                <Word id="w_w2aab1b9b2b5c13ac35" language="English" custom="readingOrder {index:2;}">
                    <Coords points="1683,3022 1826,3022 1826,3074 1683,3074"/>
                    <TextEquiv>
                        <Unicode>fidem,</Unicode>
                    </TextEquiv>
                    <TextStyle fontFamily="Times New Roman" fontSize="9.0"/>
                </Word>
                <Word id="w_w2aab1b9b2b5c13ac49" language="English" custom="readingOrder {index:3;}">
                    <Coords points="1858,3032 1899,3032 1899,3066 1858,3066"/>
                    <TextEquiv>
                        <Unicode>et</Unicode>
                    </TextEquiv>
                    <TextStyle fontFamily="Times New Roman" fontSize="9.0"/>
                </Word>
                <Word id="w_w2aab1b9b2b5c13ac55" language="English" custom="readingOrder {index:4;}">
                    <Coords points="1920,3024 2183,3024 2183,3081 1920,3081"/>
                    <TextEquiv>
                        <Unicode>decipiendo,</Unicode>
                    </TextEquiv>
                    <TextStyle fontFamily="Times New Roman" fontSize="9.0"/>
                </Word>
                <Word id="w_w2aab1b9b2b5c13ac79" language="English" custom="readingOrder {index:5;}">
                    <Coords points="2210,3029 2312,3029 2312,3071 2210,3071"/>
                    <TextEquiv>
                        <Unicode>hoc-</Unicode>
                    </TextEquiv>
                    <TextStyle fontFamily="Times New Roman" fontSize="9.0"/>
                </Word>
                <TextEquiv>
                    <Unicode>conciliando sibi fidem, et decipiendo, hoc-</Unicode>
                </TextEquiv>
                <TextStyle fontFamily="Times New Roman" fontSize="9.0"/>
            </TextLine>
            <TextLine id="tl_92" primaryLanguage="English" custom="readingOrder {index:7;}">
                <Coords points="1296,3096 2301,3096 2301,3159 1296,3159"/>
                <Baseline points="1296,3152 1379,3138 1630,3150 1697,3141 1788,3141 1860,3142 2067,3145 2301,3146"/>
                <Word id="w_w2aab1b9b2b5c15ab1" language="English" custom="readingOrder {index:0;}">
                    <Coords points="1296,3110 1379,3110 1379,3152 1296,3152"/>
                    <TextEquiv>
                        <Unicode>que</Unicode>
                    </TextEquiv>
                    <TextStyle fontFamily="Times New Roman" fontSize="9.0"/>
                </Word>
                <Word id="w_w2aab1b9b2b5c15ab9" language="English" custom="readingOrder {index:1;}">
                    <Coords points="1417,3096 1630,3096 1630,3150 1417,3150"/>
                    <TextEquiv>
                        <Unicode>sufficere,</Unicode>
                    </TextEquiv>
                    <TextStyle fontFamily="Times New Roman" fontSize="9.0"/>
                </Word>
                <Word id="w_w2aab1b9b2b5c15ac31" language="English" custom="readingOrder {index:2;}">
                    <Coords points="1661,3099 1697,3099 1697,3141 1661,3141"/>
                    <TextEquiv>
                        <Unicode>si</Unicode>
                    </TextEquiv>
                    <TextStyle fontFamily="Times New Roman" fontSize="9.0"/>
                </Word>
                <Word id="w_w2aab1b9b2b5c15ac37" language="English" custom="readingOrder {index:3;}">
                    <Coords points="1730,3099 1788,3099 1788,3141 1730,3141"/>
                    <TextEquiv>
                        <Unicode>ita</Unicode>
                    </TextEquiv>
                    <TextStyle fontFamily="Times New Roman" fontSize="9.0"/>
                </Word>
                <Word id="w_w2aab1b9b2b5c15ac45" language="English" custom="readingOrder {index:4;}">
                    <Coords points="1813,3113 1860,3113 1860,3142 1813,3142"/>
                    <TextEquiv>
                        <Unicode>se</Unicode>
                    </TextEquiv>
                    <TextStyle fontFamily="Times New Roman" fontSize="9.0"/>
                </Word>
                <Word id="w_w2aab1b9b2b5c15ac51" language="English" custom="readingOrder {index:5;}">
                    <Coords points="1898,3110 2067,3110 2067,3155 1898,3155"/>
                    <TextEquiv>
                        <Unicode>gereret</Unicode>
                    </TextEquiv>
                    <TextStyle fontFamily="Times New Roman" fontSize="9.0"/>
                </Word>
                <Word id="w_w2aab1b9b2b5c15ac67" language="English" custom="readingOrder {index:6;}">
                    <Coords points="2105,3111 2301,3111 2301,3159 2105,3159"/>
                    <TextEquiv>
                        <Unicode>respectu</Unicode>
                    </TextEquiv>
                    <TextStyle fontFamily="Times New Roman" fontSize="9.0"/>
                </Word>
                <TextEquiv>
                    <Unicode>que sufficere, si ita se gereret respectu</Unicode>
                </TextEquiv>
                <TextStyle fontFamily="Times New Roman" fontSize="9.0"/>
            </TextLine>
            <TextLine id="tl_93" primaryLanguage="English" custom="readingOrder {index:8;}">
                <Coords points="1297,3172 2311,3172 2311,3230 1297,3230"/>
                <Baseline points="1297,3213 1489,3215 1774,3217 1961,3220 2022,3220 2142,3220 2311,3212"/>
                <Word id="w_w2aab1b9b2b5c17ab1" language="English" custom="readingOrder {index:0;}">
                    <Coords points="1297,3172 1489,3172 1489,3215 1297,3215"/>
                    <TextEquiv>
                        <Unicode>omnium</Unicode>
                    </TextEquiv>
                    <TextStyle fontFamily="Times New Roman" fontSize="9.0"/>
                </Word>
                <Word id="w_w2aab1b9b2b5c17ac15" language="English" custom="readingOrder {index:1;}">
                    <Coords points="1512,3174 1774,3174 1774,3230 1512,3230"/>
                    <TextEquiv>
                        <Unicode>Scriptorum</Unicode>
                    </TextEquiv>
                    <TextStyle fontFamily="Times New Roman" fontSize="9.0"/>
                </Word>
                <Word id="w_w2aab1b9b2b5c17ac37" language="English" custom="readingOrder {index:2;}">
                    <Coords points="1801,3177 1961,3177 1961,3220 1801,3220"/>
                    <TextEquiv>
                        <Unicode>veteris</Unicode>
                    </TextEquiv>
                    <TextStyle fontFamily="Times New Roman" fontSize="9.0"/>
                </Word>
                <Word id="w_w2aab1b9b2b5c17ac53" language="English" custom="readingOrder {index:3;}">
                    <Coords points="1982,3185 2022,3185 2022,3220 1982,3220"/>
                    <TextEquiv>
                        <Unicode>et</Unicode>
                    </TextEquiv>
                    <TextStyle fontFamily="Times New Roman" fontSize="9.0"/>
                </Word>
                <Word id="w_w2aab1b9b2b5c17ac59" language="English" custom="readingOrder {index:4;}">
                    <Coords points="2044,3179 2142,3179 2142,3221 2044,3221"/>
                    <TextEquiv>
                        <Unicode>novi</Unicode>
                    </TextEquiv>
                    <TextStyle fontFamily="Times New Roman" fontSize="9.0"/>
                </Word>
                <Word id="w_w2aab1b9b2b5c17ac69" language="English" custom="readingOrder {index:5;}">
                    <Coords points="2166,3181 2311,3181 2311,3222 2166,3222"/>
                    <TextEquiv>
                        <Unicode>Testa¬</Unicode>
                    </TextEquiv>
                    <TextStyle fontFamily="Times New Roman" fontSize="9.0"/>
                </Word>
                <TextEquiv>
                    <Unicode>omnium Scriptorum veteris et novi Testa¬</Unicode>
                </TextEquiv>
                <TextStyle fontFamily="Times New Roman" fontSize="9.0"/>
            </TextLine>
            <TextLine id="tl_94" primaryLanguage="English" custom="readingOrder {index:9;}">
                <Coords points="1297,3248 2303,3248 2303,3309 1297,3309"/>
                <Baseline points="1297,3289 1443,3298 1526,3291 1706,3294 2030,3305 2181,3296 2303,3297"/>
                <Word id="w_w2aab1b9b2b5c19ab1" language="English" custom="readingOrder {index:0;}">
                    <Coords points="1297,3248 1443,3248 1443,3298 1297,3298"/>
                    <TextEquiv>
                        <Unicode>menti,</Unicode>
                    </TextEquiv>
                    <TextStyle fontFamily="Times New Roman" fontSize="9.0"/>
                </Word>
                <Word id="w_w2aab1b9b2b5c19ac15" language="English" custom="readingOrder {index:1;}">
                    <Coords points="1481,3257 1526,3257 1526,3292 1481,3292"/>
                    <TextEquiv>
                        <Unicode>ut</Unicode>
                    </TextEquiv>
                    <TextStyle fontFamily="Times New Roman" fontSize="9.0"/>
                </Word>
                <Word id="w_w2aab1b9b2b5c19ac21" language="English" custom="readingOrder {index:2;}">
                    <Coords points="1558,3263 1706,3263 1706,3294 1558,3294"/>
                    <TextEquiv>
                        <Unicode>omnes</Unicode>
                    </TextEquiv>
                    <TextStyle fontFamily="Times New Roman" fontSize="9.0"/>
                </Word>
                <Word id="w_w2aab1b9b2b5c19ac33" language="English" custom="readingOrder {index:3;}">
                    <Coords points="1733,3253 2030,3253 2030,3305 1733,3305"/>
                    <TextEquiv>
                        <Unicode>convenirent,</Unicode>
                    </TextEquiv>
                    <TextStyle fontFamily="Times New Roman" fontSize="9.0"/>
                </Word>
                <Word id="w_w2aab1b9b2b5c19ac59" language="English" custom="readingOrder {index:4;}">
                    <Coords points="2054,3261 2181,3261 2181,3309 2054,3309"/>
                    <TextEquiv>
                        <Unicode>atque</Unicode>
                    </TextEquiv>
                    <TextStyle fontFamily="Times New Roman" fontSize="9.0"/>
                </Word>
                <Word id="w_w2aab1b9b2b5c19ac71" language="English" custom="readingOrder {index:5;}">
                    <Coords points="2200,3254 2303,3254 2303,3297 2200,3297"/>
                    <TextEquiv>
                        <Unicode>adeo</Unicode>
                    </TextEquiv>
                    <TextStyle fontFamily="Times New Roman" fontSize="9.0"/>
                </Word>
                <TextEquiv>
                    <Unicode>menti, ut omnes convenirent, atque adeo</Unicode>
                </TextEquiv>
                <TextStyle fontFamily="Times New Roman" fontSize="9.0"/>
            </TextLine>
            <TextLine id="tl_95" primaryLanguage="English" custom="readingOrder {index:10;}">
                <Coords points="1296,3330 2307,3330 2307,3374 1296,3374"/>
                <Baseline points="1296,3366 1553,3368 1739,3369 1851,3370 1974,3371 2114,3373 2307,3374"/>
                <Word id="w_w2aab1b9b2b5c21ab1" language="English" custom="readingOrder {index:0;}">
                    <Coords points="1296,3338 1553,3338 1553,3368 1296,3368"/>
                    <TextEquiv>
                        <Unicode>consensum</Unicode>
                    </TextEquiv>
                    <TextStyle fontFamily="Times New Roman" fontSize="9.0"/>
                </Word>
                <Word id="w_w2aab1b9b2b5c21ac21" language="English" custom="readingOrder {index:1;}">
                    <Coords points="1592,3340 1739,3340 1739,3370 1592,3370"/>
                    <TextEquiv>
                        <Unicode>eorum</Unicode>
                    </TextEquiv>
                    <TextStyle fontFamily="Times New Roman" fontSize="9.0"/>
                </Word>
                <Word id="w_w2aab1b9b2b5c21ac33" language="English" custom="readingOrder {index:2;}">
                    <Coords points="1767,3341 1851,3341 1851,3370 1767,3370"/>
                    <TextEquiv>
                        <Unicode>non</Unicode>
                    </TextEquiv>
                    <TextStyle fontFamily="Times New Roman" fontSize="9.0"/>
                </Word>
                <Word id="w_w2aab1b9b2b5c21ac41" language="English" custom="readingOrder {index:3;}">
                    <Coords points="1878,3342 1974,3342 1974,3371 1878,3371"/>
                    <TextEquiv>
                        <Unicode>esse</Unicode>
                    </TextEquiv>
                    <TextStyle fontFamily="Times New Roman" fontSize="9.0"/>
                </Word>
                <Word id="w_w2aab1b9b2b5c21ac51" language="English" custom="readingOrder {index:4;}">
                    <Coords points="2010,3330 2114,3330 2114,3373 2010,3373"/>
                    <TextEquiv>
                        <Unicode>satis</Unicode>
                    </TextEquiv>
                    <TextStyle fontFamily="Times New Roman" fontSize="9.0"/>
                </Word>
                <Word id="w_w2aab1b9b2b5c21ac63" language="English" custom="readingOrder {index:5;}">
                    <Coords points="2155,3330 2307,3330 2307,3374 2155,3374"/>
                    <TextEquiv>
                        <Unicode>efficax</Unicode>
                    </TextEquiv>
                    <TextStyle fontFamily="Times New Roman" fontSize="9.0"/>
                </Word>
                <TextEquiv>
                    <Unicode>consensum eorum non esse satis efficax</Unicode>
                </TextEquiv>
                <TextStyle fontFamily="Times New Roman" fontSize="9.0"/>
            </TextLine>
            <TextLine id="tl_96" primaryLanguage="English" custom="readingOrder {index:11;}">
                <Coords points="1297,3401 2305,3401 2305,3461 1297,3461"/>
                <Baseline points="1297,3441 1483,3443 1722,3444 2040,3447 2305,3448"/>
                <Word id="w_w2aab1b9b2b5c23ab1" language="English" custom="readingOrder {index:0;}">
                    <Coords points="1297,3401 1483,3401 1483,3443 1297,3443"/>
                    <TextEquiv>
                        <Unicode>medium</Unicode>
                    </TextEquiv>
                    <TextStyle fontFamily="Times New Roman" fontSize="9.0"/>
                </Word>
                <Word id="w_w2aab1b9b2b5c23ac15" language="English" custom="readingOrder {index:1;}">
                    <Coords points="1517,3403 1722,3403 1722,3457 1517,3457"/>
                    <TextEquiv>
                        <Unicode>probandi</Unicode>
                    </TextEquiv>
                    <TextStyle fontFamily="Times New Roman" fontSize="9.0"/>
                </Word>
                <Word id="w_w2aab1b9b2b5c23ac33" language="English" custom="readingOrder {index:2;}">
                    <Coords points="1750,3403 2040,3403 2040,3448 1750,3448"/>
                    <TextEquiv>
                        <Unicode>assistentiam</Unicode>
                    </TextEquiv>
                    <TextStyle fontFamily="Times New Roman" fontSize="9.0"/>
                </Word>
                <Word id="w_w2aab1b9b2b5c23ac59" language="English" custom="readingOrder {index:3;}">
                    <Coords points="2079,3407 2305,3407 2305,3461 2079,3461"/>
                    <TextEquiv>
                        <Unicode>specialem</Unicode>
                    </TextEquiv>
                    <TextStyle fontFamily="Times New Roman" fontSize="9.0"/>
                </Word>
                <TextEquiv>
                    <Unicode>medium probandi assistentiam specialem</Unicode>
                </TextEquiv>
                <TextStyle fontFamily="Times New Roman" fontSize="9.0"/>
            </TextLine>
            <TextLine id="tl_97" primaryLanguage="English" custom="readingOrder {index:12;}">
                <Coords points="1296,3477 1386,3477 1386,3520 1296,3520"/>
                <Baseline points="1296,3519 1386,3520"/>
                <Word id="w_w2aab1b9b2b5c25ab1" language="English" custom="readingOrder {index:0;}">
                    <Coords points="1296,3477 1386,3477 1386,3520 1296,3520"/>
                    <TextEquiv>
                        <Unicode>Dei.</Unicode>
                    </TextEquiv>
                    <TextStyle fontFamily="Times New Roman" fontSize="9.0"/>
                </Word>
                <TextEquiv>
                    <Unicode>Dei.</Unicode>
                </TextEquiv>
                <TextStyle fontFamily="Times New Roman" fontSize="9.0"/>
            </TextLine>
            <TextEquiv>
                <Unicode>Et si dicatur quod sicut homo mendax,
ita etiam Angelus malus, qui est pater
mendaciorum, possit docere propositiones
quarum veritas a sola Dei voluntate de¬
pendet, non quidem per principia certa,
sed vel per argumenta sophistica, vel
conciliando sibi fidem, et decipiendo, hoc-
que sufficere, si ita se gereret respectu
omnium Scriptorum veteris et novi Testa¬
menti, ut omnes convenirent, atque adeo
consensum eorum non esse satis efficax
medium probandi assistentiam specialem
Dei.</Unicode>
            </TextEquiv>
        </TextRegion>
        <TextRegion type="paragraph" id="r_5_4" custom="readingOrder {index:4;}">
            <Coords points="1293,3555 2308,3555 2308,3693 1293,3693"/>
            <TextLine id="tl_98" primaryLanguage="English" custom="readingOrder {index:0;}">
                <Coords points="1355,3556 2301,3556 2301,3613 1355,3613"/>
                <Baseline points="1355,3597 1604,3599 1792,3610 1938,3601 2215,3603 2301,3592"/>
                <Word id="w_w2aab1b9b2b7b1ab1" language="English" custom="readingOrder {index:0;}">
                    <Coords points="1355,3556 1604,3556 1604,3612 1355,3612"/>
                    <TextEquiv>
                        <Unicode>Respondeo</Unicode>
                    </TextEquiv>
                    <TextStyle fontFamily="Times New Roman" fontSize="9.0"/>
                </Word>
                <Word id="w_w2aab1b9b2b7b1ac21" language="English" custom="readingOrder {index:1;}">
                    <Coords points="1638,3557 1792,3557 1792,3613 1638,3613"/>
                    <TextEquiv>
                        <Unicode>primo,</Unicode>
                    </TextEquiv>
                    <TextStyle fontFamily="Times New Roman" fontSize="9.0"/>
                </Word>
                <Word id="w_w2aab1b9b2b7b1ac35" language="English" custom="readingOrder {index:2;}">
                    <Coords points="1824,3559 1938,3559 1938,3601 1824,3601"/>
                    <TextEquiv>
                        <Unicode>hunc</Unicode>
                    </TextEquiv>
                    <TextStyle fontFamily="Times New Roman" fontSize="9.0"/>
                </Word>
                <Word id="w_w2aab1b9b2b7b1ac45" language="English" custom="readingOrder {index:3;}">
                    <Coords points="1957,3572 2215,3572 2215,3603 1957,3603"/>
                    <TextEquiv>
                        <Unicode>consensum</Unicode>
                    </TextEquiv>
                    <TextStyle fontFamily="Times New Roman" fontSize="9.0"/>
                </Word>
                <Word id="w_w2aab1b9b2b7b1ac65" language="English" custom="readingOrder {index:4;}">
                    <Coords points="2237,3575 2301,3575 2301,3604 2237,3604"/>
                    <TextEquiv>
                        <Unicode>so¬</Unicode>
                    </TextEquiv>
                    <TextStyle fontFamily="Times New Roman" fontSize="9.0"/>
                </Word>
                <TextEquiv>
                    <Unicode>Respondeo primo, hunc consensum so¬</Unicode>
                </TextEquiv>
                <TextStyle fontFamily="Times New Roman" fontSize="9.0"/>
            </TextLine>
            <TextLine id="tl_99" primaryLanguage="English" custom="readingOrder {index:1;}">
                <Coords points="1294,3630 2307,3630 2307,3692 1294,3692"/>
                <Baseline points="1294,3672 1398,3684 1475,3674 1623,3675 1752,3685 1868,3676 2063,3678 2194,3680 2307,3680"/>
                <Word id="w_w2aab1b9b2b7b3ab1" language="English" custom="readingOrder {index:0;}">
                    <Coords points="1294,3630 1398,3630 1398,3684 1294,3684"/>
                    <TextEquiv>
                        <Unicode>lum,</Unicode>
                    </TextEquiv>
                    <TextStyle fontFamily="Times New Roman" fontSize="9.0"/>
                </Word>
                <Word id="w_w2aab1b9b2b7b3ac11" language="English" custom="readingOrder {index:1;}">
                    <Coords points="1430,3639 1475,3639 1475,3674 1430,3674"/>
                    <TextEquiv>
                        <Unicode>ut</Unicode>
                    </TextEquiv>
                    <TextStyle fontFamily="Times New Roman" fontSize="9.0"/>
                </Word>
                <Word id="w_w2aab1b9b2b7b3ac17" language="English" custom="readingOrder {index:2;}">
                    <Coords points="1500,3640 1623,3640 1623,3675 1500,3675"/>
                    <TextEquiv>
                        <Unicode>antea</Unicode>
                    </TextEquiv>
                    <TextStyle fontFamily="Times New Roman" fontSize="9.0"/>
                </Word>
                <Word id="w_w2aab1b9b2b7b3ac29" language="English" custom="readingOrder {index:3;}">
                    <Coords points="1649,3633 1752,3633 1752,3685 1649,3685"/>
                    <TextEquiv>
                        <Unicode>dixi,</Unicode>
                    </TextEquiv>
                    <TextStyle fontFamily="Times New Roman" fontSize="9.0"/>
                </Word>
                <Word id="w_w2aab1b9b2b7b3ac41" language="English" custom="readingOrder {index:4;}">
                    <Coords points="1784,3648 1868,3648 1868,3677 1784,3677"/>
                    <TextEquiv>
                        <Unicode>non</Unicode>
                    </TextEquiv>
                    <TextStyle fontFamily="Times New Roman" fontSize="9.0"/>
                </Word>
                <Word id="w_w2aab1b9b2b7b3ac49" language="English" custom="readingOrder {index:5;}">
                    <Coords points="1909,3634 2063,3634 2063,3678 1909,3678"/>
                    <TextEquiv>
                        <Unicode>debere</Unicode>
                    </TextEquiv>
                    <TextStyle fontFamily="Times New Roman" fontSize="9.0"/>
                </Word>
                <Word id="w_w2aab1b9b2b7b3ac63" language="English" custom="readingOrder {index:6;}">
                    <Coords points="2101,3650 2194,3650 2194,3680 2101,3680"/>
                    <TextEquiv>
                        <Unicode>esse</Unicode>
                    </TextEquiv>
                    <TextStyle fontFamily="Times New Roman" fontSize="9.0"/>
                </Word>
                <Word id="w_w2aab1b9b2b7b3ac73" language="English" custom="readingOrder {index:7;}">
                    <Coords points="2231,3651 2307,3651 2307,3692 2231,3692"/>
                    <TextEquiv>
                        <Unicode>per</Unicode>
                    </TextEquiv>
                    <TextStyle fontFamily="Times New Roman" fontSize="9.0"/>
                </Word>
                <TextEquiv>
                    <Unicode>lum, ut antea dixi, non debere esse per</Unicode>
                </TextEquiv>
                <TextStyle fontFamily="Times New Roman" fontSize="9.0"/>
            </TextLine>
            <TextEquiv>
                <Unicode>Respondeo primo, hunc consensum so¬
lum, ut antea dixi, non debere esse per</Unicode>
            </TextEquiv>
        </TextRegion>
    </Page>
</PcGts>
