2336 3270
218 72 1168 169 for our behoofe, that is to saie, that
218 163 1135 238 he hath wipte away our sinnes, and
221 224 1134 306 that for us he hath conquered death, ye
219 292 1135 364 devill and hell, according to the saying
212 353 583 437 of the Apostle.
219 407 1136 478 God hath saved us, and hath called us
222 478 1133 566 with an holie calling, not according
218 546 1133 615 to our workes, but according to his
226 622 1131 691 owne purpose and favour which was
230 684 1130 767 given unto us through lesus Christ be
218 739 1140 821 fore all beginning, but is declared
222 807 1137 885 openly now by the appearing of our
232 880 1128 960 Saviour lesus Christ who hath verily
241 938 1144 1029 out out death, and brought foorth
217 1001 1137 1082 life, light, and immortalitie by the
233 1070 1135 1144 Gospell. Ther are manie more like
221 1141 1142 1205 this in the 4. of his epistle to the Ro
221 1207 1137 1269 mans, and in the 15. of his first to the
223 1271 1145 1333 Corinthians. For the Lord also in the
231 1330 1142 1403 Gospell after S. John saith, I am the
230 1394 1138 1463 resurrection and the life : hee that be
227 1458 1132 1530 leeveth in mee, although he be dead
229 1525 1143 1608 shall live: and everie one that liveth
225 1584 1138 1661 and beleeveth in me, shall not die for
233 1660 374 1736 ever.
299 1718 1146 1805 Nowe also let us throughly consi
230 1799 1138 1861 der everie worde of this article seve
225 1852 1136 1928 rally by it selfe, Wee confesseye Lorde,
240 1922 1137 1990 his resurrection. But a resurrection is
227 1987 1141 2045 to rise againe. That riseth which fal
226 2045 1139 2122 leth. The bodie of Christ fell, therfore
229 2113 1139 2189 the bodie of Christ riseth, yea it riseth
230 2178 1138 2244 againe, that is to say, the verie same
229 2235 1140 2306 bodie of Christ, which before it fell did
226 2308 1139 2372 both live and stirre, doth nowe rise a
223 2373 1141 2449 gaine, it doth I say both live and stirre
229 2435 1146 2507 againe. For truely sayde Tertullian
229 2507 1137 2576 of the resurrection of ye flesh, that this
243 2560 1135 2636 word Resurrectio is not properly spo
233 2632 1144 2706 ken of any thing, save of ye which first
235 2695 1146 2765 fell. For nothing can rise againe butye
239 2765 1149 2828 that fell. For by rising againe, because
241 2826 1135 2888 itfel, we say the resurrection is made.
237 2891 1139 2959 Because this sillable Be, is never ad
238 2951 1141 3028 ded, but when a thing is done againe,
241 3019 1129 3095 Wherefore the women in the Gos
1156 77 2084 177 pell, when they went to annoint the
1170 172 2081 249 bodie of the Lorde, which hoong upon
1165 219 2079 311 the crosse, did heare the Angell of the
1161 291 2077 384 Lorde say, whie secke ye the living
1172 353 2079 439 among the dead: He is not here, but is
1171 421 1395 496 risen, Ecc.
1225 485 2074 569 This historie of the Lordes resur
1173 563 2079 629 rectio is set forth in ye 24. after Luke,
1166 622 2078 698 and the 16. after Marke. Peter the A
1175 683 2082 759 postle, also in the second of the acts, af
1168 751 2088 824 firming the Lords resurrection by the
1169 811 2091 880 testimonie of David, doeth erpresly
1178 871 2084 951 shewe, that the Lord is verilie risen a
1184 940 1333 1017 gaine.
1221 998 2074 1077 After this we say againe, that hee
1178 1072 2080 1146 is risen out of, or from ye dead. Which
1178 1137 2076 1205 memder doth expresse the trueth, both
1173 1206 2085 1284 of his death and resurrection. For the
1176 1258 2087 1336 bodie or flesh dieth or is destroied: but
1177 1334 2084 1405 being dead is raised up againe:rthis bo
1180 1401 2083 1476 dy therfore, or flesh is raised up againt
1178 1463 2085 1530 as though hee that maketh confession
1180 1530 2082 1597 of his beleefe should say, Our Lord di
1175 1591 2086 1654 ed een in the verie same condition of
1175 1656 2089 1728 nature that other mortall men doe die
1186 1736 2082 1796 in, but he tarried not, nor yet stacke
1176 1782 2080 1855 fast among the dead. For the verie
1185 1855 2082 1923 same mortall flesh which hee had ta
1174 1917 2085 1999 ken unto him, and by dying had laid
1169 1990 2085 2049 aside, hee nowe taketh againe immor
1180 2042 2079 2117 talitie. As David had foretolde before
1177 2109 2091 2174 saying, Because thou shalt not leave
1173 2184 2077 2265 my soule in hel, nor suffer thy holy one
1173 2236 1587 2315 to see corruption.
1241 2299 2089 2381 For Christ is the first begotten of
1177 2375 2093 2435 them that rise againe, in whome as in
1175 2434 2092 2498 the head there ought to be declared in
1174 2497 2090 2566 what fort the resurrection of al Christ
1177 2565 2098 2650 his mebers, shalbe in the day of judge
1177 2625 1321 2700 ment.
1233 2683 2086 2760 And we confesse that this resurrec
1179 2753 2075 2830 tion was made the third day, I meane
1178 2826 2072 2900 the third daie after his death. For
1178 2891 2072 2955 uppon the day of Preparation hee is
1182 2951 2072 3021 taken downe from the crosse, and ca
1170 3015 2077 3087 ried into a sepulchre, where his bodie
