2312 3270
220 86 1123 170 rie humanitie that hee tooke of us:
211 165 1128 224 which is in deede a lively ad unre
219 221 1133 302 proveable testimonie that all man
222 287 1124 358 kinde shall at the last be translated in
214 354 1129 428 to heaven also. For the memders must
213 415 1125 514 needes bee made conformable to the
228 494 372 572 head.
282 535 1126 635 Christ our heade is risen againe
222 612 1134 679 from the dead : therefore Wee his
220 675 1128 745 memders shall also rise againe. And
221 759 1130 820 even as a cloude tooke away the Lord
221 807 1121 897 from the sight of his Disciples: So
228 863 1134 952 shall we that beleeve be carried in the
223 939 1132 1013 cloudes to meete the Lorde, and shall
228 997 1138 1082 wholie in soule and bodie bee, and for
226 1068 1128 1142 ever dwell in heaven with our head
216 1124 796 1206 and Lord Christ Jesus.
281 1190 1130 1264 And this doth John evidently teach
221 1257 1128 1327 him that readeth his fourteene chap
227 1333 1126 1402 ter, where the Lord saith: I go to pre
223 1389 1129 1468 pare a place for you, and will come
222 1458 1130 1529 againe to you, and take you unto my
227 1528 1129 1624 selfe, that wheresoever l am, ye may
233 1579 416 1656 also be,
304 1643 1136 1725 Paul the Apostle also witnesseth,
234 1713 1135 1787 and saith: wee that live and shall be
227 1777 1128 1856 remaining in the comming of the
231 1841 1137 1916 Lorde, shall be carried in the clouds
225 1902 1127 1979 together with them that are raised by
223 1973 1130 2038 from the dead to meete the Lorde in
222 2037 1134 2103 the are. Te confesse therefore in
222 2105 1128 2172 this article, that Jesus Christ being
225 2173 1132 2240 taken up into Heaven is Lorde of all
215 2229 1140 2298 things, the king and Bishoppe, the
226 2301 1135 2368 deliverer and saviour of all the faith
227 2360 1133 2422 full in the whole worlde. Wee con
227 2421 1131 2499 fesse, that in Christ, and for Christ
226 2495 1130 2573 we believe the life everlasting, which
229 2561 1131 2635 we shall have in this bodie at the end
230 2614 1132 2681 of the worlde, and in soule so soone
233 2680 1135 2757 as wee are once departed out of this
231 2745 410 2817 world.
285 2816 1135 2887 But nowe by the way wee must
231 2880 1125 2959 weigh the verie wordes of this arti
227 2933 1131 3019 cle. He ascended, we saie. Tho
235 3009 1134 3098 ascended I pray you: Hee that was
1159 67 2076 179 borne of the virgine Marie, that was
1156 161 2070 231 crucified, dead and buried, that rose
1162 237 2072 300 againe from the dead: Hee (I sayy
1162 294 2069 367 ascended verily both bodie and soule.
1162 362 2081 424 But whither ascended hee: Into
1166 417 2082 504 Heaven. Heaven in the Scriptures
1166 482 2066 569 is not taken alwayes in one significa
1167 544 1285 621 tion
1235 616 2070 688 First it is put for the firmament,
1166 673 2072 756 and that large compasse that is over
1166 746 2081 810 our heades, wherein the birds flie too
1168 801 2086 875 and fro, and in which the Starres are
1167 875 2088 945 placced that are called the furniture
1176 932 2073 1010 and hoast of Heaven. For saith Da
1174 997 2081 1082 vid: God is clothed with light as
1175 1077 2081 1146 with a garment, he spreadeth foorth
1170 1127 2074 1199 the Heaven as it were a Curtaine,
1171 1190 2080 1283 Hee saith also, I shall, see thy Nea
1174 1256 2075 1339 vens the worke of thy fingers, and
1175 1322 2081 1395 the Moone and Starres which thou
1169 1383 2079 1474 hast laide. And againe: which co
1170 1450 2068 1540 vereth the Heaven with cloudes, and
1171 1516 2076 1606 prepareth raine for the earth. And
1167 1581 2069 1664 againe, The Heavens declare the glo
1165 1643 2070 1733 rie of God, and the firmament she
1171 1718 2065 1786 weth foorth the workes of his handes,
1174 1779 2073 1846 Then also, Heaven is taken for the
1175 1844 2082 1917 throne and habitation of God. And
1164 1908 2067 1983 lastly for the place, seate, and recepta
1172 1973 2072 2041 cle of them that are saved, where God
1165 2038 2067 2127 giveth hunself to be seene and enioyed
1174 2102 1628 2180 of them that be his.
1249 2164 2070 2240 For David witnessing againe,
1172 2227 2071 2317 saith, The Lorde hath prepared his
1161 2293 2074 2366 seate in Heaven: Whereuppon the
1170 2367 2085 2428 Lorde in the Gospel saith:r S. veare not
1169 2424 2073 2509 by Heaven for it is Gods seate. And
1165 2486 2086 2572 the Apostle Paul saith, we knowe if
1178 2561 2077 2640 our earthly mansion of this tabernacle
1169 2619 2080 2692 be destroyed, that we have a dwelling
1172 2687 2073 2766 place for ever in Heaven, builded by
1175 2749 1800 2828 God, not made by handes,
1222 2826 2070 2893 And therefore in this signification
1182 2879 2068 2947 Heaven is called the kingdome of
1165 2945 2065 3015 God, the kingdome of the father, ioy,
1164 3007 2068 3090 happinesse, and felicitie, eternall life,
