2342 3270
219 112 1169 205 sight, and at thy right hand is gladnes,
219 188 433 257 for ever.
304 242 1142 328 What else is this than if hee had
219 325 1120 399 saide, Thou shalt bring me into life,
235 378 1134 457 I say into the verie heavens, where
221 459 1129 523 I shalbe silled with ioyes, both by see
221 513 1132 588 ing and beholding thee, and also by
219 574 1130 654 emoying thee. At thy right hand in e
219 639 1127 703 ternall blessednsse are ioyes everla
227 710 1128 777 sting. In the Gospell also wee reade,
227 773 1132 843 that the Sheepe are placed by the
241 831 1137 910 Iudge at the right hand , and the
229 900 1128 979 Goats at the lest. And when the right
236 961 1132 1037 hand is taken in this sense, then To
231 1034 1131 1101 fitte dooth signifie to rest from all la
230 1090 1142 1163 bours, and to live quietly ad in hap
229 1165 1134 1247 pie state. For that saying in the Pro
241 1223 1140 1299 phet is verie well knowne: A man
228 1287 1146 1368 shall sitte under his wine. As if hee
233 1350 1148 1432 should have said all thinges shall be at
230 1434 1146 1491 peace, in safetie, and at quiet. So then
234 1491 1140 1563 this that I have said, is meant by the
227 1550 1149 1620 right hand of the father: and where
226 1614 1142 1683 we confesse, that the sonne doth sitte
232 1681 1138 1745 at the right hand of the father almigh
231 1746 1136 1813 tie, we doe acknowledge, that our
237 1810 1139 1892 Lorde being delivered from all trou
231 1876 1149 1941 ble and mortall infirmities, doth now
236 1943 1146 2015 in his humanitie, both rest and re
231 2001 1144 2067 ioice in the verie locall place of hea
237 2085 1152 2140 ven, where we beleeve, that both our
235 2130 1144 2204 foules and bodies shall be, and live for
235 2197 379 2265 ever.
302 2256 1144 2333 For the Lord himelfe in the Gos
228 2332 1144 2396 pell witnesseth, that in his fathers
232 2388 1139 2458 house there are many mansions, which
242 2455 1150 2527 he goeth to prepare, that they may
247 2527 1138 2592 have a place, and although hee did de
243 2582 1152 2669 part, yet that he woulde returne to
242 2648 1154 2713 them againe, and take them unto him
243 2715 1148 2785 selfe, that where he is, they also might
245 2773 974 2845 be in the same place with him.
247 2837 1143 2912 Wherefore we beleeve, that Christ is
243 2910 1145 2984 at rest in Heaven where he hath pre
244 2984 1144 3051 pared a place of rest for us also, to re
240 3035 1169 3120 maine in ioies everlasting. And for
1157 117 2090 199 because our bodies shall not be everie
1162 185 2080 260 where in felicitie, but in the onelie
1165 258 2084 336 appointed place, therefore said saint
1160 331 2090 396 Augustine truly, that Christ our Lord
1164 383 2092 464 according to the mealure of his verie
1173 451 2087 519 bodie is in some one place of heaven.
1171 513 2083 583 And saint Cyprian saith: To sit at the
1174 583 2083 647 right hand of the father is the myste
1168 652 2079 719 rie of his fleshe taken uppe into Hea
1175 716 1297 780 ven.
1229 759 2110 853 Secondarilie the right hand of God c
1175 843 2074 903 is put for the vertue, kingdome, pro
1177 901 2080 973 tection, deliveraunce and polver of
1176 966 2073 1037 God. For David saith: The Lordes
1174 1034 2078 1105 right hand is hight, the Lordes right
1177 1096 2078 1165 hand doth mightie thinges. And Mo
1172 1158 2071 1236 ses saide, Thy right hand GOLorde)
1179 1228 2081 1300 is mgnified in polver, thy right hand
1192 1288 2084 1366 OLord)hath broken the enemie And
1179 1355 2085 1429 when the right hand is put in this
1175 1421 2084 1491 sense, then To sit doth signifie to raign,
1174 1481 2092 1553 to deliver, to use polver, and do the of
1180 1545 1570 1627 fice of a Prince.
1254 1608 2086 1686 For, saith David: The Lorde saide
1177 1688 2100 1757 into my Lorde, sit thou at my right
1177 1740 2091 1824 hand, till I make thine enemes thy
1179 1818 2085 1879 footestoole. And the Prophet Za
1181 1864 2097 1940 charie saith. Beholde the man, that
1180 1937 2096 2014 is called the braunch, he shall budde
1179 2000 2095 2068 out of his place, and builde the Temple
1182 2075 2089 2136 of the Lorde, and sitte and rule upon
1182 2128 2105 2213 his throne, and be a Priost uppon his
1173 2200 2094 2270 seare. In this sense the right hand of
1184 2266 2100 2325 God is infinite and contained in no
1185 2327 2096 2397 measure of place : whereas wee con
1182 2387 2094 2475 fesse, that our Lorde doeth sitte at the
1179 2468 2094 2532 right hand of the father, wee doe pro
1178 2520 2092 2588 fesse, that the sonne is eralted above
1177 2592 2096 2655 all thinges, having all things subiect
1183 2649 2087 2721 under him selfe, as Paule in his
1175 2711 2089 2781 first chapter to the Ephesians saith:
1179 2786 2094 2856 and finally, that the sonne being so
1182 2851 2098 2921 exalted can doe all things, doth raigne
1178 2910 2090 2983 in the universall Church doth deli
1172 2987 2084 3054 ver them that are his, doth make
1157 3039 2086 3124 intercession to the father in Heaven,
