2342 3270
218 90 1116 179 immortall, which before the resur
219 175 1108 236 rection was mortall. So then this
214 240 1117 306 body of ours in the resurrection shalbe
219 303 1116 377 set free from all evill affections and
218 380 1107 443 passions, from all corruption: but the
219 425 1116 505 substance therof shall not bee brought
211 502 1108 564 to naught, it shall not bee changed in
220 552 1109 624 to a spirite, it shall not loose the own
223 623 1105 698 and proper shape. And this body ve
215 701 1111 763 rily because of that purification and
219 751 1112 826 cleansing from those dregs, yea and ra
219 815 1115 883 ther because of these heavenly and di
215 877 1111 956 vine gifts, is called both a spirituall
220 934 1118 1005 body, and also a glorious and purified
219 1002 354 1087 body,
292 1057 1115 1143 For Paul in the third to the Phi
216 1130 1118 1211 lippians sayth: Our conversation is
211 1192 1107 1276 in heaven, from whence we looke for
220 1268 1113 1338 the saviour the Lord lesus Christ, who
224 1321 1116 1403 shall chaunge our vile bodie that it
219 1384 1107 1471 maie bee made like unto his glorious
220 1448 376 1525 body,
301 1519 1122 1586 See heere, the Apostle calleth not
227 1581 1127 1653 our resurrection from the dead, a
222 1642 1121 1711 transubstantiation, or losse of the sub
225 1710 1115 1785 staunce of our body, but a changing:
223 1779 1122 1841 then also shewing what kinde of bo
231 1837 1127 1909 dy that chaunged body is, hee calleth it
230 1899 1114 1973 a glorious body, not without all shape,
225 1965 1124 2036 and voyd of fashion, but augmented
221 2041 1125 2094 in glory : yea he setteth before us the
222 2095 1121 2168 very body of our Lord Jesus Christ,
219 2158 1128 2228 wherein hee sheweth us what fashion
228 2230 1124 2294 our bodies shall have beeyng in glory,
239 2285 1119 2354 For in plaine words he faith: He shal
229 2343 1119 2434 make our vile bodie like to his glori
232 2411 479 2493 ous body,
291 2477 1124 2545 Let us therefore see what kind of
229 2545 1121 2610 body our Lord had after his resurre
229 2607 1132 2671 ction : it was neyther turned into
236 2680 1124 2740 a ghost, nor brought to nothing, nor
232 2740 1129 2804 yet not able to be known by the shape
238 2799 1129 2868 and figure: For shewing them his
229 2860 1119 2932 handes and feete, that were easily
224 2925 1129 2997 knowne by the poynt of the nayles
226 2984 1127 3084 wherewith hee was crucified, he said:
1148 103 2052 178 Sce, for I ameven hee, to wit, cladde
1145 168 2035 256 againe with the same body wherein I
1150 239 1716 323 hung uppon the Crosse,
1180 306 2058 384 For speaking yet more plainely, d
1149 372 2051 444 prooving, that that bodie of his, was
1153 425 2050 502 not a spirituall substaunce, hee saide:
1149 502 2047 574 A spirite hath not fleshe and bones as
1157 555 2037 631 yee see that I have. Hee hath there
1149 623 2058 692 fore a purified body, flesh and bones
1148 692 2047 760 and the very same memders which
1152 751 2055 820 hee had when as yet his body was not
1153 814 2052 884 purified. And for this cause, did the
1152 876 2048 944 same Lorde offer to Thomas his side,
1150 948 2046 1019 and the scarres of his five woundes,
1149 1007 2058 1079 to bee felt and handled, to the end,
1157 1066 2048 1140 that wee shoulde not doubt, but that
1157 1135 2049 1199 his very body was raysed up agayne,
1156 1194 2055 1262 Hee did both eate aud drinke with his
1158 1259 2061 1340 Disciples , as Peter in the Acts wit
1150 1319 2046 1396 nesseth before Cornelius, that al men
1159 1389 2058 1467 might knowe, that the very selfe
1155 1457 2046 1521 same body, that died, rose from death
1154 1523 1365 1601 agayne.
1241 1585 2054 1666 Now although this body bee com
1155 1640 2051 1717 prehended within a certaine lyiited
1160 1707 2059 1779 place, not dispersed all over and everie
1156 1780 2052 1849 where, although it have a just quan
1159 1837 2053 1913 tity, sigure, or shape, and a just weight
1156 1894 2055 1975 with the owne kinde and nature, yet
1158 1964 2048 2039 not withstanding it is free from every
1162 2035 2053 2103 passion, corruption and infirmitye.
1160 2105 2050 2171 For the body of the Lorde once ray
1165 2159 2049 2225 sed uppe, was in the Gardeyne, and
1155 2223 2056 2291 not in the Sepulchre, when the wo
1156 2281 2048 2359 men came to annoynt it, it meeteth
1158 2360 2053 2424 them by the waye as they returue
1156 2409 2053 2487 from the Sepulchre, and offereth it
1160 2477 2051 2544 selfe to beeseene of Magdalene in the
1168 2535 2051 2618 Gardeine : it goeth in companie to E
1163 2598 2050 2679 maus, with the two Disciples that
1169 2660 2059 2736 iourneyed to Emaus: in the meane
1159 2731 2052 2799 time while hee was with them in bo
1160 2792 2054 2862 dy, hee was not among the other Dis
1158 2856 2056 2926 ciples: when they twayne are retur
1166 2926 2059 2998 ned to the eleven, the Lord himelfe at
1167 2982 2064 3066 evening is present with them: He
