<?xml version="1.0" encoding="UTF-8" standalone="yes"?>
<PcGts xmlns="http://schema.primaresearch.org/PAGE/gts/pagecontent/2013-07-15" xmlns:xsi="http://www.w3.org/2001/XMLSchema-instance" xsi:schemaLocation="http://schema.primaresearch.org/PAGE/gts/pagecontent/2013-07-15 http://schema.primaresearch.org/PAGE/gts/pagecontent/2013-07-15/pagecontent.xsd">
    <Metadata>
        <Creator>prov=University of Rostock/Institute of Mathematics/CITlab/Gundram Leifert/gundram.leifert@uni-rostock.de:name=cod-u2dgeg-m2(htr_id=17648)::::v=2.4.3
prov=University of Rostock/Institute of Mathematics/CITlab/Tobias Gruening/tobias.gruening@uni-rostock.de:name=de.uros.citlab.module.baseline2polygon.B2PSeamMultiOriented:v=2.4.3
prov=University of Rostock/Institute of Mathematics/CITlab/Tobias Gruening/tobias.gruening@uni-rostock.de:name=/net_tf/LA73_249_0mod360.pb:de.uros.citlab.segmentation.CITlab_LA_ML:v=2.3.1
TRP</Creator>
        <Created>2019-07-16T14:21:25.501-04:00</Created>
        <LastChange>2019-10-16T04:44:53.670+02:00</LastChange>
        <TranskribusMetadata docId="183979" pageId="7359176" pageNr="94" tsid="17197635" status="IN_PROGRESS" userId="25065" imgUrl="https://files.transkribus.eu/Get?id=VUAPHAIVQBNHLWFNNBGUWQRM&amp;fileType=view" xmlUrl="https://files.transkribus.eu/Get?id=DEUQWNWSPUXXBTRZKCITPMUU" imageId="4415612"/>
    </Metadata>
    <Page imageFilename="94.jpg" imageWidth="2342" imageHeight="3270">
        <ReadingOrder>
            <OrderedGroup id="ro_1579209139553" caption="Regions reading order">
                <RegionRefIndexed index="0" regionRef="TextRegion_1566434632801_3032"/>
                <RegionRefIndexed index="1" regionRef="TextRegion_1566434632800_3031"/>
            </OrderedGroup>
        </ReadingOrder>
        <TextRegion orientation="0.0" id="TextRegion_1566434632801_3032" custom="readingOrder {index:0;}">
            <Coords points="251,110 1176,111 1176,3074 251,3073"/>
            <TextLine id="r3l3" custom="readingOrder {index:0;}">
                <Coords points="260,169 1157,177 1157,109 1088,96 862,121 814,95 260,101"/>
                <Baseline points="266,161 310,159 354,158 398,157 443,156 487,156 531,156 575,156 620,157 664,157 708,158 752,158 797,159 841,159 885,160 929,160 974,159 1018,159 1062,158 1106,157 1151,155"/>
                <TextEquiv>
                    <Unicode>maunded to stick to God only &amp; to im</Unicode>
                </TextEquiv>
            </TextLine>
            <TextLine id="r3l5" custom="readingOrder {index:1;}">
                <Coords points="257,240 1163,235 1162,175 256,170"/>
                <Baseline points="262,225 306,224 351,224 396,224 441,224 485,224 530,224 575,224 620,224 664,224 709,225 754,225 799,225 843,225 888,224 933,224 978,224 1022,223 1067,222 1112,221 1157,219"/>
                <TextEquiv>
                    <Unicode>brace him alone. For to whom we doe </Unicode>
                </TextEquiv>
            </TextLine>
            <TextLine id="r3l8" custom="readingOrder {index:2;}">
                <Coords points="261,297 1157,304 1157,239 1109,227 937,256 261,242"/>
                <Baseline points="267,289 311,289 355,288 399,288 443,288 488,288 532,288 576,288 620,288 664,289 709,289 753,289 797,289 841,289 885,289 930,289 974,288 1018,287 1062,287 1106,285 1151,284"/>
                <TextEquiv>
                    <Unicode>wholly owe al that we have, to him is </Unicode>
                </TextEquiv>
            </TextLine>
            <TextLine id="r3l10" custom="readingOrder {index:3;}">
                <Coords points="264,372 1130,371 1156,362 1156,304 264,317"/>
                <Baseline points="270,352 314,352 358,351 402,351 446,351 490,352 534,352 578,352 622,353 666,353 710,353 754,354 798,354 842,354 886,354 930,354 974,354 1018,354 1062,353 1106,353 1150,352"/>
                <TextEquiv>
                    <Unicode>al the whole sincerely, simply and fully </Unicode>
                </TextEquiv>
            </TextLine>
            <TextLine id="r3l12" custom="readingOrder {index:4;}">
                <Coords points="258,424 1050,434 1162,426 1162,380 845,358 257,377"/>
                <Baseline points="263,417 307,417 352,417 397,417 441,417 486,417 531,417 575,417 620,417 665,417 710,417 754,417 799,417 844,417 888,417 933,417 978,417 1022,416 1067,416 1112,416 1157,415"/>
                <TextEquiv>
                    <Unicode>to be given. Heere are they condem</Unicode>
                </TextEquiv>
            </TextLine>
            <TextLine id="r3l14" custom="readingOrder {index:5;}">
                <Coords points="255,502 1146,498 1170,429 255,444"/>
                <Baseline points="261,482 306,482 351,481 396,481 441,481 487,481 532,480 577,480 622,480 667,480 713,480 758,480 803,480 848,480 893,480 939,480 984,479 1029,479 1074,479 1119,479 1165,478"/>
                <TextEquiv>
                    <Unicode>ned, whosoever wil not once love God</Unicode>
                </TextEquiv>
            </TextLine>
            <TextLine id="r3l15" custom="readingOrder {index:6;}">
                <Coords points="260,550 1144,558 1163,488 260,508"/>
                <Baseline points="265,546 309,546 354,546 398,545 443,545 488,545 532,545 577,545 622,545 666,545 711,545 756,545 800,545 845,545 890,545 934,545 979,544 1024,544 1068,544 1113,543 1158,542"/>
                <TextEquiv>
                    <Unicode>and the world together. The Lord re</Unicode>
                </TextEquiv>
            </TextLine>
            <TextLine id="r3l18" custom="readingOrder {index:7;}">
                <Coords points="254,633 534,605 602,635 749,607 1093,623 1159,617 1159,559 254,570"/>
                <Baseline points="260,612 304,611 349,610 394,609 438,609 483,608 528,608 572,608 617,608 662,608 707,608 751,608 796,608 841,608 885,608 930,608 975,608 1019,608 1064,608 1109,607 1154,607"/>
                <TextEquiv>
                    <Unicode>quireth the whole heart, the whole </Unicode>
                </TextEquiv>
            </TextLine>
            <TextLine id="r3l20" custom="readingOrder {index:8;}">
                <Coords points="256,680 1110,693 1164,686 1164,620 256,634"/>
                <Baseline points="261,674 305,673 350,673 395,673 440,672 485,672 530,672 574,672 619,672 664,673 709,673 754,673 799,673 844,673 888,673 933,673 978,673 1023,673 1068,673 1113,673 1158,672"/>
                <TextEquiv>
                    <Unicode>mynde, the whole soule, and all the </Unicode>
                </TextEquiv>
            </TextLine>
            <TextLine id="r3l22" custom="readingOrder {index:9;}">
                <Coords points="263,746 1089,756 1164,745 1164,686 263,689"/>
                <Baseline points="269,737 313,738 357,738 402,738 446,738 491,738 535,738 580,738 624,738 669,738 713,737 757,737 802,737 846,737 891,737 935,737 980,737 1024,737 1069,737 1113,737 1158,737"/>
                <TextEquiv>
                    <Unicode>strength, finally he requireth all what</Unicode>
                </TextEquiv>
            </TextLine>
            <TextLine id="r3l24" custom="readingOrder {index:10;}">
                <Coords points="254,816 1160,815 1160,762 1069,745 254,757"/>
                <Baseline points="260,802 304,802 349,801 394,801 438,801 483,801 528,801 572,801 617,801 662,801 707,801 751,801 796,801 841,801 885,801 930,801 975,801 1019,801 1064,801 1109,801 1154,800"/>
                <TextEquiv>
                    <Unicode>soever we are, or have in possession : </Unicode>
                </TextEquiv>
            </TextLine>
            <TextLine id="r3l26" custom="readingOrder {index:11;}">
                <Coords points="262,890 1101,884 1168,874 1168,809 262,817"/>
                <Baseline points="268,868 312,867 357,866 402,865 446,865 491,865 536,865 580,865 625,865 670,865 715,865 759,865 804,866 849,866 893,866 938,866 983,866 1027,866 1072,865 1117,865 1162,864"/>
                <TextEquiv>
                    <Unicode>he leaveth nothing therefore for thee </Unicode>
                </TextEquiv>
            </TextLine>
            <TextLine id="r3l27" custom="readingOrder {index:12;}">
                <Coords points="259,941 1162,944 1139,875 259,887"/>
                <Baseline points="265,931 309,930 354,930 398,929 443,929 487,929 532,929 576,929 621,929 665,929 710,929 755,929 799,929 844,929 888,929 933,929 977,929 1022,929 1066,929 1111,929 1156,928"/>
                <TextEquiv>
                    <Unicode>to bestowe on other. By what right</Unicode>
                </TextEquiv>
            </TextLine>
            <TextLine id="r3l29" custom="readingOrder {index:13;}">
                <Coords points="255,1005 1047,1019 1074,992 1168,997 1168,957 1120,946 255,955"/>
                <Baseline points="261,996 306,995 351,994 396,994 441,993 486,993 531,993 576,993 621,993 666,993 711,993 756,993 801,994 846,994 891,994 936,994 981,994 1026,994 1071,994 1116,993 1162,993"/>
                <TextEquiv>
                    <Unicode>then wilt thou give to the fleshe, the</Unicode>
                </TextEquiv>
            </TextLine>
            <TextLine id="r3l32" custom="readingOrder {index:14;}">
                <Coords points="254,1077 1171,1059 1171,1012 254,1006"/>
                <Baseline points="260,1060 305,1059 350,1058 395,1058 441,1058 486,1057 531,1057 577,1057 622,1057 667,1057 713,1057 758,1057 803,1058 848,1058 894,1058 939,1058 984,1058 1030,1057 1075,1057 1120,1057 1166,1056"/>
                <TextEquiv>
                    <Unicode>Divell, to other Gods or to the world: </Unicode>
                </TextEquiv>
            </TextLine>
            <TextLine id="r3l34" custom="readingOrder {index:15;}">
                <Coords points="264,1133 1046,1143 1176,1128 1176,1064 264,1079"/>
                <Baseline points="270,1124 315,1123 360,1123 405,1122 450,1122 495,1122 540,1122 585,1122 630,1122 675,1122 720,1122 765,1122 810,1122 855,1122 900,1122 945,1122 990,1122 1035,1121 1080,1121 1125,1120 1171,1119"/>
                <TextEquiv>
                    <Unicode>the thinges that properly are Gods </Unicode>
                </TextEquiv>
            </TextLine>
            <TextLine id="r3l36" custom="readingOrder {index:16;}">
                <Coords points="253,1196 1143,1209 1166,1139 253,1150"/>
                <Baseline points="259,1187 304,1187 349,1187 394,1187 439,1187 484,1187 529,1187 574,1187 619,1187 664,1186 709,1186 754,1186 799,1186 844,1186 889,1186 934,1186 979,1186 1024,1186 1069,1186 1114,1186 1160,1186"/>
                <TextEquiv>
                    <Unicode>owne: And God verily alone is the </Unicode>
                </TextEquiv>
            </TextLine>
            <TextLine id="r3l38" custom="readingOrder {index:17;}">
                <Coords points="258,1259 1145,1270 1153,1209 257,1210"/>
                <Baseline points="263,1253 307,1253 351,1253 395,1252 439,1252 484,1252 528,1252 572,1252 616,1252 660,1252 705,1252 749,1252 793,1252 837,1251 881,1251 926,1251 970,1251 1014,1251 1058,1250 1102,1250 1147,1250"/>
                <TextEquiv>
                    <Unicode>chiefest, eternall, greatest, mightiest, </Unicode>
                </TextEquiv>
            </TextLine>
            <TextLine id="r3l40" custom="readingOrder {index:18;}">
                <Coords points="260,1322 1046,1336 1154,1324 1154,1269 437,1281 394,1260 260,1284"/>
                <Baseline points="266,1316 310,1316 354,1317 398,1317 442,1317 486,1317 530,1317 574,1317 618,1317 662,1317 707,1317 751,1317 795,1317 839,1317 883,1316 927,1316 971,1316 1015,1315 1059,1315 1103,1314 1148,1314"/>
                <TextEquiv>
                    <Unicode>creator, deliverer, preserver, most gen</Unicode>
                </TextEquiv>
            </TextLine>
            <TextLine id="r3l42" custom="readingOrder {index:19;}">
                <Coords points="257,1384 1161,1390 1161,1331 257,1330"/>
                <Baseline points="263,1381 307,1380 352,1380 396,1380 441,1379 486,1379 530,1379 575,1379 619,1379 664,1379 709,1379 753,1379 798,1379 842,1379 887,1379 932,1379 976,1379 1021,1379 1065,1379 1110,1379 1155,1379"/>
                <TextEquiv>
                    <Unicode>tle, most iust, and best of all. Jee alone </Unicode>
                </TextEquiv>
            </TextLine>
            <TextLine id="r3l43" custom="readingOrder {index:20;}">
                <Coords points="245,1445 1167,1467 1160,1397 245,1394"/>
                <Baseline points="251,1440 296,1442 342,1444 387,1445 433,1446 478,1446 524,1446 569,1446 615,1446 660,1446 706,1445 752,1445 797,1444 843,1443 888,1443 934,1443 979,1443 1025,1443 1070,1443 1116,1444 1162,1445"/>
                <TextEquiv>
                    <Unicode>doth give, hath given, and is able to </Unicode>
                </TextEquiv>
            </TextLine>
            <TextLine id="r3l46" custom="readingOrder {index:21;}">
                <Coords points="265,1529 1162,1529 1162,1464 1111,1455 266,1473"/>
                <Baseline points="271,1511 315,1510 359,1509 403,1509 448,1508 492,1508 536,1508 581,1507 625,1507 669,1507 714,1508 758,1508 802,1508 846,1508 891,1509 935,1509 979,1510 1024,1510 1068,1511 1112,1511 1157,1511"/>
                <TextEquiv>
                    <Unicode>give to man all that is erpedient for </Unicode>
                </TextEquiv>
            </TextLine>
            <TextLine id="r3l48" custom="readingOrder {index:22;}">
                <Coords points="265,1588 1086,1577 1086,1531 951,1518 265,1529"/>
                <Baseline points="271,1573 311,1574 351,1574 392,1574 432,1573 473,1573 513,1573 554,1573 594,1573 635,1572 675,1572 715,1572 756,1572 796,1572 837,1572 877,1572 918,1572 958,1572 999,1573 1039,1573 1080,1574"/>
                <TextEquiv>
                    <Unicode>the safegarde of his body and soule. </Unicode>
                </TextEquiv>
            </TextLine>
            <TextLine id="r3l49" custom="readingOrder {index:23;}">
                <Coords points="270,1648 1076,1657 1158,1645 1158,1581 270,1588"/>
                <Baseline points="275,1637 318,1636 362,1636 406,1636 450,1636 494,1636 538,1636 582,1636 626,1636 670,1636 714,1636 757,1636 801,1637 845,1637 889,1637 933,1637 977,1637 1021,1637 1065,1636 1109,1636 1153,1636"/>
                <TextEquiv>
                    <Unicode>God alone doth minister to man abi</Unicode>
                </TextEquiv>
            </TextLine>
            <TextLine id="r3l52" custom="readingOrder {index:24;}">
                <Coords points="262,1713 1106,1727 1158,1712 1159,1645 563,1671 262,1650"/>
                <Baseline points="267,1701 311,1701 355,1702 399,1702 444,1702 488,1702 532,1702 577,1702 621,1702 665,1702 710,1702 754,1702 798,1702 842,1702 887,1702 931,1702 975,1702 1020,1702 1064,1703 1108,1703 1153,1704"/>
                <TextEquiv>
                    <Unicode>litie to live well and blessedly : and </Unicode>
                </TextEquiv>
            </TextLine>
            <TextLine id="r3l54" custom="readingOrder {index:25;}">
                <Coords points="265,1780 1100,1787 1170,1781 1170,1718 265,1722"/>
                <Baseline points="271,1766 315,1766 360,1766 404,1767 449,1767 494,1767 538,1767 583,1767 628,1767 672,1767 717,1766 762,1766 806,1766 851,1766 896,1766 940,1766 985,1766 1030,1766 1074,1766 1119,1767 1164,1767"/>
                <TextEquiv>
                    <Unicode>therefore God deserueth to bee loved </Unicode>
                </TextEquiv>
            </TextLine>
            <TextLine id="line_1566434663385_3037" custom="readingOrder {index:26;}">
                <Coords points="271,1846 1155,1851 1164,1780 569,1796 518,1769 271,1797"/>
                <Baseline points="277,1835 1158,1835"/>
                <TextEquiv>
                    <Unicode>alone, and that too before and above al </Unicode>
                </TextEquiv>
            </TextLine>
            <TextLine id="r3l57" custom="readingOrder {index:27;}">
                <Coords points="259,1902 1111,1920 1163,1909 1163,1850 259,1858"/>
                <Baseline points="265,1894 309,1895 354,1896 398,1896 443,1896 488,1897 532,1897 577,1897 621,1897 666,1896 711,1896 755,1896 800,1896 844,1895 889,1895 934,1895 978,1895 1023,1895 1067,1894 1112,1895 1157,1895"/>
                <TextEquiv>
                    <Unicode>other thinges. This love of God doth </Unicode>
                </TextEquiv>
            </TextLine>
            <TextLine id="r3l59" custom="readingOrder {index:28;}">
                <Coords points="266,1966 1161,1979 1161,1924 1129,1911 266,1909"/>
                <Baseline points="271,1958 315,1959 359,1960 403,1960 448,1961 492,1961 536,1961 580,1961 625,1961 669,1961 713,1961 757,1961 802,1961 846,1961 890,1961 934,1961 979,1961 1023,1961 1067,1961 1111,1962 1156,1962"/>
                <TextEquiv>
                    <Unicode>blesse all the haps and chances of men, </Unicode>
                </TextEquiv>
            </TextLine>
            <TextLine id="r3l61" custom="readingOrder {index:29;}">
                <Coords points="267,2038 1143,2048 1160,1986 267,1984"/>
                <Baseline points="273,2023 317,2024 361,2024 405,2024 449,2024 493,2025 537,2025 581,2025 625,2025 669,2025 713,2025 757,2026 801,2026 845,2026 889,2026 933,2026 977,2026 1021,2026 1065,2026 1109,2026 1154,2025"/>
                <TextEquiv>
                    <Unicode>and turneth them to their profite, ac</Unicode>
                </TextEquiv>
            </TextLine>
            <TextLine id="r3l63" custom="readingOrder {index:30;}">
                <Coords points="255,2100 1118,2104 1162,2097 1162,2046 255,2054"/>
                <Baseline points="261,2087 305,2088 350,2089 395,2089 440,2090 485,2090 529,2090 574,2090 619,2090 664,2090 709,2090 753,2090 798,2089 843,2089 888,2089 933,2088 977,2088 1022,2087 1067,2087 1112,2087 1157,2087"/>
                <TextEquiv>
                    <Unicode>cording to that saying, To them that</Unicode>
                </TextEquiv>
            </TextLine>
            <TextLine id="r3l65" custom="readingOrder {index:31;}">
                <Coords points="260,2159 1159,2166 1159,2104 260,2101"/>
                <Baseline points="266,2149 310,2150 354,2150 399,2150 443,2151 488,2151 532,2151 576,2151 621,2151 665,2151 710,2151 754,2151 798,2151 843,2151 887,2152 932,2152 976,2152 1020,2152 1065,2152 1109,2152 1154,2153"/>
                <TextEquiv>
                    <Unicode>love God all thinges worke for the </Unicode>
                </TextEquiv>
            </TextLine>
            <TextLine id="r3l67" custom="readingOrder {index:32;}">
                <Coords points="265,2226 1174,2241 1174,2174 1148,2165 266,2158"/>
                <Baseline points="271,2213 315,2214 360,2215 405,2216 450,2217 495,2217 540,2218 584,2218 629,2218 674,2218 719,2218 764,2217 809,2217 854,2217 898,2217 943,2217 988,2218 1033,2218 1078,2219 1123,2220 1168,2221"/>
                <TextEquiv>
                    <Unicode>best. This love of God also containeth </Unicode>
                </TextEquiv>
            </TextLine>
            <TextLine id="r3l69" custom="readingOrder {index:33;}">
                <Coords points="265,2288 1179,2293 1172,2241 265,2235"/>
                <Baseline points="271,2280 316,2281 361,2281 406,2282 451,2282 496,2282 541,2282 586,2282 631,2282 676,2282 722,2282 767,2282 812,2281 857,2282 902,2282 947,2282 992,2283 1037,2283 1082,2284 1127,2286 1173,2288"/>
                <TextEquiv>
                    <Unicode>this, that it suffereth us not to honor, </Unicode>
                </TextEquiv>
            </TextLine>
            <TextLine id="r3l71" custom="readingOrder {index:34;}">
                <Coords points="261,2352 1150,2370 1174,2298 261,2307"/>
                <Baseline points="267,2344 312,2344 357,2345 402,2346 447,2346 492,2347 537,2347 582,2348 627,2348 672,2348 717,2348 762,2348 807,2349 852,2349 897,2349 942,2349 987,2348 1032,2348 1077,2348 1122,2348 1168,2348"/>
                <TextEquiv>
                    <Unicode>worship, reverence, feare, or cal uppon</Unicode>
                </TextEquiv>
            </TextLine>
            <TextLine id="r3l73" custom="readingOrder {index:35;}">
                <Coords points="268,2424 1157,2430 1172,2373 268,2367"/>
                <Baseline points="273,2409 317,2409 362,2409 406,2410 451,2410 496,2410 540,2410 585,2411 630,2411 674,2412 719,2412 764,2412 808,2413 853,2413 898,2413 942,2413 987,2413 1032,2413 1076,2412 1121,2412 1166,2411"/>
                <TextEquiv>
                    <Unicode>any, neither to trust in, obey or sticke </Unicode>
                </TextEquiv>
            </TextLine>
            <TextLine id="r3l75" custom="readingOrder {index:36;}">
                <Coords points="266,2477 1166,2495 1166,2431 1118,2420 266,2431"/>
                <Baseline points="271,2471 315,2472 359,2473 404,2474 448,2475 493,2475 537,2476 582,2476 626,2476 671,2476 715,2476 759,2476 804,2476 848,2476 893,2476 937,2476 982,2476 1026,2477 1071,2477 1115,2477 1160,2478"/>
                <TextEquiv>
                    <Unicode>to any other, but to the one and only </Unicode>
                </TextEquiv>
            </TextLine>
            <TextLine id="r3l77" custom="readingOrder {index:37;}">
                <Coords points="268,2544 968,2555 950,2496 268,2495"/>
                <Baseline points="273,2535 307,2535 341,2535 376,2536 410,2536 445,2537 479,2538 514,2539 548,2539 583,2540 617,2541 651,2541 686,2542 720,2542 755,2542 789,2543 824,2542 858,2542 893,2541 927,2541 962,2540"/>
                <TextEquiv>
                    <Unicode>God, to whom al glory is due. </Unicode>
                </TextEquiv>
            </TextLine>
            <TextLine id="r3l79" custom="readingOrder {index:38;}">
                <Coords points="374,2620 1167,2617 1167,2562 1116,2555 374,2554"/>
                <Baseline points="379,2602 418,2602 457,2602 496,2602 535,2602 574,2603 613,2603 652,2604 691,2604 730,2605 770,2605 809,2606 848,2606 887,2606 926,2606 965,2606 1004,2606 1043,2606 1082,2606 1121,2605 1161,2604"/>
                <TextEquiv>
                    <Unicode>But now before we speake of the </Unicode>
                </TextEquiv>
            </TextLine>
            <TextLine id="r3l81" custom="readingOrder {index:39;}">
                <Coords points="280,2683 1168,2683 1168,2620 1105,2613 958,2634 281,2616"/>
                <Baseline points="286,2665 329,2665 373,2665 417,2666 461,2666 505,2666 548,2667 592,2667 636,2668 680,2668 724,2669 767,2669 811,2670 855,2670 899,2670 943,2670 986,2670 1030,2669 1074,2669 1118,2668 1162,2667"/>
                <TextEquiv>
                    <Unicode>love of our neighbour, it is requisite </Unicode>
                </TextEquiv>
            </TextLine>
            <TextLine id="r3l83" custom="readingOrder {index:40;}">
                <Coords points="272,2743 1172,2745 1172,2689 1093,2676 272,2691"/>
                <Baseline points="277,2732 321,2731 365,2730 410,2729 454,2729 499,2729 543,2729 588,2729 632,2729 677,2730 721,2730 765,2731 810,2731 854,2732 899,2732 943,2733 988,2733 1032,2733 1077,2733 1121,2733 1166,2732"/>
                <TextEquiv>
                    <Unicode>that wee first shewe who it is that is </Unicode>
                </TextEquiv>
            </TextLine>
            <TextLine id="r3l85" custom="readingOrder {index:41;}">
                <Coords points="264,2800 1151,2820 1167,2751 264,2752"/>
                <Baseline points="269,2794 313,2794 358,2794 402,2793 447,2794 492,2794 536,2794 581,2794 625,2795 670,2795 715,2795 759,2796 804,2796 848,2796 893,2797 938,2797 982,2797 1027,2797 1071,2797 1116,2797 1161,2797"/>
                <TextEquiv>
                    <Unicode>our neighbour, touching which I see </Unicode>
                </TextEquiv>
            </TextLine>
            <TextLine id="r3l86" custom="readingOrder {index:42;}">
                <Coords points="275,2872 1165,2881 1165,2819 1101,2812 275,2814"/>
                <Baseline points="281,2858 324,2857 368,2857 412,2857 456,2857 500,2857 544,2857 588,2857 632,2857 676,2858 720,2858 763,2858 807,2858 851,2859 895,2859 939,2859 983,2859 1027,2859 1071,2859 1115,2859 1159,2858"/>
                <TextEquiv>
                    <Unicode>some men to doubt and sticke uncer</Unicode>
                </TextEquiv>
            </TextLine>
            <TextLine id="r3l89" custom="readingOrder {index:43;}">
                <Coords points="269,2929 1137,2947 1162,2940 1163,2882 269,2873"/>
                <Baseline points="275,2922 319,2922 363,2922 407,2922 451,2922 495,2922 539,2922 583,2922 627,2922 671,2922 716,2922 760,2922 804,2922 848,2922 892,2923 936,2923 980,2924 1024,2924 1068,2925 1112,2926 1157,2927"/>
                <TextEquiv>
                    <Unicode>tainely. For some there are that take </Unicode>
                </TextEquiv>
            </TextLine>
            <TextLine id="r3l90" custom="readingOrder {index:44;}">
                <Coords points="267,2989 857,3014 1165,2995 1165,2951 1051,2938 267,2939"/>
                <Baseline points="273,2987 317,2986 361,2986 406,2985 450,2985 494,2985 539,2985 583,2985 627,2986 672,2986 716,2986 760,2987 805,2987 849,2987 893,2988 938,2988 982,2989 1026,2989 1071,2989 1115,2989 1160,2989"/>
                <TextEquiv>
                    <Unicode>their kinffolkes to be their neighbors, </Unicode>
                </TextEquiv>
            </TextLine>
            <TextLine id="r3l93" custom="readingOrder {index:45;}">
                <Coords points="263,3054 445,3081 792,3064 850,3095 1078,3064 1166,3089 1167,2994 263,3003"/>
                <Baseline points="269,3051 313,3051 358,3051 402,3052 447,3052 492,3052 536,3053 581,3053 625,3053 670,3053 715,3053 759,3054 804,3054 848,3054 893,3054 938,3054 982,3054 1027,3054 1071,3054 1116,3054 1161,3054"/>
                <TextEquiv>
                    <Unicode>Other some there are that thinke that</Unicode>
                </TextEquiv>
            </TextLine>
            <TextEquiv>
                <Unicode>maunded to stick to God only &amp; to im
brace him alone. For to whom we doe 
wholly owe al that we have, to him is 
al the whole sincerely, simply and fully 
to be given. Heere are they condem
ned, whosoever wil not once love God
and the world together. The Lord re
quireth the whole heart, the whole 
mynde, the whole soule, and all the 
strength, finally he requireth all what
soever we are, or have in possession : 
he leaveth nothing therefore for thee 
to bestowe on other. By what right
then wilt thou give to the fleshe, the
Divell, to other Gods or to the world: 
the thinges that properly are Gods 
owne: And God verily alone is the 
chiefest, eternall, greatest, mightiest, 
creator, deliverer, preserver, most gen
tle, most iust, and best of all. Jee alone 
doth give, hath given, and is able to 
give to man all that is erpedient for 
the safegarde of his body and soule. 
God alone doth minister to man abi
litie to live well and blessedly : and 
therefore God deserueth to bee loved 
alone, and that too before and above al 
other thinges. This love of God doth 
blesse all the haps and chances of men, 
and turneth them to their profite, ac
cording to that saying, To them that
love God all thinges worke for the 
best. This love of God also containeth 
this, that it suffereth us not to honor, 
worship, reverence, feare, or cal uppon
any, neither to trust in, obey or sticke 
to any other, but to the one and only 
God, to whom al glory is due. 
But now before we speake of the 
love of our neighbour, it is requisite 
that wee first shewe who it is that is 
our neighbour, touching which I see 
some men to doubt and sticke uncer
tainely. For some there are that take 
their kinffolkes to be their neighbors, 
Other some there are that thinke that</Unicode>
            </TextEquiv>
        </TextRegion>
        <TextRegion orientation="0.0" id="TextRegion_1566434632800_3031" custom="readingOrder {index:1;}">
            <Coords points="1200,110 2118,110 2118,3073 1200,3073"/>
            <TextLine id="r3l4" custom="readingOrder {index:0;}">
                <Coords points="1203,170 2076,182 2118,160 2119,102 1578,123 1204,94"/>
                <Baseline points="1209,157 1254,157 1299,158 1344,158 1389,158 1434,158 1479,158 1525,158 1570,158 1615,158 1660,158 1705,158 1750,159 1795,159 1841,159 1886,160 1931,161 1976,162 2021,163 2066,165 2112,167"/>
                <TextEquiv>
                    <Unicode>their benefactors are their neighbors, </Unicode>
                </TextEquiv>
            </TextLine>
            <TextLine id="r3l6" custom="readingOrder {index:1;}">
                <Coords points="1203,242 2021,245 2104,235 2104,172 1203,181"/>
                <Baseline points="1209,224 1253,224 1297,224 1342,224 1386,223 1431,223 1475,223 1520,223 1564,223 1609,223 1653,223 1697,223 1742,223 1786,223 1831,224 1875,224 1920,224 1964,224 2009,224 2053,225 2098,225"/>
                <TextEquiv>
                    <Unicode>&amp;iudge them strangers that doe them</Unicode>
                </TextEquiv>
            </TextLine>
            <TextLine id="r3l7" custom="readingOrder {index:2;}">
                <Coords points="1196,299 2108,291 2084,235 1196,235"/>
                <Baseline points="1202,290 1247,289 1292,287 1337,287 1382,286 1427,286 1472,286 1517,287 1562,287 1607,288 1652,288 1697,289 1742,289 1787,290 1832,290 1877,290 1922,289 1967,288 2012,287 2057,286 2102,284"/>
                <TextEquiv>
                    <Unicode>any harm. But our Lord Jesus Christ </Unicode>
                </TextEquiv>
            </TextLine>
            <TextLine id="r3l9" custom="readingOrder {index:3;}">
                <Coords points="1200,361 2064,374 2080,295 1200,306"/>
                <Baseline points="1206,352 1249,352 1292,351 1336,351 1379,351 1423,351 1466,352 1509,352 1553,352 1596,353 1640,353 1683,353 1726,354 1770,354 1813,354 1857,354 1900,353 1943,353 1987,352 2030,351 2074,350"/>
                <TextEquiv>
                    <Unicode>telleth us, that every one, yea, though </Unicode>
                </TextEquiv>
            </TextLine>
            <TextLine id="r3l11" custom="readingOrder {index:4;}">
                <Coords points="1206,437 1327,416 2081,435 2106,373 1205,365"/>
                <Baseline points="1211,419 1255,417 1299,417 1344,416 1388,416 1433,416 1477,416 1522,416 1566,416 1611,416 1655,416 1699,416 1744,416 1788,416 1833,416 1877,416 1922,416 1966,415 2011,414 2055,414 2100,412"/>
                <TextEquiv>
                    <Unicode>he be our enemie is neverthelesse our </Unicode>
                </TextEquiv>
            </TextLine>
            <TextLine id="r3l13" custom="readingOrder {index:5;}">
                <Coords points="1203,495 2087,500 2111,434 1203,436"/>
                <Baseline points="1209,481 1253,481 1298,482 1343,482 1388,482 1433,482 1478,481 1522,481 1567,481 1612,481 1657,480 1702,480 1747,480 1792,480 1836,480 1881,480 1926,480 1971,480 2016,480 2061,480 2106,481"/>
                <TextEquiv>
                    <Unicode>neighbour, if hee stand in neede of our </Unicode>
                </TextEquiv>
            </TextLine>
            <TextLine id="r3l16" custom="readingOrder {index:6;}">
                <Coords points="1206,554 2099,555 2099,501 2059,494 1206,497"/>
                <Baseline points="1211,543 1255,544 1299,544 1343,544 1387,545 1431,545 1475,545 1520,545 1564,545 1608,545 1652,545 1696,545 1740,545 1784,545 1829,545 1873,544 1917,544 1961,544 2005,544 2049,543 2094,543"/>
                <TextEquiv>
                    <Unicode>aide or counsell. For he imagineth ye a </Unicode>
                </TextEquiv>
            </TextLine>
            <TextLine id="r3l17" custom="readingOrder {index:7;}">
                <Coords points="1204,625 2091,618 2072,559 1204,554"/>
                <Baseline points="1209,611 1252,610 1296,610 1340,609 1384,609 1428,608 1472,608 1515,608 1559,608 1603,608 1647,608 1691,608 1735,608 1779,608 1822,608 1866,608 1910,609 1954,609 1998,609 2042,609 2086,609"/>
                <TextEquiv>
                    <Unicode>Jewe, lighting among theeves and li</Unicode>
                </TextEquiv>
            </TextLine>
            <TextLine id="r3l19" custom="readingOrder {index:8;}">
                <Coords points="1201,694 2116,679 2116,630 2072,617 1201,625"/>
                <Baseline points="1207,675 1252,674 1297,673 1342,673 1387,673 1432,672 1477,672 1523,672 1568,672 1613,672 1658,673 1703,673 1748,673 1793,673 1839,673 1884,673 1929,673 1974,673 2019,673 2064,673 2110,672"/>
                <TextEquiv>
                    <Unicode>yng on the high way halfe dead, and </Unicode>
                </TextEquiv>
            </TextLine>
            <TextLine id="r3l21" custom="readingOrder {index:9;}">
                <Coords points="1199,750 2109,757 2109,694 2079,682 1199,699"/>
                <Baseline points="1205,738 1249,738 1294,737 1339,736 1384,736 1429,736 1474,736 1519,736 1564,736 1609,736 1654,736 1698,736 1743,736 1788,736 1833,736 1878,736 1923,736 1968,735 2013,735 2058,734 2103,733"/>
                <TextEquiv>
                    <Unicode>covered with woundes and swelling </Unicode>
                </TextEquiv>
            </TextLine>
            <TextLine id="r3l23" custom="readingOrder {index:10;}">
                <Coords points="1204,806 2111,812 2111,757 2065,751 1536,748 1508,774 1422,741 1204,754"/>
                <Baseline points="1210,803 1254,802 1299,802 1344,801 1389,801 1433,801 1478,801 1523,801 1568,801 1612,801 1657,801 1702,801 1747,801 1791,801 1836,800 1881,800 1926,800 1970,800 2015,800 2060,800 2105,799"/>
                <TextEquiv>
                    <Unicode>drye blowes, was not regarded of his </Unicode>
                </TextEquiv>
            </TextLine>
            <TextLine id="r3l25" custom="readingOrder {index:11;}">
                <Coords points="1199,876 2113,880 2123,812 1199,824"/>
                <Baseline points="1205,863 1250,863 1296,863 1341,864 1387,864 1433,864 1478,864 1524,865 1570,865 1615,865 1661,866 1707,866 1752,866 1798,866 1844,866 1889,866 1935,866 1981,865 2026,864 2072,864 2118,863"/>
                <TextEquiv>
                    <Unicode>owne countrey men, a Levite, and a. </Unicode>
                </TextEquiv>
            </TextLine>
            <TextLine id="r3l28" custom="readingOrder {index:12;}">
                <Coords points="1204,948 2078,948 2112,936 2112,879 1204,880"/>
                <Baseline points="1209,932 1253,931 1298,930 1343,930 1388,929 1433,929 1478,929 1522,929 1567,929 1612,929 1657,930 1702,930 1747,930 1792,930 1836,930 1881,930 1926,930 1971,930 2016,930 2061,929 2106,928"/>
                <TextEquiv>
                    <Unicode>Priest that passed by him, but at last </Unicode>
                </TextEquiv>
            </TextLine>
            <TextLine id="r3l30" custom="readingOrder {index:13;}">
                <Coords points="1208,1001 2108,996 2108,957 1932,932 1900,954 1208,948"/>
                <Baseline points="1213,993 1257,993 1301,993 1346,993 1390,993 1435,993 1479,993 1524,993 1568,994 1613,994 1657,994 1701,994 1746,994 1790,994 1835,994 1879,994 1924,994 1968,993 2013,993 2057,992 2102,991"/>
                <TextEquiv>
                    <Unicode>was taken up and healed by a Sama</Unicode>
                </TextEquiv>
            </TextLine>
            <TextLine id="r3l31" custom="readingOrder {index:14;}">
                <Coords points="1200,1064 2114,1083 2114,1013 2049,1002 1200,1011"/>
                <Baseline points="1206,1058 1251,1058 1296,1058 1341,1058 1386,1058 1431,1058 1476,1058 1521,1058 1566,1058 1611,1058 1657,1058 1702,1058 1747,1058 1792,1058 1837,1057 1882,1057 1927,1057 1972,1057 2017,1057 2062,1057 2108,1057"/>
                <TextEquiv>
                    <Unicode>ritane. Now there was a deadly eni</Unicode>
                </TextEquiv>
            </TextLine>
            <TextLine id="r3l33" custom="readingOrder {index:15;}">
                <Coords points="1205,1130 2111,1141 2111,1082 2023,1068 1205,1084"/>
                <Baseline points="1210,1121 1254,1121 1299,1121 1344,1121 1389,1121 1433,1121 1478,1121 1523,1121 1568,1121 1612,1121 1657,1121 1702,1121 1747,1121 1791,1121 1836,1121 1881,1121 1926,1121 1970,1121 2015,1121 2060,1122 2105,1122"/>
                <TextEquiv>
                    <Unicode>mitie betweene the Jewes and the </Unicode>
                </TextEquiv>
            </TextLine>
            <TextLine id="r3l35" custom="readingOrder {index:16;}">
                <Coords points="1205,1200 2099,1205 2099,1144 2034,1134 1205,1132"/>
                <Baseline points="1211,1182 1255,1183 1299,1184 1343,1185 1387,1185 1431,1185 1475,1186 1519,1186 1563,1186 1607,1186 1652,1186 1696,1185 1740,1185 1784,1185 1828,1185 1872,1186 1916,1186 1960,1186 2004,1186 2048,1187 2093,1188"/>
                <TextEquiv>
                    <Unicode>Samaritanes: yet notwithstanding </Unicode>
                </TextEquiv>
            </TextLine>
            <TextLine id="r3l37" custom="readingOrder {index:17;}">
                <Coords points="1204,1263 1999,1272 2108,1257 2108,1207 1204,1208"/>
                <Baseline points="1210,1250 1254,1250 1299,1250 1343,1250 1388,1250 1433,1250 1477,1250 1522,1250 1566,1250 1611,1250 1656,1250 1700,1249 1745,1249 1789,1249 1834,1249 1879,1249 1923,1249 1968,1249 2012,1249 2057,1249 2102,1248"/>
                <TextEquiv>
                    <Unicode>this Samaritane doth good to the Jew</Unicode>
                </TextEquiv>
            </TextLine>
            <TextLine id="r3l39" custom="readingOrder {index:18;}">
                <Coords points="1203,1334 2114,1318 2114,1271 2031,1262 1203,1262"/>
                <Baseline points="1209,1315 1256,1314 1303,1314 1350,1314 1398,1314 1445,1314 1492,1314 1540,1314 1587,1314 1634,1314 1682,1314 1729,1314 1776,1314 1824,1314 1871,1314 1918,1314 1966,1313 2013,1313 2060,1313 2108,1313"/>
                <TextEquiv>
                    <Unicode>because he saw that the case and ne</Unicode>
                </TextEquiv>
            </TextLine>
            <TextLine id="r3l41" custom="readingOrder {index:19;}">
                <Coords points="1208,1393 2114,1390 2113,1336 2005,1326 1207,1343"/>
                <Baseline points="1213,1380 1257,1380 1302,1380 1347,1379 1392,1379 1436,1379 1481,1378 1526,1378 1571,1378 1615,1378 1660,1378 1705,1378 1750,1377 1794,1377 1839,1377 1884,1377 1929,1377 1973,1377 2018,1377 2063,1378 2108,1378"/>
                <TextEquiv>
                    <Unicode>cessitie of the afflicted man did, so re</Unicode>
                </TextEquiv>
            </TextLine>
            <TextLine id="r3l44" custom="readingOrder {index:20;}">
                <Coords points="1201,1461 2069,1471 2115,1456 2115,1398 1408,1392 1359,1429 1282,1391 1201,1403"/>
                <Baseline points="1206,1446 1251,1446 1296,1445 1341,1445 1386,1445 1431,1444 1476,1444 1522,1444 1567,1444 1612,1444 1657,1444 1702,1444 1747,1444 1792,1444 1838,1443 1883,1443 1928,1443 1973,1443 2018,1443 2063,1443 2109,1443"/>
                <TextEquiv>
                    <Unicode>quire. Nowe therefore the Lorde ap</Unicode>
                </TextEquiv>
            </TextLine>
            <TextLine id="r3l45" custom="readingOrder {index:21;}">
                <Coords points="1204,1528 1987,1530 2104,1521 2104,1460 1204,1464"/>
                <Baseline points="1209,1512 1253,1511 1297,1509 1342,1508 1386,1507 1431,1507 1475,1506 1520,1506 1564,1506 1609,1506 1653,1506 1697,1506 1742,1507 1786,1507 1831,1507 1875,1507 1920,1507 1964,1507 2009,1507 2053,1507 2098,1506"/>
                <TextEquiv>
                    <Unicode>plying this to his owne purpose de</Unicode>
                </TextEquiv>
            </TextLine>
            <TextLine id="r3l47" custom="readingOrder {index:22;}">
                <Coords points="1201,1588 2080,1594 2112,1578 2112,1526 1201,1535"/>
                <Baseline points="1206,1572 1251,1571 1296,1571 1341,1571 1386,1571 1431,1571 1476,1571 1521,1571 1566,1571 1611,1571 1656,1571 1701,1572 1746,1572 1791,1572 1836,1572 1881,1572 1926,1572 1971,1572 2016,1571 2061,1571 2107,1571"/>
                <TextEquiv>
                    <Unicode>maunded of him, that desired to learne </Unicode>
                </TextEquiv>
            </TextLine>
            <TextLine id="r3l50" custom="readingOrder {index:23;}">
                <Coords points="1204,1642 2092,1656 2092,1596 2050,1583 1783,1607 1205,1590"/>
                <Baseline points="1210,1634 1253,1635 1297,1636 1341,1637 1385,1637 1429,1637 1472,1638 1516,1638 1560,1638 1604,1638 1648,1638 1691,1637 1735,1637 1779,1637 1823,1637 1867,1637 1910,1637 1954,1637 1998,1637 2042,1637 2086,1638"/>
                <TextEquiv>
                    <Unicode>who was his neighbour, and sayeth, </Unicode>
                </TextEquiv>
            </TextLine>
            <TextLine id="r3l51" custom="readingOrder {index:24;}">
                <Coords points="1202,1710 2107,1717 2106,1652 1202,1651"/>
                <Baseline points="1207,1700 1251,1701 1296,1702 1341,1702 1385,1703 1430,1703 1475,1702 1519,1702 1564,1702 1609,1702 1654,1701 1698,1701 1743,1700 1788,1700 1832,1700 1877,1700 1922,1700 1966,1700 2011,1700 2056,1701 2101,1701"/>
                <TextEquiv>
                    <Unicode>which of these three seemeth to thee to </Unicode>
                </TextEquiv>
            </TextLine>
            <TextLine id="r3l53" custom="readingOrder {index:25;}">
                <Coords points="1208,1789 1763,1769 2043,1790 2103,1780 2103,1718 1207,1714"/>
                <Baseline points="1213,1768 1257,1767 1301,1767 1345,1766 1389,1766 1434,1766 1478,1765 1522,1765 1566,1765 1610,1765 1655,1765 1699,1765 1743,1764 1787,1764 1831,1764 1876,1764 1920,1764 1964,1763 2008,1763 2052,1763 2097,1762"/>
                <TextEquiv>
                    <Unicode>have beene this mans neighbour, Hee </Unicode>
                </TextEquiv>
            </TextLine>
            <TextLine id="r3l55" custom="readingOrder {index:26;}">
                <Coords points="1198,1837 1660,1857 1934,1829 2070,1853 2105,1847 2105,1779 1198,1797"/>
                <Baseline points="1204,1830 1248,1830 1293,1831 1338,1831 1383,1831 1428,1831 1472,1831 1517,1831 1562,1831 1607,1831 1652,1830 1696,1830 1741,1830 1786,1830 1831,1829 1876,1829 1920,1829 1965,1829 2010,1830 2055,1830 2100,1831"/>
                <TextEquiv>
                    <Unicode>aunsweared, Hee that shewed mercy. </Unicode>
                </TextEquiv>
            </TextLine>
            <TextLine id="r3l56" custom="readingOrder {index:27;}">
                <Coords points="1206,1908 2110,1912 2109,1846 1206,1841"/>
                <Baseline points="1212,1894 1256,1895 1301,1895 1345,1895 1390,1895 1435,1895 1479,1895 1524,1895 1568,1895 1613,1895 1658,1895 1702,1895 1747,1894 1791,1894 1836,1894 1881,1894 1925,1893 1970,1893 2014,1893 2059,1893 2104,1893"/>
                <TextEquiv>
                    <Unicode>Then said the Lord, Goe thou and </Unicode>
                </TextEquiv>
            </TextLine>
            <TextLine id="r3l58" custom="readingOrder {index:28;}">
                <Coords points="1198,1976 2084,1982 2104,1906 1198,1910"/>
                <Baseline points="1204,1962 1248,1961 1293,1961 1338,1960 1382,1960 1427,1959 1472,1959 1516,1959 1561,1959 1606,1959 1651,1959 1695,1959 1740,1959 1785,1959 1829,1959 1874,1959 1919,1959 1963,1959 2008,1959 2053,1958 2098,1958"/>
                <TextEquiv>
                    <Unicode>doe the like.  As if he should have said, </Unicode>
                </TextEquiv>
            </TextLine>
            <TextLine id="r3l60" custom="readingOrder {index:29;}">
                <Coords points="1204,2033 2113,2035 2096,1976 1204,1976"/>
                <Baseline points="1209,2025 1253,2025 1298,2024 1343,2024 1388,2024 1433,2024 1478,2023 1523,2023 1568,2023 1613,2023 1658,2023 1702,2023 1747,2023 1792,2023 1837,2023 1882,2023 1927,2023 1972,2024 2017,2024 2062,2025 2107,2025"/>
                <TextEquiv>
                    <Unicode>like as the samaritane iudged even</Unicode>
                </TextEquiv>
            </TextLine>
            <TextLine id="r3l62" custom="readingOrder {index:30;}">
                <Coords points="1203,2100 2114,2100 2114,2035 1996,2057 1203,2035"/>
                <Baseline points="1209,2091 1256,2090 1303,2089 1350,2089 1398,2088 1445,2088 1492,2087 1540,2087 1587,2087 1634,2087 1682,2087 1729,2087 1776,2087 1824,2087 1871,2088 1918,2088 1966,2088 2013,2088 2060,2088 2108,2088"/>
                <TextEquiv>
                    <Unicode>his enimy to bee his neighbour, and </Unicode>
                </TextEquiv>
            </TextLine>
            <TextLine id="r3l64" custom="readingOrder {index:31;}">
                <Coords points="1207,2165 2119,2170 2118,2109 2062,2100 1207,2111"/>
                <Baseline points="1213,2153 1258,2153 1303,2153 1348,2153 1393,2152 1438,2152 1483,2152 1528,2152 1573,2152 1618,2152 1663,2152 1708,2152 1753,2152 1798,2152 1843,2152 1888,2152 1933,2151 1978,2151 2023,2151 2068,2151 2113,2150"/>
                <TextEquiv>
                    <Unicode>dealt friendly with him when he stood </Unicode>
                </TextEquiv>
            </TextLine>
            <TextLine id="r3l66" custom="readingOrder {index:32;}">
                <Coords points="1206,2232 2119,2237 2119,2176 2092,2165 1206,2168"/>
                <Baseline points="1212,2217 1257,2217 1302,2217 1347,2217 1392,2217 1437,2217 1482,2217 1527,2217 1572,2217 1617,2217 1663,2217 1708,2217 1753,2217 1798,2217 1843,2217 1888,2217 1933,2217 1978,2216 2023,2216 2068,2216 2114,2216"/>
                <TextEquiv>
                    <Unicode>in neede of his friendshippe: so see that</Unicode>
                </TextEquiv>
            </TextLine>
            <TextLine id="r3l68" custom="readingOrder {index:33;}">
                <Coords points="1212,2292 2117,2293 2117,2246 2052,2231 1212,2235"/>
                <Baseline points="1218,2282 1262,2282 1307,2282 1352,2282 1396,2282 1441,2282 1486,2282 1530,2281 1575,2281 1620,2281 1665,2281 1709,2281 1754,2281 1799,2281 1843,2281 1888,2281 1933,2281 1977,2282 2022,2283 2067,2283 2112,2284"/>
                <TextEquiv>
                    <Unicode>thou take every one that needeth thy </Unicode>
                </TextEquiv>
            </TextLine>
            <TextLine id="r3l70" custom="readingOrder {index:34;}">
                <Coords points="1208,2367 2120,2366 2120,2304 2055,2295 1208,2296"/>
                <Baseline points="1213,2347 1258,2347 1303,2347 1348,2346 1393,2346 1438,2346 1483,2346 1528,2345 1573,2345 1618,2345 1664,2345 1709,2345 1754,2345 1799,2345 1844,2345 1889,2345 1934,2345 1979,2345 2024,2346 2069,2346 2115,2346"/>
                <TextEquiv>
                    <Unicode>helpe to bee thy neighbour, and do him</Unicode>
                </TextEquiv>
            </TextLine>
            <TextLine id="r3l72" custom="readingOrder {index:35;}">
                <Coords points="1201,2436 2111,2429 2111,2364 1201,2377"/>
                <Baseline points="1207,2416 1251,2414 1296,2413 1341,2412 1386,2411 1431,2410 1476,2409 1521,2409 1566,2409 1611,2409 1656,2409 1700,2409 1745,2409 1790,2409 1835,2409 1880,2409 1925,2409 1970,2410 2015,2410 2060,2409 2105,2409"/>
                <TextEquiv>
                    <Unicode>good. Aurelius Augustine therfore, ac</Unicode>
                </TextEquiv>
            </TextLine>
            <TextLine id="r3l74" custom="readingOrder {index:36;}">
                <Coords points="1201,2494 2115,2491 2115,2436 2042,2422 1201,2429"/>
                <Baseline points="1207,2475 1252,2475 1297,2475 1342,2474 1387,2474 1432,2474 1477,2474 1522,2474 1567,2474 1612,2474 1658,2474 1703,2474 1748,2474 1793,2474 1838,2474 1883,2473 1928,2473 1973,2473 2018,2473 2063,2473 2109,2473"/>
                <TextEquiv>
                    <Unicode>cording to the right sense of the Scrip</Unicode>
                </TextEquiv>
            </TextLine>
            <TextLine id="r3l76" custom="readingOrder {index:37;}">
                <Coords points="1209,2551 2083,2556 2083,2500 1985,2482 1851,2505 1209,2496"/>
                <Baseline points="1215,2537 1258,2538 1301,2538 1344,2538 1387,2538 1430,2538 1473,2538 1516,2538 1559,2538 1602,2538 1646,2538 1689,2538 1732,2537 1775,2537 1818,2537 1861,2536 1904,2535 1947,2535 1990,2534 2033,2534 2077,2533"/>
                <TextEquiv>
                    <Unicode>ture sayde, wee take him to bee our </Unicode>
                </TextEquiv>
            </TextLine>
            <TextLine id="r3l78" custom="readingOrder {index:38;}">
                <Coords points="1200,2608 1996,2622 2115,2612 2115,2562 1199,2560"/>
                <Baseline points="1205,2605 1250,2604 1295,2603 1340,2603 1385,2603 1431,2603 1476,2602 1521,2602 1566,2602 1611,2602 1657,2602 1702,2602 1747,2602 1792,2602 1837,2601 1883,2601 1928,2601 1973,2600 2018,2599 2063,2598 2109,2597"/>
                <TextEquiv>
                    <Unicode>neighbour, to whom wee shew mer</Unicode>
                </TextEquiv>
            </TextLine>
            <TextLine id="r3l80" custom="readingOrder {index:39;}">
                <Coords points="1204,2670 2111,2688 2110,2623 1204,2632"/>
                <Baseline points="1210,2670 1254,2669 1299,2668 1344,2667 1389,2667 1433,2667 1478,2667 1523,2667 1568,2667 1612,2667 1657,2667 1702,2667 1747,2667 1791,2666 1836,2666 1881,2666 1926,2665 1970,2665 2015,2664 2060,2663 2105,2661"/>
                <TextEquiv>
                    <Unicode>cy when neede requireth, or to whom</Unicode>
                </TextEquiv>
            </TextLine>
            <TextLine id="r3l82" custom="readingOrder {index:40;}">
                <Coords points="1208,2742 2111,2756 2110,2691 2016,2677 1767,2700 1208,2674"/>
                <Baseline points="1214,2732 1258,2731 1303,2731 1347,2730 1392,2730 1436,2730 1481,2730 1525,2730 1570,2730 1614,2730 1659,2730 1704,2730 1748,2730 1793,2730 1837,2730 1882,2730 1926,2729 1971,2729 2015,2728 2060,2727 2105,2726"/>
                <TextEquiv>
                    <Unicode>we should shew mercy, if at any time </Unicode>
                </TextEquiv>
            </TextLine>
            <TextLine id="r3l84" custom="readingOrder {index:41;}">
                <Coords points="1212,2818 2110,2812 2116,2760 1211,2744"/>
                <Baseline points="1217,2797 1261,2797 1306,2796 1351,2796 1395,2796 1440,2795 1485,2795 1529,2795 1574,2795 1619,2794 1664,2794 1708,2794 1753,2794 1798,2794 1842,2794 1887,2794 1932,2794 1976,2793 2021,2793 2066,2793 2111,2793"/>
                <TextEquiv>
                    <Unicode>hee should neede. Wee Suitlers doe. </Unicode>
                </TextEquiv>
            </TextLine>
            <TextLine id="r3l87" custom="readingOrder {index:42;}">
                <Coords points="1209,2867 1340,2889 1438,2862 1526,2886 2116,2869 2115,2812 2084,2802 1209,2818"/>
                <Baseline points="1215,2859 1259,2860 1304,2861 1349,2861 1394,2861 1438,2861 1483,2861 1528,2861 1573,2861 1617,2860 1662,2860 1707,2859 1752,2859 1796,2858 1841,2858 1886,2857 1931,2857 1975,2857 2020,2857 2065,2857 2110,2858"/>
                <TextEquiv>
                    <Unicode>most properly expresse it, when we call</Unicode>
                </TextEquiv>
            </TextLine>
            <TextLine id="r3l88" custom="readingOrder {index:43;}">
                <Coords points="1204,2935 2100,2946 2083,2866 1949,2897 1857,2868 1749,2893 1558,2896 1441,2863 1204,2887"/>
                <Baseline points="1210,2924 1254,2925 1298,2925 1342,2925 1386,2925 1431,2925 1475,2925 1519,2925 1563,2924 1607,2924 1652,2923 1696,2923 1740,2922 1784,2921 1828,2921 1873,2920 1917,2919 1961,2918 2005,2917 2049,2916 2094,2915"/>
                <TextEquiv>
                    <Unicode>our neighbour, Den nachsten mens</Unicode>
                </TextEquiv>
            </TextLine>
            <TextLine id="r3l91" custom="readingOrder {index:44;}">
                <Coords points="1210,2999 2098,3001 2097,2949 2020,2932 1377,2939 1344,2964 1210,2945"/>
                <Baseline points="1215,2987 1258,2988 1302,2988 1346,2989 1390,2989 1434,2989 1478,2989 1521,2989 1565,2989 1609,2989 1653,2988 1697,2988 1741,2987 1785,2987 1828,2986 1872,2986 1916,2985 1960,2985 2004,2984 2048,2984 2092,2983"/>
                <TextEquiv>
                    <Unicode>chen, that is, any man without diffe</Unicode>
                </TextEquiv>
            </TextLine>
            <TextLine id="r3l92" custom="readingOrder {index:45;}">
                <Coords points="1213,3072 1328,3098 1385,3064 1517,3085 1574,3062 1634,3084 2111,3066 2111,3009 2042,2996 1213,3009"/>
                <Baseline points="1219,3055 1263,3055 1307,3055 1352,3054 1396,3054 1440,3055 1485,3055 1529,3055 1573,3055 1618,3055 1662,3055 1706,3055 1751,3055 1795,3055 1839,3054 1884,3054 1928,3053 1972,3051 2017,3050 2061,3047 2106,3045"/>
                <TextEquiv>
                    <Unicode>rence whosoever by hap shall light in</Unicode>
                </TextEquiv>
            </TextLine>
            <TextEquiv>
                <Unicode>their benefactors are their neighbors, 
&amp;iudge them strangers that doe them
any harm. But our Lord Jesus Christ 
telleth us, that every one, yea, though 
he be our enemie is neverthelesse our 
neighbour, if hee stand in neede of our 
aide or counsell. For he imagineth ye a 
Jewe, lighting among theeves and li
yng on the high way halfe dead, and 
covered with woundes and swelling 
drye blowes, was not regarded of his 
owne countrey men, a Levite, and a. 
Priest that passed by him, but at last 
was taken up and healed by a Sama
ritane. Now there was a deadly eni
mitie betweene the Jewes and the 
Samaritanes: yet notwithstanding 
this Samaritane doth good to the Jew
because he saw that the case and ne
cessitie of the afflicted man did, so re
quire. Nowe therefore the Lorde ap
plying this to his owne purpose de
maunded of him, that desired to learne 
who was his neighbour, and sayeth, 
which of these three seemeth to thee to 
have beene this mans neighbour, Hee 
aunsweared, Hee that shewed mercy. 
Then said the Lord, Goe thou and 
doe the like.  As if he should have said, 
like as the samaritane iudged even
his enimy to bee his neighbour, and 
dealt friendly with him when he stood 
in neede of his friendshippe: so see that
thou take every one that needeth thy 
helpe to bee thy neighbour, and do him
good. Aurelius Augustine therfore, ac
cording to the right sense of the Scrip
ture sayde, wee take him to bee our 
neighbour, to whom wee shew mer
cy when neede requireth, or to whom
we should shew mercy, if at any time 
hee should neede. Wee Suitlers doe. 
most properly expresse it, when we call
our neighbour, Den nachsten mens
chen, that is, any man without diffe
rence whosoever by hap shall light in</Unicode>
            </TextEquiv>
        </TextRegion>
    </Page>
</PcGts>
