2288 3632
472 298 2143 381 ideo cum eis non incidant in illam damnationem, quae post hanc uitam talibus prae¬
480 365 2135 438 paratur: tamen quia propterea peccatis eorum damnabilibus parcunt, dum eos
488 433 2131 493 in suis licet leuibus & uenialibus metuunt, iure cum eis temporaliter flagellantur,
486 482 2137 549 quamuis in aeternum minime puniantur. lure istam uitam quando diuinitus afffli
480 537 2143 601 guntur cum eis amaram sentiunt, cuius amando dulcedinem, peccantibus eis amari
490 590 2137 654 esse noluerunt. Non mihi itaque uidetur baec parua esse caussa, quare cum malis fla
486 653 2139 716 gellentur & boni, quando deo placet perditos mores, etiam temporalium poena¬
494 702 2144 772 rum afflictione punire. Flagellantur enim simul, non quia simul malam agunt ui
490 757 2139 823 tam, sed quia simul amant temporalem uitam : non quidem aequaliter, sed tamen
487 807 2144 870 simul, quam boni contemnere deberent, ut illi correpti atque correcti consequeren
494 867 2140 933 tur aeternam, ad quam consequendam si nollent esse socij, ferrentur & diligeren¬
493 922 2136 992 tur inimici: quia donec uiuunt, semper incertum est, utrum uoluntatem sint in me¬
481 977 2144 1035 lius mutaturi. Quare non utique parem, sed longe grauiorem habent caussam, qui¬
492 1037 2141 1099 bus per prophetam dicitur, llle quidem in suo peccato morietur, sanguinem autem
491 1092 2142 1152 eius de manu speculatoris requiram. Ad hoc enim speculatores, id est populorum
490 1148 2133 1216 praeposit, constituti sunt in ecclesijs, ut non parcant obiurgando peccata: nec ideo
492 1201 2137 1277 tamen ab huiusmodi culpa penitus alienus est, qui licet praepositus non sit, in eis
486 1264 2141 1328 tamen quibus uitae huius necessitate coniungitur multa monenda & arguenda no
496 1314 2151 1378 uit & negligit, deuitans eorum offensionem, propter illa quibus in hac uita, non ut
488 1379 2141 1460 debuit, utitur, sed plus quam debuit delectatur. Et reliqua. Haec enim omnia huc¬
496 1421 1206 1486 usque recitauimus ex S. Augustino.
564 1457 2139 1555 Ad caussas calamitatum prementium sanctos dei homines accedit insuper &
471 1538 2146 1614 u illa, quod ipse dominus affligens amicos suos euidentissimum iusti sui iudicij in
469 1591 2140 1661 n impios & contemptores dei argumentum edit. Nam S. Petrus, Tempus est, inquit,
493 1647 2136 1718 ut incipiat iudicium, afflictio inquam & tribulatio, a domo dei. Quod si primum
492 1704 2137 1773 incipit a nobis, quis erit finis eorum qui non credunt dei euangelio? Et si iustus uix
493 1759 2137 1824 saluatur, impius & peccator ubi comparebit: Huc pertinet & illa domini exeun¬
496 1816 2147 1882 tis ad locum supplicij memorabilis sententia, atque dicentis, Si in humido ligno haec
488 1872 2143 1945 faciunt, in arido quid fiet? Si sancti arbores frugiferae, speciosissimos bonorum ope¬
487 1930 2134 1997 rum fructus proferentes, in hoc saeculo, deo permittente, usqueadeo misere diue
488 1983 2139 2050 xantur & torquentur, quid quaeso dicemus de impijs, qui alienissimi sunt ab om¬
477 2037 2143 2103 ni uirtute & opere bono? Cruciabuntur haud dubie modis poenis aut supplicijs
489 2089 856 2161 omnino insandis,
580 2148 2144 2222 Quod enim caussas attinet calamitatum, quibus impij diuexantur, non pos¬
487 2191 2140 2276 sunt esse ullae aliae quam ipsa quae quotidie patrant scelera, ideoque puniuntur iusto
489 2259 2140 2323 dei iudicio, ut omnibus appareat deum odisse impietatem cum impijs. Ita afflictus
484 2315 2143 2380 legitur Pharao. Saul incubuit proprio mucroni, ceciditque in monte Gelboe cum
488 2382 2143 2455 multis lzraelitarum milibus, eo quod peccasset contra dominum, qui ipsum in ar
483 2420 2147 2498 gumentum sui iusti iudicij, denique reliquis ad terrorem perdere uoluit. Morbo hor¬
486 2485 2132 2556 ribili corripiuntur & extinguuntur Antiochus Epiphanes, Herodes magnus, He
484 2541 2135 2601 rodes Agrippa, & Galerius Maximianus Caes. Quia peccauerunt in deum & fi-
486 2597 2129 2660 deles dei, quos hic ulcisci iustique sui iudicij argumenta proferre uoluit: adeoque illos
477 2659 2134 2720 statuere exempla tyrannis, in quibus uideant quae maneant persequutores piorum
480 2706 2129 2776 supplicia. Et quamuis bonus dominus creaturis suis omnia ad bonum instituat,
479 2771 2132 2834 & fere calamitates omnes immittat ut a sceleribus retrahat: quia tamen hypocritae et
478 2821 2125 2891 impij consilia dei aspernantur, neque deum percutientem agnoscere, neque ad deum
470 2874 2135 2943 conuerti sustinent, omnia ipsis cedunt ad interitum, quemadmodum diligentibus
469 2937 2137 3014 deum omnia cooperantur ad bonum, ideoque pereunt in suis calamitatibus, adeoque
