2288 3632
109 319 1762 409 subibat. Hoc ergo studendum est, si Christi discipuli esse uolumus, ut tanta dei ob
127 383 1765 462 seruantia atque obedientia imbuantur animi nostri, quae contrarias omnes affectio
122 445 1769 524 nes domare ac subiugare eius ordinationi queat. Ita fiet ut quocunque uexemur
124 504 1768 559 crucis genere, in summis etiam animi angustijs patientiam constanter retinea¬
122 553 1762 620 mus, Res enim ipsae aduersae habebunt suam asperitatem, qua mordeamur: sic
116 619 1763 675 morbo afflicti & ingemiscemus, & inquietabimur, & sanitatem expetemus: sic
125 672 1759 739 egestate pressi, & solicitudinis & tristitiae aculeis perstringemur: sic ignominiae.
118 736 1765 799 contemptus, iniuriae dolore feriemur: sic in funeribus nostrorum debitas naturae
117 773 1769 852 lachrymas exoluemus. Sed haec semper erit clausula, Atqui dominus ita uoluit.
118 830 1106 900 Ergo eius uoluntatem sequamur, Hactenus ille
208 885 1752 974 Proinde calamitatibus appetiti & irretiti fideles in primis medentur sibi pa
109 935 1770 1017 tientia. Ea est, authore Lactantio, malorum quae aut inseruntur aut accidunt cum
123 1010 1769 1071 aequanimitate perlatio. Patiens enim fidelis, fixis in uerbum dei oculis, fide ac
116 1060 1756 1126 spe deo & promisioni eius inhaeret, suffert quae accidunt aduersa, temperans ani
119 1122 1763 1195 mi dolorem & corporis tormenta sapientia coelesti, ut nuspiam superatus doloris
112 1173 1753 1242 magnitudine deficiat a deo & mandatis eius, faciens ea qua prohibuit facere do¬
119 1233 1755 1302 minus. Vincit ergo seipsum & affectiones suas patiens, uincit dolores & calami¬
116 1289 1752 1358 tates omnes, perstat in aequanimitate & pietate. Et quamuis sufferat omnia fidelis
120 1342 1762 1405 patientia, impia tamen nec approbat, nec falsa tolerat. Nam saluator noster uni¬
116 1403 1756 1459 cum patientiae exemplum, patientissime prebuit impijs manus suas adeoque totum
119 1446 1753 1526 corpus uinciendum: sed idem interim improbat ipsorum iniquitatem, dicens,
116 1506 1756 1589 Quasi ad latronem existis cum gladijs & fustibus, cum quotidie uobiscum fue¬
119 1569 1433 1631 rim in templo: sed haec est hora illa uestra & potestas tenebrarum.
184 1609 1747 1683 Huc iam pertinet elegans descriptio aut prosopopoeia Patientiae per Floren¬
103 1674 1731 1740 tem Tertullianum, his proposita uerbis, Age iam patientiae effigiem habitum?
105 1737 1747 1806 comprehendamus, Vultus illi tranquillus & placidus, frons pura, nulla moeroris
110 1793 1751 1863 aut irae rugositatis contracta: remissa aeque in laetum modum supercilia, oculis hu
115 1846 1745 1909 militate non infelicitate deiectis. Os taciturnitatis honore signatum. Color qualis
115 1895 1749 1973 securis & innoxijs. Motus freques capitis in diabolum, & minax risus. Caeterum
113 1955 1751 2016 amictus circum pectora candidus & corpori impressus, ut qui nec inssatur, nec
110 2006 1755 2087 inquietatur. Sedet enim in throno spiritus eius mitissimi & mansuetissimi, qui non
109 2068 1747 2136 turbine glomeratur, non nubilo liuet, sed est tenerae serenitatis apertus & simplex,
117 2131 1743 2197 quem tertio uidit Helias. Nam ubi deus, ibidem & alumna eius, patientia scilicet.
187 2173 1735 2253 lam & uires Patientiae enumeratione quadam colligens beatus martyr Cy.
112 2222 1748 2314 prianus in sermone de Bono patientiae dicit, Patientia est quae nos deo commen¬
112 2300 1742 2367 dat & seruat. Ipsa est quae iram temperat, quae linguam frenat, mentem gubernat,
107 2350 1751 2423 pacem custodit, disciplinam regit, libidinis impetum frangit, tumoris uiolentiam.
109 2409 1751 2482 comprimit, incendium simultatis extinguit, coercet potentiam diuitum, inopiam
97 2460 1744 2525 pauperum refouet, tuetur in uirginibus beatam integritatem, in uiduis laborio¬
104 2517 1734 2589 sam castitatem, in coniunctis & maritatis indiuiduam charitatem, facit humiles
100 2568 1741 2644 in prosperis, in aduersis fortes, contra iniurias & contumelias mites, docet delin¬
106 2631 1750 2699 quentibus cito ignoscere, si ipse delinquas, diu & multum rogare: tentationes ex-
101 2689 1735 2762 pugnat, persecutiones tolerat, persecutiones et martyria consummat. Ipsa est quae
110 2739 1745 2817 fidei nostrae fundamenta firmiter ponit: ipsa est quae incrementa spei sublimiter
100 2800 1740 2864 prouehit: ipsa actum dirigit, ut tenere possimus uiam Christi, dum per eius tole¬
103 2859 1729 2928 rantiam gradimur: ipsa efficit ut perseueremus filij dei, dum patientiam patris imi
98 2907 1752 2967 tamur. Haec Cyprianus. His si libet colophonis uice adiincias licet ex euangelio Chri
98 2961 1749 3035 sti breuem illam, sed euidentem sententiam, Per patientiam uestram possidete
