2288 3632
457 372 2107 438 de quibus apostolus loquens. Oberrarunt, inquit, in ouillis & caprinis pellibus,
469 432 2122 488 destituti, pressi, afflicti, quibus indignus erat mundus: in desertis errantes & mon
463 485 2122 548 tibus, in speluncis & cauernis terrae. Considerant item Christiani loge meliorem
470 530 2117 601 fuisse sortem famescentis Lazari, inter linguas canum ulcera lambentium, exce¬
464 599 2123 658 dentis, quam crapula distenti epulonis sepulti & demersi in inferos. Horrendum
471 659 2109 728 quidem & abominandum illud est, quod uis infertur at barbaris militibus non ma
469 697 2110 779 tronis tantum, sed uirginibus etiam nondum uiri potentibus. Verum consolatur
475 764 2119 837 nos illud maxime in scelere maximo, & contumelia intolerabili, quod pudicitia
469 815 2122 885 animi uirtus est. Si enim bonum animi est, plane non amittitur etiam corpore op¬
471 874 2113 949 presso: quemadmodum & fides hominis non expugnata creditur, licet totum cor¬
475 932 2119 1005 pus hominis comburatur. Et sane castitas propter corpus uiolatum non perdi¬
481 978 2121 1054 tur, quia ea sancte utendi perseuerat uoluntas, & quantum in ipso est etiam facul
481 1040 2126 1108 tas. Neque enim eo corpus sanctum est, quod eius membra sunt integra, uel eo quod
472 1093 2117 1165 nullo contrectantur attactu : cum possint diuersis casibus etiam uulnerata uim per
477 1147 2122 1223 peti: ac medici aliquando saluti opitulantes haec ibi faciant, quae horret aspectus,
466 1201 2125 1274 Quocirca proposito animi permanente, per quod etiam corpus sanctificari me¬
470 1266 2119 1332 ruit nec ipsi corpori aufert sanctitatem uiolentia libidinis alienae, quam seruat per
477 1325 2126 1390 seuerantia continentiae suae. Interea dubium non est, iustissimum dominum gra¬
468 1370 2113 1444 uiter in beluas istas, & natures monstra, qui tam nephanda audent, animaduersurum,
550 1425 2117 1491 Confirmantur sancti tribulationibus diuexati exemplis sanctorum innume
475 1483 2126 1553 ris, ex quibus colligunt sibi noui obuenire nihil, cum deus ab initio seruos suos
484 1539 2118 1605 & ecclesiam sibi charissimam multis exercuerit tentationibus & afflictionibus,
475 1593 2125 1662 Ac plurimum hic referre, & ad consolandum afflictos animos conducere puto,
472 1657 2129 1722 in numerato tenere optima & delectissima quidem exempla. Sunt ea priuata &
478 1713 2125 1785 publica plurima. Priuata sunt, ut multa ueterum transeam, patriarcharum poste¬
481 1770 2111 1826 riorum casus & peregrinationes. Euocatur enim diuina uoce pater noster Abra¬
476 1817 2120 1891 ham ex Vra Chaldaeorum in terram Palestinorum, ex qua rursus fame eijcitur
479 1872 2129 1935 in Aegyptum, ubi iterum difficillimam experitur fortunam, Reuersus autem in
478 1920 2128 1999 Palestinam, nunquam non habet ad ultimum usque diem uitae suae quod animum
487 1993 2131 2049 conturbet atque affligat. Isaacum quoque fames excruciat, quemadmodum et dome
479 2039 2119 2109 stica infortunia eundem perpetuo excruciarunt. Iacobum a domino lsraelem co
478 2103 2122 2170 gnominatum, si quis aerumnosissimum hominem appellet, nihil peccauerit. Nam
479 2147 2122 2222 in ipso matris utero, necdum editus in lucem, certamen init cum fratre suo Esau:
470 2212 2126 2279 cuius manus parricidales uix euasit adolescens, dum in Syriam usque exul profu¬
468 2263 2117 2340 git. Vbi iterum taquam in exquisitissima afflictionum palestra seu officina exer¬
471 2327 2121 2391 citatur. Dum redit in patriam, malis & periculis maximis inuoluitur. Liberorum
474 2380 2110 2442 scelera insanda optimum senem tantum non enecant. In senectute, fame pressus,
476 2439 2110 2502 descendit in Aegyptum, ubi in uera fide et patientia sanctum deo tradit spiritum.
478 2483 2128 2550 De Mose maximo & fidelissimo dei seruo testatur scriptura, quod in aula regis e¬
475 2547 2113 2613 ducatus quidem, sed grandior factus, renuit uocari filius filiae Pharaonis, potius
469 2598 2116 2660 eligens simul affici malis cum populo dei, quam temporarijs peccati commodis
481 2658 2117 2719 frui, maiores arbitratus diuitias probrum Christi, quam Aegyptiorum thesauros.
474 2707 2111 2780 Idem grauissimam sustinuit persecutionem, primum quidem a Pharaone & prin
477 2770 2121 2844 cipibus eius, deinde a domesticis suis et suo populo, quem eduxerat ex Aegypto¬
477 2829 2122 2894 Dauid quoque unctus domini, diu Saulis furorem fugit, regnum adeptus difficilli¬
475 2878 2119 2944 mis bellis grauissime oppressus laborauit, tandem post multos labores exantlatos
468 2930 2037 3005 a filio exutus regno, multis simul malis immergitur, rursus tamen restituitur.
547 2991 2116 3079 ln nouo testamento excellentissima exempla sunt ipse dominus & saluator
