2288 3632
120 332 1769 425 in manus deuenit Barbarorum. Nam anno 412. qui erat 2. Impp. Honorij &
124 393 1766 468 Theod. Visigotthi duce Alarycho ceperunt quidem urbem & diripuerunt, sed cle¬
112 451 1766 522 menter interim usi sunt uictoria. Deinde uero Vuandali duce Genserycho urbe
115 512 1765 587 irruperunt crudelissime, auarissimeque diripuerunt. Post quos aduolantes Heruli,
117 570 1762 650 Atthilani exercitus reliquiae, duce Odacre, urbem occuparunt regnumque sibi usur¬
123 627 1759 696 parunt, imperio Romano in occidente prorsus extincto atque sublato. Inde uero
116 687 1769 762 exactis annis circiter 14. adest cum Ostrogotthis Theodorychus Veronensis, qui
124 734 1760 816 caesis Herulis, urbe potitur, Restituitur uero haec demum, Bellisarij inclyti ducis
115 804 1756 872 opera & fide, lustiniano principi orientali, sed eandem mox capit Totilas princeps
127 863 1768 926 uotthicus, direptamque ferro & igni uastat, publicis aedificijs dirutis, & moenijs bo
119 908 1765 974 na parte subuersis, adeoque tota Roma sic uastata, ut aliquot diebus nullum habue
114 966 1764 1039 rit inhabitatorem hominem. Incidit ea uastatio urbis in annum domini 548. Atque
109 1021 1770 1084 ad hunc modum meritas poenas dependit uindici suae ecclesiae Christo Roma san
118 1081 1769 1137 guinaria. Necdum retuli quae baec praeterea sustinuerit ab Hunis & Longobar¬
114 1134 1765 1192 dis. Nam satis est indicasse quam misere cesserint Romae afflictiones illatae eccle¬
109 1179 1759 1244 siae, quae interim salua incolumis & uictrix mansit, regnabitque cum Christo prin¬
110 1233 1752 1325 cipe in saecula saeculorum. Ad eundem modum deleti sunt etiam maximis prius
116 1290 1759 1374 cladibus acceptis, uarijs difficilibusque casibus per totam fere terram exagitati Sa¬
108 1357 1769 1418 raceni. Sed & Turcae suas quoque sentiunt calamitates quotidie, & sentient olim
110 1403 1750 1485 longe atrocissimas. lam & pseudopontifices poculis ueneno temperatis sese mu¬
106 1469 1753 1541 tuo confecerunt, ijdem mirificis exagitantur terroribus. Nuspiam fere tuti in ui¬
109 1516 1753 1590 ta sua, sed & in corona amicorum suorum malis septi, semper & aeternum miseri
118 1567 1748 1646 sunt. Quibus accedit quod felicissimi illorum foedis coputrescunt uoluptatibus,
113 1637 1762 1707 quo non est aliud mortis genus uel probrosius uel difficilius,. Qui his adhaerent &
115 1682 1762 1764 horum instinctu persequuntur ecclesiam Christi, uel in foedis & ipsi uoluptatibus
116 1747 1750 1803 computrescunt, uel morbis Antiochicis & Herodianis, lentaque sed graui morte
109 1799 1749 1861 consumuntur, sed & bellis sese atterunt & conficiunt intestinis. lustus ergo est do
104 1856 1755 1922 minus, & aequa atque iusta sunt iudicia eius, qui amicorum suorum nunquam obli
107 1918 1668 1980 uiscitur, rursus hostes suos & suorum semper inuenit ac pro merito conficit.
198 1962 1774 2048 Haec cum ita habeant fratres, sustineamus quaeso patienter manum domini
111 2020 1757 2094 dei nostri, quoties calamitatibus premimur tentamurque a domino deo nostro, sci-
104 2080 1751 2143 entes benignum dominum percutere ut sanet, conturbareque ut consoletur & in
103 2137 1750 2204 gaudia recipiat sempiterna. Hoc ut praestare possimus, qui alioqui sumus infirmi
113 2195 1747 2258 & imbecilles, oremus patrem nostrum qui in coelis est per Iesum Christum domi¬
113 2248 1755 2309 num nostrum, ne in tentationibus nostris desit nobis, sed dirigat nos in uia con-
110 2298 1753 2380 stantiae, pacis & iustitiae. Proponat hic sibi quisque saluatoris & magistri dominique
103 2361 1750 2425 nostri exemplum, qui passionem suam auspicatur at precibus. Ascendens enim mon
113 2411 1741 2473 tem oliuarum, patri supplicat, & intentissima quidem mente supplicat. Idem pre¬
110 2477 1744 2544 ces suas iterat, precandoque patrem urget: ita tamen, ut omnia eius uoluntati subij¬
109 2526 1747 2588 ciat. Hoc ipsum faciamus & nos, quo praesens auxilium patris nostri & consola¬
117 2577 1749 2660 tionem animorum experiamur efficacissimam, laudemusque bonitatem illius in sae
99 2628 610 2712 cula saeculorum, Amen
248 2784 1597 2881 De quinto & sexto secundae tabulae praeceptis, quae in Decalogo sunt nonum & decimum,
319 2862 1529 2935 nempe, Ne loquaris contra proximum tuum falsum testimonium. Et, Ne concupiscas
459 2915 1377 2996 domum proxim tui,&c SERMO. IIII
