2288 3632
132 297 1811 394 ut declines post multos ad peruertendum. Erigo qui falsum dicit testimonium pec
129 360 1819 443 cat contra deum & contra proximum. Nam iprimum quidem sacrilegio ac periu
124 416 1811 497 rio se commaculat, adeoque sub nomine dei mentiendo deum contumelia afficit:
132 477 1800 553 proximo deinde tantum nocet, quantum is diamni a iudice accipit, in corpore, for
127 533 1810 617 tunis & uita. Constat enim iudicem falso comimotum testimonio, reum mulctare
133 579 1797 671 in corpore, in fortunis, aut in ipsa uita: quod inon faceret, nisi tuo huc pertrahere
129 638 1800 730 tur testimonio. Proinde minime iniqua lex esti, quam Moses hisce prodidit uerbis,
129 690 1807 778 Si mendax testis fuerit deprehensus, facietis eei quemadmodum ipse scelerate co¬
121 744 1810 840 gitauerat facere fratri suo: & auferes malum e: medio tui: ut reliqui id audiant & ti¬
130 813 1799 903 meant neque audeant amplius designare rem uusqueadeo sceleratam in te. Neque hic
123 857 1795 949 ulla afficieris misericordia: animam pro animaa, oculum pro oculo, dentem pro den
115 927 1796 1003 te, manum pro manu, pedem pro pede. Huc ppertinet quod in Prouerbijs clamat
120 971 1799 1071 Solomon, Testem fallacem odit deus. Et, Testis imendax non erit impunitus. Exem
125 1032 1796 1123 plum nobis suppeditant iniqui testes contra puudicissimam foeminarum Susannam.
198 1080 1795 1180 Deinde damnantur hac lege omnes sycophanticae aut calumniosae accusatio¬
117 1134 1790 1232 nes in foro, denique emptae falsaeque iudicum senitentiae. Proinde damnantur etiam
121 1189 1802 1282 illi quibus uenalis est lingua, hoc est, qui uel ffrusto panis conduci possunt, ut uel
117 1249 1793 1332 benedicant uel maledicant innoxijs. Cuius quuidem generis maledicas & petulan
124 1316 1797 1411 tes adde & assentatrices linguas plurimas inuenire licet in infimo & supremo, sa
122 1362 854 1426 cro & prophano hominum ordine.
183 1412 1790 1509 Praeterea commendantur nobis contractuus, pactiones & foedera religiose cu
110 1460 1799 1570 stodienda seruandaque: ex aduerso damnantur artes, doli mali, imposturae & cir¬
121 1537 1401 1615 cumscriptiones. De quibus dictum est cum agteretur de Furto.
192 1579 1803 1687 In primis uero prohibetur fidelibus Mendiacium, quo uidelicet nocendi uolun
108 1643 1786 1734 tate, aut ex leuitate uana, aut alioqui praua afffectione, falsum profertur. Nume¬
111 1695 1778 1790 rant enim mendaciorum species uarias. S. Auigust. ad Consentium de Mendacio
109 1758 1784 1837 cap. 14. recenset genera 8S. Ego paucula duntaxat ex multis commemorabo. Est
102 1806 1775 1908 mendacium iocosum, ueluti cum dico me memtiri, & alij me mentiri sciunt, indeque
104 1877 1780 1956 aliquid percipiunt utilitatis, aut uoluptatis pottius. Id quanquam non sit grande
104 1935 1775 2011 peccatum, habet tamen leuitatis plurimum: quam apostolus improbat in fidelibus,
109 1985 1771 2064 sicut extat in 5. cap. epistolae ad Ephes. Non arbitror autem huc referendos esse
109 2042 1771 2119 apologos, parabolas, & fictas narrationes: quaas ut scriptura ubique adhibet rebus
108 2092 1770 2188 etiam grauissimis, ita plurimum habent gratiaee necessitatis & utilitatis. S. Augu.¬
105 2142 1769 2240 iocos collocat extra mendacia. Est praeterea miendacium officiosum, quo uidelicet
110 2200 1775 2297 salsum uel fingo, uel refero, officij caussa, ut uiidelicet ingens aliquod malum a pro¬
103 2259 1772 2350 ximi depellam ceruicibus. Huius generis plurtima sunt in sacris literis exepla. Ae-
93 2323 1773 2404 gyptiae obstetrices seruabant uiuos Hebraesorum recens natos filios, quos Pharao
98 2378 1769 2465 trucidare praeceperat: ac accusatae coram rege llegis uiolatae, praetexuerunt officio
101 2424 1762 2520 so certe & ingenioso mendacio miram quandam pariendi celeritatem, qua Hebraeo
109 2489 1762 2570 rum mulieres Aegyptias antecellant, Rahab mirifico figmento illudit ciuibus suis
103 2535 1766 2628 lerichontinis, & mentiendo seruat populi dei iexploratores. Sed & Michol uxor
110 2589 1760 2683 Dauidis, mendacio seruauit maritum, seruos atutem patris sui Saulis frustratos &
99 2649 1765 2741 hiantes dimisit. Fingit & lonathan plurima in rmensa patris sui, dum Dauidi patroci
97 2710 1762 2798 naretur, quem mox artibus & pijs dolis eripit tex cruentis manibus patris sui Sau¬
104 2762 1750 2855 lis. ludith quoque uidua sanctissima mentiendo, & dissimulando penetrat in tento
98 2823 1752 2910 ria Holophernis, quem fortiter obtruncat, poptulumque dei afflictissimum liberat,
173 2870 1754 2970 Porro disputatum est a primarijs theologis,, peccarint ne illi mentiendo quo¬
92 2925 1762 3036 rum modo exempla adduximus. Ac Origenes: & qui ipsum sunt secuti, permitte
