2288 3632
144 317 1804 393 ut modo diximus in Sanctum sanctorum & sanctum. In Sactum sanctorum non
147 378 1815 445 ingrediebatur, nisi semel in anno summus Pontifex. In ipso reposita erat Arca foe
151 432 1815 519 deris domini nostri inter Cherubim : cui alij ex authoritate apostolica coniungunt
150 494 1814 556 thuribulum aureum. Sunt alij tamem qui per Suuestoton non thuribulum sed altare
148 541 1795 614 suffitus intelligunt. Hi si non falluntur, apparet altare aureum eo tempore, quo il
141 601 1798 679 la scribebat apostolus, intra uelum stetisse in adyto. Caeterum constat ex cap. Exo¬
150 658 1798 739 di 40. ab initio altare aureum (sicuti mox subijciam) collocatum stetisse in sancto
148 724 1800 794 ante uelum. Nec diuersum uidetur colligi posse ex 1. cap. Euangelij secundum
142 767 1797 832 Lucam. Porro arca foederis non apparebat ulli mortalium, nisi soli sacerdoti se¬
151 825 1790 912 mel in anno incensum inferenti oraculo. Nam recondebatur Velo primo, uecti¬
138 879 1804 964 bus, quibus ferebatur, nonnihil prominentibus in sancto, obscurius tamen, forte
145 932 1795 1020 impulsu ueli, in quo uectium extrema quasi ubera uel tubera exprimebant, quae
145 1002 1793 1073 quidem in ipso sancto propius stanti cernebantur, remotius non item. Nam 3¬
149 1043 1790 1118 Reg. . cap. ita legis, Fecerunt quoque ut prominerent uectes, ita ut uiderentur ca¬
139 1109 1789 1191 pita uectium de sancto ante adytum, foris autem non uidebantur. Sanctum pate
151 1165 1797 1246 bat quotidie sacerdotibus per uices sacra facientibus, seu ministrantibus. In ipso
149 1222 1791 1297 posita erat ante uelum Mensa aurea panibus propositonis instructa, in parte in¬
139 1286 1793 1352 quam australi: ex opposito autem in latere meridionali conspiciebatur Candela¬
146 1323 1789 1401 brum aureum. Caeterum in medio intra utraque illa ante uelum & arcam stabat Al
137 1389 1797 1458 tare aureum thymiamatis appellatum, quod sacris consecratum esset suffimentis
146 1443 1796 1523 adolendis. In Atrio autem non ita procul a uelo secundo sancti apparebat Ara ho
140 1492 1796 1579 locaustorum, ac inter aram & uelum collocatum erat solium siue labrum, e quo
145 1548 1797 1631 se abluebant sacerdotes, rem facturi sacram. Ad aram omni ex parte prospectare
145 1614 1791 1680 poterat populus, qui contemplandorum sacrorum gratia aduenerat. Huiusmodi
145 1671 1788 1751 uero fuit locus sacrorum ipsum populi lzraelitici templum. De quo copiosiora
140 1718 1263 1791 & pleniora leget, qui uolet, Exodi 26. 27. 36. 38. 40. &c
241 1771 1802 1840 Quae autem hactenus protulimus de Tabernaculi structura, usum splendidum
140 1830 1800 1895 & significationem minime obscuram habent. Vtile fuit in primis ad unitatem fi-
146 1890 1786 1965 dei catholices tum alendam tum retinendam. Vno enim hoc tabernaculo ceu uin
145 1945 1786 2015 culo firmissimo, primum deo & eius cultui, deinde ipsi inter sese, ueluti in unum
140 2005 1778 2079 corpus lsraelitae constringebantur. Nam ad hoc tabernaculum totus populus col
146 2054 1787 2128 ligebatur tanquam ad unam parochiam, sub unius dei cultum. Cumque degerent
141 2112 1772 2184 in tabernaculis filij lzraelis, uoluit etiam sibi dominus extrui tabernaculum, & hoc
146 2170 1777 2242 in medio ipsorum collocari, ut uel ita testaretur se in medio ipsorum habitaturum,.
149 2221 1780 2300 Tabernaculum ergo ueluti palatium dei ac regis supremi in medio populi stabat,
142 2281 1777 2358 praesentiae diuinae testimonium, & ut omnibus timorem reuerentiamque incuteret
142 2342 1771 2414 praesentia numinis. Homines in tabernacula seu domos nostras recondimus res
128 2396 1770 2466 nostras, ac domi nostrae quaeri uolumus, Reposuit ergo dominus in tabernaculo
133 2445 1776 2511 res sacras ueluti thesaurum suum, ac se in tabernaculo requiri uoluit, promittens
137 2501 1774 2576 ibi se exauditurum preces & uota fidelium supplicum, Praeterea reconduntur in
143 2557 1770 2641 his mysteria Ecclesiae & Christi. Paulus enim appellat nos templum dei & corpo
139 2614 1784 2683 ra nostra tabernacula. In nobis enim uult habitare dominus. Tabulae tabernaculi
133 2666 1772 2743 sunt ueluti tigna, trabes & columnae aedis sacrae. Habet & ecclesia columnas, docto
133 2732 1774 2799 res & uiros alios heroico uel principali spiritu praeditos: ac singuli quidem fide¬
128 2781 1765 2859 les tabulae sunt deauratae, si custodiant fidei synceritatem, maneantque in fidei uni¬
140 2843 1769 2919 tate. Vectibus coniungebantur tabulae: doctrina enim solida in officio & concor
134 2901 1767 2975 dia retinere oportet fideles. Cortinae quamuis multae essent, coniungebantur ta¬
127 2960 1775 3051 men aureis fibulis ceu in unam texturam : ergo & diuersa ecclesiae membra per
