2288 3632
469 286 2128 391 ponuntur ut luceant omnibus in domo uersantibus. Et Christus dominus datus
474 372 2134 428 est mundo lux, ut qui eum sequutus fuerit, indipiscatur lumen uitae. llluminat ec¬
472 408 2137 482 clesiam Christus. Ex Christo cannae & luminaria prodeunt, quae ex ipso lumem ha
468 464 2123 545 bent. Dominus ad apostolos dixit, Vos estis lux mundi. Stipes ergo candelabri
484 519 2118 600 Christus est: ex stipite prodeunt cannae in suprema parte habentes lumina. Quic¬
474 572 2125 652 quid enim luminis est in ministris ecclesiae, id totum est ex fonte luminis Christo.
476 642 2137 714 Porro aurea sunt candelabri omnia. Christus enim deus lux & sapientia patris
475 686 2128 771 est: ministros quoque Christi decet esse synceros & repurgatos ab affectibus car.
474 752 1482 820 nis: quo & mysterium pertinet emunctoriorum.
553 798 2134 886 ln medio inter mensam & candelabrum stabat ante uelum in sancto aurea ara,
478 855 2131 936 quae thymiamatis appellatur, uel incensi, ac diligenter describitur Exodi 30. cap.
500 922 2129 989 Vsus arae huius erat duplex. Principio enim quotidie offerebatur in ipsa incen¬
479 975 2138 1055 sum siue suffimentum: quod nephas erat ulli creaturae aut deo apparare uel offer¬
479 1044 2136 1111 re. Id fiebat bis in die, mane & uesperi. In hoc ministerio dum esset acharias pa¬
472 1079 2125 1152 ter diui Baptistae, uiso angelo, propter incredulitatem obmutuit ad certum tempus,
474 1149 2131 1220 Deinde semel in anno offerebatur singulari quodam modo incensum, nempe in
475 1210 2125 1267 festo Expiationis, sicuti describitur Leuit. 16. cap. Per incensum uero thymiama
483 1264 2135 1329 uel suffimentum intelligendae sunt sanctorum preces, teste Dauide, dicente, Di-
475 1304 2128 1387 rigatur oratio mea tanquam incensum, in conspectu tuo, eleuatio manuum mea¬
478 1371 2130 1434 rum sacrificium uespertinum. Erat autem altare illud unicum plane. Si quis plura
476 1417 2131 1492 construxisset, extremae fuisset damnatus impietatis. Per aram illam unicam figu¬
475 1492 2133 1547 ratur Christus dominus deus & homo, mediator & intercessor inter deum & ho¬
486 1524 2131 1599 minem, per quem sancti omnes uniuersas suas preces domino deo patri ofserunt.
481 1584 2128 1659 Proinde plures sibi extruunt aras qui sibi deligunt creaturas pro intercessoribus,
483 1651 2129 1724 per quorum interuentum aliquid a deo patre impetrent. Diserte profecto dicitur
487 1705 2137 1772 in fine 30. cap. Quicunque tale sibi fecerit incensum ut id olfaciat, peribit anima
481 1750 2126 1829 eius. Per Christum ergo solum omnes preces suas deo patri offert fidelis dei ecclesia.
487 1808 2132 1876 Ara illa nostra aurea corona est redimita. Nam Christus dominus noster uerus est
487 1860 2126 1936 rex & pontifex. Orandum aunt est mane & uesperi, id est perpetuo & iugiter. Oran¬
487 1933 2127 1995 dum semper per Christum. Quid quod unus est Christus, per quem deo placue¬
475 1982 2125 2048 runt preces & eorum qui mane, ab initio inquam mundi, & qui uesperi, id est in
481 2036 2137 2109 fine mundi deo supplicant. Grauissime ergo peccarunt contra dominum, qui in¬
488 2081 2133 2160 censa obtulerunt passim in excelsis. Nam ut deo inobedientes imo rebelles appa
476 2153 2120 2213 ruerunt, denique suas inuentiones dei legibus praetulerunt, adeoque dei leges negie
483 2199 2123 2273 xerunt, ita mysterium unici intercessoris Christi spreuerunt, dum ab unica illa
482 2260 815 2332 ara recesserunt,
556 2318 2132 2383 ln Atrio altera stabat Ara, quae dicebatur aenea & holocaustorum: quae depin
483 2375 2133 2442 gitur graphice Exodi 27. cap. quae & ipsa unica & sola erat. Non enim licebat ali¬
484 2436 2122 2496 bi, nisi per singularem quandam dispensationem, quam in loco sancto ad hanc
484 2490 2134 2555 aram sacrificare cuiquam religioso. Proinde cum Rubenitae una cum suis socijs
478 2548 2126 2602 extruxissent aram in ripa lordanis, idque delatum esset fama ad alias tribus lsrae¬
477 2586 2121 2669 lis, decernunt hae publico bello id sceleris esse persequendum. Vnde rursus aesti¬
478 2645 2130 2718 mare licet peccatum eorum qui offerebant, hac praeterita ara, in excelsis. De quo
488 2703 2126 2767 supra quoque dictum est. Altare uero nostrum unicum illud & catholicum Chri-
475 2767 2125 2825 stus est: qui seipsum obtulit hostiam uiuentem deo. Nec est ullum in toto mundo
475 2815 2127 2881 sacrificium, quod peccata expiet nisi hoc unicum. Nec placent deo patri fidelium
488 2878 2118 2938 sacrificia, nisi in ara Christo oblata per fidem. Sanctificat enim nos Christus, san¬
475 2924 2134 3008 ctificati per ipsum offerimus deo gratam hostiam. Haec sumpta sunt ex apostoli
