2288 3632
106 313 1564 381 doctrina ad Hebraeos decimotertio, & ad Romanos duodecimo capite.
208 378 1768 442 Vltimum uero inter uasa sacra solium siue labrum aeneum erat, collocatum
99 432 1764 507 inter uelum sancti & aram holocaustorum in atrio. Describitur Exodi cap. 30. Co
103 489 1759 553 tinebat aquam qua se abluebant sacerdotes ministraturi coram domino. Signifi-
108 555 1765 617 cabatur & hoc Christus, qui est ablutio fidelium. Significabatur item non illotis
105 602 1763 663 manibus & pedibus sacra esse tractanda. Abluunt sese qui per spiritum sanctum
108 664 1756 728 purificantur, & per gratiam dei idonei efficiuntur ad obeunda sacra munia. Morti
105 715 1759 773 autem obnoxius est, qui non fuerit particeps gratiae uitalis. Comemorantur prae¬
115 770 1753 844 ter illa & alia instrumenta sabernaculi sacra: sed illa fere potissima sunt. Nolui
115 823 1759 886 uel singula operosius excutere, uel minutias persequi, ne molestiam adferrem cha¬
109 884 1763 946 ritati uestrae nimis prolixa tractatione. Porro leadem in templo fuerunt uasa siue
107 937 1750 997 instrumenta sacra quae reperiebantur in Tabernaculo, nisi quod in Templo Solo
104 997 1750 1061 monis maior apparatus & splendor in omnibus conspicitur : non alia de caussa
104 1048 1750 1110 haud dubie, quam quod mysteria Christi & ecclesiae subinde magis ac magis, illu
110 1104 1756 1164 strius inquam, sese proferrent. Christus uerus Solomon rex pacis & felicitatis, ipsa
113 1166 1755 1235 inquam aeterna felicitas, ecclesiam in hoc mundo excitauit, quae finibus mundi ter¬
106 1220 1756 1282 minatur. Dequo multis agunt prophetae, zacharias in primis, & clarissimus pro
102 1269 1216 1347 phetarum Nathan, 2. Sam. cap. 7. Haec de Loco sancto.
186 1335 1767 1401 Post Locum sacrum in sacris caeremonijs sacrum Tempus occurrit tractan¬
106 1391 1750 1461 dum. Vt enim religioni externae locus certus est datus, ita eidem tempus fixum
110 1438 1763 1510 est designatum. Et feriae quidem sacrae reseruntur ad actiones sacras. Actiones au
110 1506 1756 1580 tem aliae sunt manuariae & quasi prophanae, pro uictu & amictu necessarijsque ui¬
112 1561 1765 1628 tae parandis inuentae. Aliae sunt sacrae adeoque religioses, pro exercitio religionis ex
111 1607 1746 1674 ternae susceptae. Non insumendum est omne tempus labori manuum : nec rursus
100 1665 1746 1727 omne tempus externae religioni potest impendi. At actiones illae non sunt sine tem
99 1718 1753 1792 pore. Omnis enim actio tempore continetur. Proinde distinxit deus ipsum tem¬
106 1776 1746 1851 pus ad actiones, ita ut uoluerit alios quidem dies prophanos manuarijs artibus,
105 1833 1757 1899 alios autem sacros exercitio religionis externae inseruire. Non quod prophani dies,
106 1890 1750 1947 in quibus laboratur manibus, non sint sancti & dicati deo. Hic enim omne tempus
98 1943 1765 2007 & singulos sibi uendicat dies, quippe qui omni tempore coli postulat: sed quod se
102 2003 1759 2067 riae singulariter & magis quam dies prophani externo dei cultui sunt destinatae.
192 2055 1767 2111 Est ergo festus seu sanctus dies, qui ex institutione dei sacer est domino, susce
103 2103 1767 2180 ptus ad cultum dei externum religiose exercendum. Ideo sancti dies & legitimae
101 2167 1751 2233 feriae non sunt, quae non uni & soli deo Iehouah celebrantur : neque legitimae sunt,
107 2222 1749 2280 in quibus non exercetur legitimus dei gultus. Eas ob caussas non raro in prophe
101 2284 1747 2350 tis reijciuntur sabbata seu feriae populi lzraelitici: nimirum quod sine fide ac ille¬
98 2330 544 2404 gitime celebrarentur.
175 2382 1767 2461 Omnes autem dies festi commune habuerunt uocabulum, appellati sabbata,
98 2444 1767 2503 item festa, feriae, dies stati & sancti, panegyres & coetus. Omnibus commune erat
109 2502 1747 2574 festis, quod deo soli erant instituta, non creaturis, non uentri, aut Veneri. Com¬
97 2561 1753 2637 mune erat omnibus, quod in salutem utilitatem & recreationem hominum erant
107 2614 1746 2675 inuenta. Feriae enim non sunt onus, sed oneris leuamen. Sunt quidem utilia ope¬
98 2667 1742 2736 ra prophana, sed otium quoque necessarium est : sine quo labor non est durabilis,
106 2723 1744 2791 Vult ergo dominus concedere homini recreationem, adeoque iubet in diebus festis
109 2781 1757 2839 suos laetari, laetari autem in sanctitate & modestia, ut sit honesta recreatio, non pro¬
98 2841 1747 2906 brosa libido, Rursus otium per se bonum non est, sed respectu alterius bonum est,
112 2894 1754 2958 lubet deus cessare a laboribus, sed in hoc, ut interim aliud agant homines, ut de¬
104 2952 1754 3028 sinant laborare corpore, animo laborare incipiant, totique sacris inuigilare. Opus
