2288 3632
507 246 1965 331 De qua re alias. Sed redimus iam ad foedus cum Abrahamo reparatum.
613 314 2175 388 Diserte in hoc indicatur nobis qui coierint foedere, Deus inquam uiuus, eter.
516 382 2170 445 nus, omnipotens ac summus rerum conditor conseruator & moderator: ac Abra¬
513 433 2164 509 hamus cum uniuerso suo semine: id est cum omnibus cui. scunque gentis & natio
514 481 2167 551 nis sint fidelibus. Ita enim exponit apostolus semen Abrahae, praesertim cum Ga¬
514 544 2158 628 latis dicit, Si Christi estis, igitur seen Abrahae estis, & iuxta promisionem hae¬
515 603 658 669 redes.
583 635 2166 716 lam etiam tempus constituitur quo duret hoc foedus, adeoque nullum tempus
525 707 2159 779 definitur. Est enim aeternumiQuanquam enim multa accesserint in renouationi
510 762 2161 833 bus declarationibusque foederis, ceu accessoria, quae postea euanuerunt, praesertim
528 825 2158 887 Christo ueniente in carnem, in sub stantialibus tamen nihil inuenias mutatum,.
516 886 2160 946 Deus enim semper est deus sui populi: semper ab eo flagitat ac requirit fidelem obe
519 941 2075 1023 dientiam. Id quod in nouo testamento omnium significantissime perspicitur.
616 978 2154 1050 Capita enim siue conditiones huius foederis duo duntaxat ex praecipuis po
523 1045 2163 1114 nuntur. Prima exponit quid deus polliceatur, & quid nobis confoederatis uelit
522 1103 2150 1179 praestare, quid inquam ex pectemus adomino. Secunda continet officium hominis,
523 1165 2153 1235 quod deo debet confoederato & principi suo. Ergo quod deum attinet, Ego, inquit
523 1219 2171 1278 ero deus tuus, & Saddai, id est omnisuffcientia, quidem: tuus inquam deus & feminis
523 1265 2155 1340 tui post te. Sibi sifficiens est deus ad absolutissimam perfectionem & beatitudinem, neque
523 1330 2163 1392 indiget alieno subsidio, cum quod uspiam est, ex ipso sit etper ipsum subsistat. Solus
527 1384 2155 1454 sufficit homini deus, solus praestat quaecunque sunt in uotis hominum, & ad perfe¬
530 1433 2152 1503 ctam felicitatem pertinent. Vnde & quondam ab Ethnicis Saturnus ( fortassis
530 1485 2160 1558 ex occasione uocabuli Saddai) est nuncupatus, a saturando haud dubie. Solus e¬
525 1547 2151 1611 nim saturare potest, qui est satietas & perfectio. Quod autem feminis Abrabae fu¬
522 1602 2146 1681 turus sit omnisufficientia deus, demonstrat duplici argumento. Principio, Dabo
526 1656 2160 1727 semini tuo terram Chanaan. Qua promissione comprehendit omnia beneficia ter¬
523 1719 2151 1786 rena & corporalia, nempe facultates amplas, felicitatem, tranquillitatem, rerum
526 1768 2148 1830 abundantiam, sanitatem, gloriam, splendidas uictorias, & quaecunque ad conserua
516 1823 2154 1898 tionem beatitudinemque hominis temporalem pertinent. At quomodo haec praesti
518 1881 2150 1959 terit semini Abrahae, multis illustrat historia sacra: eo modo declaranis, deum ue¬
515 1947 2151 2006 rum seminis Abrahae fuisse ita ut promiserat deum. Deinde promituit semen in
523 1992 2161 2064 quo benedicendae sint omnes gentes terrae : nimirum promittit saluatiorem C hri-
510 2060 2148 2114 stum, quem & antea Adamo promiserat. Benedicere uero, est omni benedictione
516 2094 2155 2181 spirituali ditare: quo comprehendit omnia dona dei spiritualia, rem, ssionem pec¬
514 2155 2157 2226 catorum, innouationem uitae, & gloriam aeternam. Benedicere est & maledictio¬
520 2213 2154 2282 nem tollere: ita ut hoc idem polleat cum illo, quod dicebatur Adamo, Semen mu
516 2267 2146 2337 lieris calcabit caput serpentis. Veteris enim draconis caput nil aliud est, quam uis
517 2332 2146 2392 & regnum sathanae. Vis eius est maledictio peccatum & mors. Calcato ergo capi¬
510 2381 2154 2454 te, maledictio est sublata, & succedit benedictio. His inquam declarat se sore deum
510 2443 1014 2501 Abrahae & feminis eius.
591 2488 2151 2568 Secunda foederis inter deum & hominem initi conditio homini praescribit
513 2560 2143 2628 quid agat, & quomodo se gerat erga principem & confoederatum suum, nempe
510 2604 2140 2672 deum Ambula, inquit, coram me, & esto integer. Ambulant autem coram deo,
507 2672 2141 2731 qui omnem uitam suam, dicta & facta sua omnia instituunt ad uoluntatem dei¬
507 2717 2147 2783 Ea est, ut simus integri. Paratur illa integritas fide, spe et charitate: in quibus com
513 2775 2141 2852 prehenduntur omnia officia sanctorum dei confoederatorum. Docet ergo poste¬
511 2840 2143 2900 rior illa conditio foederis, quid agant foederati, que modo se gerant coram domino,
498 2888 2155 2968 nimirum habeant illum pro deo suo, adhaereant ei soli qui est omnisufficientia,.
