2288 3632
466 286 2125 363 aut superuacui condidit deus. Condidit autem praeputium. Si malum esset prae¬
470 353 2131 421 putium, non condidisset deus hominem praeputiatum. Per se ergo malum non
472 409 2134 479 est nec superuacuum praeputium: sed significationi potius seruit praeputij inci¬
480 461 2115 523 sio, nimirum ut intelligeremus ex natiuitate & natura nostra nos esse corruptos,
478 520 2128 588 nec purgari posse nisi gladio petrino. Certe hac de caussa data est circuncisio in
478 576 2119 646 hoc membro & non in alio. Subiiciemus mox et aliam ex Lactantio caussam, cur in
476 633 2121 701 membro genitali data sit, & non in alio mebro. Deinde significabat, imo & attesta
480 687 2132 755 batur circuncisio, Deum omnipotentem ex mera gratia & bonitate cohaerere indis
482 737 2119 799 solubili foederis nexu cum hominibus, quos uelit sanctificatos iustificare, omni-
478 800 2127 865 busque coelestibus donis locupletare per Christum. Ideo enim adhibebatur culter sa¬
484 853 2129 923 xeus siue petrinus. Christus enim seme illud benedictum est petra, ex qua unde pro
478 911 2127 970 fuunt purificantes, ac ipse nobis spiritu suo resecat quaecunque amicitiam inter nos
483 968 2129 1040 & deum mutuam impediunt: idem confert & auget spem & charitatem in side, ut deo
488 1038 2119 1092 coniungi & cohaerere possimus in aeternum, quae est uere beata & felix uita. Huc
483 1085 2131 1151 pertinent iam testimonia legis & apostolorum. In Deut. cap. 30. dicit Moses, Circun
484 1138 2125 1208 cidet dominus deus tuus cor tuum & cor seminis tui, ut diligas dominum deum tuum,
477 1190 2134 1256 Huius autem internae circuncisionis externa & uisibilis signum erat. Denique Paulus
482 1246 2138 1312 de Abrahamo loquens, dicit, Et accepit signum circuncisionis, signaculum iustitiae
484 1305 2125 1367 fidei, quae fuerat in praeputio, ut esset pater omnium credentium per preputium, ut im
474 1365 2129 1433 putaretur & illis iustitia. Et caetera. En circuncisio Ahrahae erat signaculum quod
481 1405 2132 1472 deus gratia sua iustificarat Abraham: quam iustificationem fide receperat, & recepe¬
474 1476 2135 1540 rat quidem antequam circuncideretur, in argumentum quod qui praeputiati credunt,
479 1524 2122 1598 iustificantur cum fideli Abraham: & rursus qui circunciduntur ludaei, sciant se per
481 1583 2120 1644 fidem iustificari a deo. Ideoque dabatur circuncisio in ipsum hominis corpus, ut in cor
496 1640 2127 1699 pore gereret foedus dei, admonereturque gratia per fidem se iustificari. Vnde illud
492 1689 2127 1766 quoque colligimus gratiam dei & iustificationem hominis pij, non fuisse alligatam signo.
483 1751 2134 1815 Alioqui enim Ahraham non fuisset iustificatus ante circuncisionem, sed in ipsa de
488 1815 2125 1875 mum circuncisione, Preterea non praecepisset dominus, qui uult homines saluos
481 1857 2120 1926 facere, octaua demum die circuncidere. Multi enim pueri ante diem octauam ex
475 1918 2128 1974 cedebant e uiuis, neque perueniebant ad circuncisionem, qui tamen non condemnaban
478 1974 2125 2040 tur. Quibus accedit quod Sara, Rebecca, Rahel, Iochabeth, et Maria soror Mosis,
484 2030 2119 2097 una cum innumeris alijs matronis & uirginibus sanctis non potuerant circuncidi,
468 2082 2132 2142 & tamen saluatae sunt per gratiam dei in fide uenturi Messiae. Ergo sacramento
487 2139 2128 2201 Circuncisionis gratia dei non fuit alligata: sed iceirco a sanctis ueteris ecclesie non
485 2193 2135 2254 spreta nec neglecta, sed usurpata in illum finem ad quem instituta erat, ut esset te
481 2248 2137 2328 stimonium & sigillum gratuitae iustificationis in Christo uenturo, qui circuncidit
473 2305 1483 2372 spiritualiter sine manibus per spiritum sanctum.
560 2354 2132 2424 Praeterea colligebat foris uisibiliter deus in unam ecclesiam qui circuncide¬
487 2417 2122 2492 bantur, ex quibus electos prius spiritus sui uinculo sibi copulauerat. Nam S. Pau¬
483 2476 2132 2547 lus hac de caussa appellauit populum unius religionis circuncisionem, ut claret
482 2528 2131 2599 in 15. cap. ad Romanos, & ad Philippenses 3. Ergo per circuncisionem separauit
481 2585 2122 2659 suum populum ab infideli populo. Vnde incircuncisi uel praeputiati uocabulum
478 2641 2119 2716 abijt in probrum maximum & conuitium intolerandum, perinde ut apud nos pro
480 2699 2126 2778 brum Canis. Incircuncisus enim uel preputiatus reputabatur pro impuro & pro
468 2766 1628 2830 phano homine, alieno prorsus a deo & a testamentis dei.
548 2796 2125 2883 Denique Circuncisio admonebat circuncisos per omnem uitam sui officij, nem
468 2868 2121 2935 peut cogitaret quisque apud se, quod nomen suum dedisset deo, ac sacramen¬
470 2923 2119 2998 tum dei portet in corpore suo. Hac enim de caussa & in circunsione indebantur
