2288 3632
494 279 2170 368 genitaque misericordia sicuti & patribus benefecerat. Eratque haec caeremonia non
500 346 1027 431 uulgare fidei exercitium.
582 383 2178 462 Praeterea exhibebantur in his quoque futura Christilsaluatoris mysteria. Nam
517 445 2168 523 praefigurabatur quis futurus Christus, quid mundo collaturus, quomodo eius fi-
499 503 2177 574 ant participes pij, & quomodo hi se gerant coram ipso. Etenim inter alia animalia
498 560 2170 639 multa, non aliud eligebatur huic sacramento magis idoneum quam agnus, non
498 614 2168 697 tam propter significationem simplicitatis & patientiae in Christo, quam quod uicti
510 673 2170 745 ma est. Paulus enim, Pascha nostrum, inquit, immolatus est Christus. Agnus quo
518 725 2161 812 que iuxta legem mane & uesperi immolabatur. Christus enim est agnus occisus
508 783 2171 863 ab origine mundi. De quo & Baptista testificans dixit, Ecce agnus dei, qui tollit
514 848 2169 919 peccatum mundi. Et quoniam nos omnes sicuti oues errauimus, quisque in uiam
500 895 2168 979 suam, descendit ad nos filius dei, & factus est ouis, nostrae scilicet substantiae atque
502 967 2174 1033 naturae. Sed hic noster integer est & purus, sine peccato & uitio : conceptus e spi¬
511 1010 2158 1087 ritu sancto, natus ex Maria uirgine. Masculus erat & anniculus: fortis nimirum,
512 1064 2178 1138 idem hodie & heri & idem usque in saecula, nimirum saluator uniuersi orbis. Sume
512 1128 2173 1193 batur ex agnis & hoedis. Christus enim prognatus est ex peccatoribus & iustis?
510 1177 2185 1248 sicuti commemorat Matthaeus in capite primo. Ac propter fusum sanguinem agni
516 1231 2167 1321 parcitur toti ecclesiae lsraelitarum. Nam sanguinem Christi oportuit fundi, ut pur
520 1294 2167 1377 garentur eius sanguine omnes fideles, iratusque pater proptereffusum cruorem par¬
516 1351 2173 1417 ceret toti ecclesiae. Idem aspergitur aspergillo hysopino, postibus & superliminari
520 1403 2167 1472 domus. Contempta quidem & humilis est herba hysopi: & stulta uidetur humi¬
517 1453 2179 1528 lisque & abiecta praedicatio euangelij: at per ipsam oportet nobis, qui sumus domus
522 1518 2167 1582 dei, aspergi siue praedicari sanguis Christi in remisionem peccatorum, Recipi¬
523 1567 2170 1638 mus autem agnum ad uitam, cum edimus, id est credimus Christum pro nobis esse
519 1621 2170 1706 passum. Nam fide editur Christus: id quod ipse fuse exponit Ioan. cap. 6. Agnus
528 1682 2177 1763 igni paratur non aqua: nec crudus, sed tostus comeditur. Non enim homo dunta
520 1739 2174 1804 xat, sed deus simul est uerus, uerum holocaustum. Potest is nos absoluere plene
517 1790 2164 1858 ut nostra additione nihil opus sit. Aquae & plane frigida sunt nostra additamen¬
518 1847 2180 1922 ta. lam & totus est edendus agnus, caput cum pedibus & intestinis. Nisi enim cre
516 1905 2176 1976 damus Christum & deum esse uerum, & hominem uerum, sapientiam quoque &
519 1956 2173 2028 iustitiam nostram, non totum edimus. Caput non edunt, qui Christum negant esse
526 2027 2173 2086 deum. Pedes non edunt, qui negant esse hominem. Intestina non edunt, qui non
523 2076 2166 2141 agnoscunt, quae intra Christum sunt & fidelibus communicantur dona, iustitia
526 2135 2167 2200 uidelicet, sapientia, sanctificatio, redemptio & uita. Ossa in agno nec confringe¬
528 2178 2169 2251 bantur nec proijciebantur canibus, sed cremabantur igni. Nam in Christo non est
529 2234 2164 2317 confractum os ullum. Id quod commemorat beatus Ioannes euangelicae historiae
520 2296 2167 2365 cap. 19. Latet in hoc praeterea mysterium. Licet enim pateretur filius dei, in eo quod
522 2347 2161 2428 pati potuit, in humanitate, in diuinitate tamen mansit impassibilis. Quae uero in
535 2405 2167 2473 Christo propter diuinitatis excellentiam non assequimur, merito ardenti prose¬
525 2477 2167 2537 quimur desiderio. Sed & Christus cibus est animae rationalis fidelisque, non canibus
525 2527 2167 2588 & impijs proiiciendus. Idem edendus est precipitanter, nec cunctandum. Nam pro
526 2572 2167 2639 tinus & citra procrastinationem & maximo cum desiderio manducandus est fi-
526 2638 2156 2702 de Christus. Simul autem praecipiuntur comedendae acidae herbae, cum panibus
517 2683 2160 2751 infermentatis. Nam fidelibus agenda est poenitentia uitae praeteritae malae, & stu¬
523 2742 2166 2809 dendum porro puritati uitae, Sequitur enim copiosius quomodo nos geramus er¬
513 2801 2154 2880 ga redemptorem nostrum. Stantes edebant agnum, renibus uel lumbis accincti¬
521 2859 2164 2929 calceati quoque, & baculos tenentes in manibus. Erat is habitus peregrinantium.¬
524 2911 2161 2988 lta ergo nos in praesenti saeculo geramus oportet, ut decet peregrinos, qui hunc
