2288 3632
85 284 1743 377 bantur ministri, quorum alter educebat hircum emissarium piacularemque, alter
93 361 1742 435 portabat extra castra iuuencum & hircum expiatorium. Imo diligentissime prae
88 416 1750 477 cipitur, ne quis hominum se coniungat summo pontifici, tabernaculum ingredien¬
86 465 1735 529 ti & propitiationem pro peccatis facienti. Nullus homo, ait dominus, sit in tento¬
89 527 1737 601 rio constitutionis, cum ille ingreditur ad expiandum in sanctuario, donec egre¬
97 576 1734 653 diatur. Nam Christo in peragendo salutis redemptionisque nostrae negotio, nemo
92 643 1742 711 coniungendus est. Solus enim saluator est, calcauit solus torcular, nemo alius pro
82 694 1729 767 nobis crucifixus est. Excluduntur ergo patriarchae, prophetae, apostoli & marti
94 750 1729 822 res, omnes denique creatures, ne his unquam quicquam salutis acceptae tribuamus,
93 796 1743 879 Solus Christus manet saluator & redemptor mundi. Creaturis aut operibus aut
97 861 1734 933 meritis nostris salutem tribuere, est cum summo pontifice creaturas in taberna¬
98 919 1739 987 culum admittere, & incurrere indignationem omnipotentis, id est anathema hor
85 978 1745 1055 rendum ueri & in aeternum uiuentis dei. Nam per summum sacerdotem praefigu
82 1035 1734 1096 ratur nobis saluator Christus, qui apostolo teste sacerdotium habet quod succes¬
83 1077 1741 1145 sione ad neminem transire potest. Aaron porro de suis accipiebat iuuencum ex-
98 1141 1733 1209 piatorium & arietem pro holocausto, a populo autem duos hircos. Proinde Chri-
85 1198 1745 1265 stus dominus noster uerus & unicus ecclesiae suae sacerdos, quod pro nobis obtu
86 1245 1732 1328 lit, a nobis accepit, substantiam carnis nostre. Additur interim Aaronen ( sub quo no
91 1309 1741 1376 mine quemlibet intelligimus summum populi dei sacerdotem) sacrificaturum in
80 1356 1736 1432 duisse uulgares siue communes sacerdotum uestes, sed tamen sanctas et candidas.
86 1408 1733 1496 Licet enim nostram assumpserit naturam dei filius, et nobis similis factus, quasique
88 1469 1735 1543 uulgari nobiscum ueste indutus sit, immunis tamen est ab omni corruptione &
95 1527 1726 1597 macula peccati. Principio autem pro se & pro domo sua mactabat Aaron iuuen
89 1586 1738 1650 cum. Qua re declarabat se non esse uerum illum pontificem summum, sed eius mo
98 1634 1731 1704 do typum. Paulus enim, Nostro pontifici, inquit non est necesse, quemadmodum
87 1691 1735 1769 illis pontificibus, prius pro proprijs peccatis uictimas offerre, deinde pro pecca¬
81 1759 1739 1820 tis populi. Nam id fecit semel cum semetipsum obtulit. Postea sortiebatur Aaron
85 1812 1729 1871 ad ostium tentorij inter duos hircos, uter mactaretur uel dimitteretur in deser¬
92 1868 1725 1932 tum. Hirci duo significant Christum dominum, uerum deum & hominem in di
91 1915 1741 1985 uersis, sed non separatis, consistentem naturis. Mactatur & moritur secundum id
88 1981 1735 2048 quod mori potuit : non mactatur nec moritur secundum diuinitatem. Vnus ta¬
89 2036 1736 2109 men & idem indiuisus Christus redemptor est mundi, & perficit redemptionem,
88 2083 1726 2159 Sic & uterque hircus mysterio adhibebatur. Et quoniam dominus temperat sortes,
82 2147 1733 2208 teste Solomone, non sine uoluntate patris sacrificatus est filius. Iam uero pontifex
93 2202 1732 2269 primum quidem iuuenci sanguinem, deinde & hirci mactati cruorem, & cum
82 2258 1735 2321 his thuribulum accipiebat & intra uelum ingrediebatur, ubi thymiama coram
79 2314 1735 2381 propitiatorio excitabat nubis instar, sed & sanguinem aduersus propitiatorium
89 2375 1734 2438 digito aspergebat septies. Quae apostolus Paulus exponens in 9. cap. ad Heb. dicit
95 2416 1726 2485 Christum non cum iuuenci aut hirci, sed proprio cum sanguine, non in taberna¬
89 2478 1726 2556 culum manu factum, sed in ipsum coelum esse ingressum, reperta expiatione & re
81 2535 1728 2591 misione peccatorum perpetua. Ipse enim est propitiatio nostra, non pro pecca¬
92 2593 1725 2657 tis nostris tantum, sed etiam pro peccatis totius mundi. Huc spectarunt scilicet a¬
92 2644 1727 2710 postoli, quoties appellarunt Christum propitiationem, sicuti S. Paulus ad Roma
83 2706 1730 2767 nos 3. & S. Ioannes, 1. Ioan. cap. 2. & 4. Significat autem septenarius aspersionis
79 2763 1733 2830 numerus, purgationis plenitudinem & perfectionem. At necesse est interim ut
94 2808 1727 2872 aspergatur nobis digito, non hominis, sed Christi summi nostri pontificis. Cuius
92 2868 1725 2943 digitus est spiritus sanctus, per quem applicatur & confertur nobis purgatio. Ac
82 2925 1724 3012 cedit praeterea thymiama uel incensum aromaticum contusum. Cum Iachrymis
