2288 3632
511 311 2179 417 batur ad sacerdotem Eleazarum uacca rufa, eaque sine macula, & quae iugum nun
534 380 2169 483 quam subierat, ea protinus educebatur extra castra & mactabatur. Partem san¬
529 451 2170 535 guinis excipiebat sacerdos, ac digito suo septies aspergebat contra tentorium con
534 494 2167 578 stitutionis. Sed uaccam ipsam totam, ita ut nihil fieret ex ea reliqui, cobussit igne¬
536 549 2178 638 in quem etiam iniecit lignum cedrinum, hysopum & coccum. Hic se eluebat sa¬
537 606 2173 691 cerdos aqua, succedebat uir mundus, qui cinerem colligens, deposuit in locum san
542 668 2177 747 ctum. Ergo quoties usus postularet ponebantur cineres in uas testaceum, affun¬
535 719 2177 805 debatur aqua uiua, & ita parabatur aqua lustralis, quam pollutis aspergebant asper¬
544 772 2173 887 gillo hysopino. Haec erat lustrationis caeremonia, & hic finis & usus caeremoniae.
606 829 2178 919 Porro euidentissimum haec Christi typum nobis exhibere, testis est apostolus,
536 888 2188 975 qui ad Hebr. 9. cap. dixit, Si cinis iuuencae aspersus eos qui communicant sancti
531 955 2181 1027 ficat ad carnis puritatem, quanto magis sanguis Christi? Ergo & sacerdos & uac¬
530 996 2180 1101 ca typum praetulere Christi,. Sexus infirmitatem denotat naturae humanae : rufus
540 1063 2177 1138 color admonet sanguinis domini, per quem abluti sumus. Nulla uero macula re¬
546 1112 2181 1210 perta est in Christo: quippe qui erat sanctus sanctorum, immunis prorsus ab om-
539 1167 2180 1260 ni peccato. Nec ulla fuit adactus necessitate ad mortem. Nam sua sponte sese ob
541 1226 2183 1311 tulit. Et obtulit quidem extra castra siue moenia in monte Caluariae. Id quod & Pau
546 1282 2173 1364 lus attigit ad Hebr. cap. 13. Totus autem Christus deus et homo, corpore & anima
547 1340 2181 1418 oblatus est. Cuius sanguis fit nobis salutaris, si spiritu sancto aspergatur animis no
545 1390 2182 1474 stris. Simul autem & fideles cum Christo mori oportet, humiliari, ardere amore di-
541 1454 2178 1528 uino & extolli: ergo in eundem ignem inijciebantur cedrinum lignum, hysopus,
542 1502 2179 1600 & coccum. lam & Cineres ex sacrificio confecti colliguntur ad purificationem seu
536 1558 2179 1639 emundationem. Cineres autem aliud non sunt quam effectus mortis & sacrificij
541 1609 2189 1700 Christi, ipsa inquam purificatio siue peccatorum remissio. Ideo enim ex morientis
541 1668 2180 1749 & iam extincti Christi latere aperto, ebulliens effundebatur larga aqua & sangui
541 1726 2182 1808 nis copia, ut disceremus ex morte Christi emanare nobis purgationem & uitam.
531 1779 2185 1861 Nam in sanguine uita est, in aqua expurgatio. Caeterum cineres colligebat homo
537 1851 2192 1924 mundus, qui tamen immundus manebat ad uesperam usque. Aqua denique pollutis
533 1891 2176 1975 ad sanctificationem aspergebatur aspergillo hysopino. Quid quod in loco sancto
537 1947 2185 2049 haec erat collocata? Nam canibus & porcis margaritae & sanctum minime est obi
534 2000 2188 2084 ciendum, Requirit item dominus praedicatores, qui effectum passionis Christi do
540 2059 2179 2147 ceant, & euangelij (coram mundo) contempta humilique praedicatione redemptio
533 2120 2172 2201 nem & sanctificationem in morte & sanguine Christi annuncient: requirit, inquam
539 2173 2187 2256 doctores sanctos & fideles sanguineque Christi mundatos. llli interim cum tota ec
547 2232 2188 2327 clesia ad finem usque uitae orant, Remitte nobis debita nostra. Nam & dominus di
535 2281 2182 2366 xit. Qui lotus est, mundus est, nec opus habet, nisi ut pedes lauet. Huc pertinet &
537 2351 2182 2423 frequens in hac caeremonia ablutio, significans & gratia dei omnia peccata purga
539 2395 2185 2477 ri, & sanctos perpetuo inuigilare sancta cura contra peccata, eaque non alia quam
531 2452 2179 2549 gratiae Christi aqua abluere. Diligentissime autem in lege inculcatur, impuros
534 2504 2194 2596 manere omnes quotquot coinquinati hac aqua lustrali non repurgantur. Dixit
542 2561 2177 2650 enim dominus Petro, Nisi ego te lauero, non habebis partem mecum. Non om¬
544 2618 2172 2707 nia & singula huius caeremoniae, sed potissima sic uolui perstringere. Pergo ergo
545 2695 770 2761 iam ad alia.
614 2719 2179 2812 His piacularibus adiungi possunt Sacrificia, quibus corporeae contaminatio
554 2787 2180 2872 nes, peccatorum uarias coinquinationes praefigurantes, purificabantur uel expia
550 2843 2179 2928 bantur, quales erant pollutiones seminis, esus et tactus immundorum, item lepre,
543 2914 2172 2980 & puerperae. De quibus fuse agitur a Mose a 12. cap. Leuit, usque ad cap. 16. Neque
526 2954 2184 3059 aliud istis omnibus ecclesiae dei propositum est, quam nostra corruptio natiua
