2288 3632
501 309 2178 395 sacrificia erant quae ex pacto offerebantur: ueluti si quis fuisset in periculo, uouis,
513 377 2174 460 set autem deo sacrificium si liberetur: quod ergo liberatus offerebat deo, uotiuum
506 435 2164 503 erat sacrificium. Congruebant haec ritu cum Eucharisticis. Plura de illis tradun¬
501 498 2165 575 tur Leuitici cap. 7. Significabatur & his sacrificijs propter Christum omnia nobis
515 557 2161 619 coelitus concedi ac praestari beneficia, atque adeo ipsam quoque beneuolentiam ser¬
511 604 2169 676 uiendi deo. Haec hactenus de sacrificijs populi dei attuli, non singula tractans, sed
519 657 2167 743 potissima fere. Proponebatur istis ceu in actione uiua Christus dominus, & passio
511 706 2180 793 eius, passionisque meritum efficacissimum: ita ut possimus sacrificiorum sacras a¬
509 774 2173 845 ctiones appellare conciones de passione Christi & catecheses redemptionis no¬
511 831 831 907 strae in Christo.
603 868 2179 953 Quoniam uero dictum est de sacrificijs uotiuis, consequenter aliquid subiun
505 937 2182 1022 gendum erit in transcursu & de Votis, Pertinent enim & haec ad caeremonias lu¬
511 992 2182 1062 daicas. De Votis autem nuncupandis persoluendis ac redimendis multus est in
513 1060 2172 1122 lege dei sermo, praesertim Leuit. 27. cap. Est autem uouere, aliquid sancte deo pro
515 1107 2170 1178 salute uel propria uel alterius promittere. Erat itaque uotum actio quae tantum re¬
507 1172 2169 1234 ferebatur ad deum, nec in alia quam re sancta atque legitima. Fuit autem in Votis
517 1223 2171 1292 diuersitas. Nam res uotiuae fuerunt distinctae quatuor generibus. Vouebant enim
515 1271 2180 1348 aliquando ipsos homines, aliqueando animantia, aliqueando domos, aliquando au
519 1338 2171 1404 tem agros & alias res inanimes. Homines rursus distinguebantur per aetates, ac
504 1388 2177 1463 iuxta has permittebatur redemptio. In mundis animantibus nulla admittebatur
517 1442 2165 1509 redemptio. Porro liberum erat domos uel relinquere usibus sacris, uel pro aesti¬
512 1504 2173 1572 matione sacerdotis aequa redimere. In agris permittebatur aliquando redemptio,
506 1564 2168 1625 aliquando non permittebatur. Iam etiam in Num. cap. 30. diligenter praecipitur
511 1614 2167 1677 de personis uouentibus, & quando rata, quando irrita aestimari conueniat uota.
523 1666 2177 1730 Vbi diligenter inculcatur deo facta uota legitime, minime rescindenda, sed maxi
514 1722 2168 1785 me seruanda esse uel praestanda. Temeraria uel illegitima uota nunquam appro¬
518 1772 2175 1844 bauit aut recepit dominus. De legitimis & uni deo nuncupatis loquens uates di-
516 1826 2179 1905 uinus dixit, Vouete & reddite. Non legimus quenquam sanctorum ulla diuis uel
522 1897 2168 1958 ulli creaturae uota nuncupasse, nec illud uouisse quod non erat in potestate uouen
512 1937 2173 2016 tis, aut pugnabat cum uoluntate dei, cui nuncupabatur uotum, aut coniunctum
521 2004 2171 2065 esset cum iniuria proximi, aut non haberet luculentam aliquam utilitatem. Et cer
511 2065 2167 2131 te non alia de caussa populo lzraelis permissa sunt uota huiusmodi ad tempus
516 2102 2174 2176 usque correctionis, quam ut in cultu unius ueri dei persisterent, & ne unquam ulli
516 2168 1083 2249 deo uota sua nuncuparent.
588 2224 2170 2286 Ad Votorum considerationem pertinet institutio uel disciplina Nazaraeorum,
510 2274 2161 2345 De qua dicuntur multa Num. cap. 6. Nazaraei erant, qui ut liberius uacarent re¬
510 2339 2166 2403 bus diuinis, uel quod hactenus uixissent paulo indulgentius, iam ut caeteris essent
507 2384 2164 2451 exemplum uirtutis, sua sponte suoque arbitrio seuerius uiuendi genus, disciplinae
513 2442 2157 2517 loco, in se suscipiebant. Vnde sunt qui existiment Nazaraeos dictos a separatione,
507 2509 2163 2579 quod Nazir Hebraeis significet separationem, & Nazaraei a communi aliorum ho¬
514 2553 2166 2623 minum uiuendi ratione se subducentes, peculiari cuidam uiuendi generi propter
502 2616 2173 2674 deum se dediderunt. Durauit ea disciplina in Nazaraeis aliquando per totam ui¬
505 2668 2175 2737 tam, ut in Samsone & Samuele. Sed & studiosi diuinarum literarum a prophetis
499 2718 2164 2788 Amoz & Ieremia propter temperantissimam (quae a studiosis requiritur) uitam,.
507 2787 2157 2848 & quod diuino mancipati essent ministerio, Nazaraei appellati sunt. Aliquando
507 2845 2155 2915 per certum tempus durauit disciplina illa, ad menses uel dies aliquot. Abstinebant
507 2899 2161 2958 autem iuxta legem a quibusdam, a quibus nulla lege alioqui arcebantur, nec in
502 2939 2167 3016 alijs hominibus uoto solutis aut liberis erant illicita aut damnata. Principio absti¬
