2288 3632
157 356 1810 434 ciendum fugiendumque malum non raro uim requirit. Adhibuit ergo hominibus
166 422 1809 486 sanctam uim sanctus dominus per leges hasce iudiciales. Moralibus format mo¬
160 489 1812 557 res, & docet quid faciamus, quid fugiamus. Caeremonialibus iuuat moralia, & my
162 537 1820 608 steria regni dei sub typis & imaginibus proponit oculis animi & corporis contem
163 593 1811 660 planda. ludicialibus uero & perpellit nos ad legum custodiam & integritatem le¬
160 648 1807 717 gum conseruat. Omnia uero & singula haec huc unice spectant ut seruetur homo,
169 702 1810 778 ut deum recte colat & uiuat secundum uoluntatem dei. Haec hactenus disserui,
163 759 1814 819 deo iuuante, de Lege dei. Laudemus iam dei bonitatem, qui nulla re necessaria
161 813 1810 882 populum suum destituit, sed & nos hodie istis omnibus erudit ad gloriam nomi¬
152 879 1000 944 nis sui & animarum nostrarum salutem,
294 983 1675 1056 De osu uel effectu legis diuinae, de impletione & abrogatione eiusdem : de simlitudine &
461 1033 1507 1109 differentia uriusque cum Veteris tum Noui testamenti & populi¬
731 1098 1249 1180 SERMO VIII
358 1211 1812 1289 VAN QVAM uero Legem dei cum suis partibus qua potui diligen¬
357 1270 1801 1336 tia, & copiosis Sermonibus hucusque enarrauerim, nondum tamen om-
341 1317 1809 1397 nia necessaria dixisse & colophonem addidisse uideor, nisi iam adiinciam
363 1377 1811 1454 disputationem de Vsu, effectu, impletione, & abrogatione Legis diui¬
163 1436 1808 1491 nae, licet alicubi in hisce nostris Sermonibus idem argumenti attigerim. Ex ea ue¬
158 1493 1804 1559 ro dissertatione uel expositone intelliget C. V. unicum esse testamentum ueteris
166 1547 1811 1609 & nouae ecclesiae dei, & unicam esse rationem salutis uerae, omnium quicunque sal¬
158 1604 1820 1672 uati sunt, & saluantur in hoc saeculo: intelliget quid nouum testamentum differat
160 1658 1811 1732 a ueteri. Ac necessaria quidem & ualde utilis erit haec tractatio, cum ad intelligen
151 1711 1804 1783 da multa in scripturis sanctis loca, tum ad perspicuitatem quoque & saluberrimum
158 1770 1811 1842 usum eorum quae hucusque disputata sunt a nobis de Lege. Dominus author &
159 1828 1810 1889 mens perfectioque Legis concedat nobis ea loqui, quae illustrant gloriam nominis
160 1877 1097 1939 eius, & iuuant animarum nostrarum salutem,
235 1924 1821 2005 Est autem uarius & multiplex Vsus diuinae legis, sed patitur interim se astrin
151 1993 1796 2060 gi ad numerum ternarium: dicimus ergo usum legis diuinae esse triplicem. Prin¬
165 2053 1804 2115 cipio enim praecipuum & proprium legis officium est, conuincere omnes homi-
150 2115 1795 2172 nes peccato obnoxios, ac sua culpa propria filios esse mortis. Exponit enim nobis
151 2162 1807 2226 lex dei uoluntatem dei sanctissimam, exponendoque requirit a nobis iustitiam per
159 2214 1798 2288 fectissimam. Nam lex ea de caussa appellari solet testimonium diuines uoluntatis,
156 2274 1811 2330 & perfectissimum exemplar diuinae puritatis. Et huc quidem pertinet quod in
156 2334 1808 2393 euangelio recolligens dominus summam mandatorum dei dicit, Primum om-
150 2385 1795 2441 nium praeceptorum est, Audi lsrael, dominus deus uester, deus unus est: & diliges
150 2446 1785 2497 dominum deum tuum ex toto corde tuo, ex tota anima tua, & ex tota mente tua
163 2495 1796 2565 & ex totis uiribus tuis. Hoc est primum praeceptum. Et secundum simile hoc est,
160 2551 1808 2628 Diliges proximum tuum ut teipsum. Maius his aliud praeceptum non est. Ergo
155 2606 1810 2679 huc quoque pertinet illud apostoli Pauli, Finis praecepti est charitas, ex puro corde,
157 2662 1802 2728 & conscientia bona, & fide non simulata. Cum autem perfectissimam iustitiam ac
158 2720 1809 2784 dilectionem, adeoque cor purum requirit a nobis lex, certe omnes homines condem¬
150 2781 1798 2843 nat peccati, iniustitiae & mortis. Nam lege dei etiam hoc diserte pronunciatur,
159 2830 1820 2893 Maledictus omnis qui non manserit in omnibus quae scripta sunt in libro legis ut
158 2885 1820 2958 faciat ea. At quotus quisque nostrum facit omnia legis? Quis oro hominum habuit
155 2942 1800 3004 uel habet etiam hodie cor mundum? Quis hominum ex toto corde, ex tota ani¬
164 3003 1799 3087 ma & mente semper dilexit aut diligit etiam nunc deum? Quis hominum nihil
