2288 3632
468 377 2134 443 unquam mali concupiuit: aut quis non concupiscit quotidie : lmperfectio ergo
465 427 2128 495 & peccatum lege uel indicio legis deprehenditur in homine, ut non dicam hic
468 482 2128 551 aliud grauius. Quid hic dicemus? Vbi oro apparet in homine diuina & perfectis¬
465 536 2138 603 sima illa, quam lex requirit, iustitia: lob clamat, Vere scio quod non iustificabitur
466 595 2132 662 homo compositus deo. Vel, Quomodo iustus inuenietur homo si conferatur cum
468 653 2126 728 deo? Si uoluerit contendere cum eo, non poterit ei respondere unum pro mille
464 707 2134 772 ltem, Si quippiam iustum habuero, non respondebo, sed meum iudicem depreca
466 758 2137 827 bor, &c. Succinit huic Ioannes apostolus, & ait, Si dixerimus, Peccatum non ha¬
468 823 2130 891 bemus, nosipsos fallimus, & ueritas in nobis non est. Item, Si dixerimus, Non pec
466 877 2128 945 cauimus, mendacem facimus eum, & sermo eius non est in nobis. Proinde hac ra¬
469 937 2128 1004 tione lex speculum quoddam est, in quo contemplamur nostram corruptionem,
468 989 2132 1053 imbecillitatem, impotentiam, imperfectionem, iudicium nostrum, id est, iustam no¬
478 1040 2135 1102 stram condemnationem. Nam apostolus diserte dicit, legem esse latam, ut palam
475 1098 2134 1172 faceret transgressiones, atque eo modo cogeret homines ad agnitionem suae imper
475 1152 2129 1216 fectionis suique reatus. Nemo enim nostrum sibijpsi in sinum & in proprij pectoris
475 1215 2131 1281 sui latebras inspicit, sed indulgemus nobis omnes, nec arbitramur res nostras ita
484 1279 2134 1337 corruptas esse, ut reuera sunt: lex ergo subit & excutit animi & pectoris nostri om
470 1323 2131 1389 nes latebras, & profert peccatum & omnem nostram corruptionem. Ante legem,
481 1383 2131 1441 inquit apostolus, etsi peccatum esset in mundo, non tamen imputabatur uel repu
472 1436 2141 1494 tabatur. Idem quoque, Lex iram operatur, ait, Nam ubi non est lex, ibi nec praeua¬
478 1493 2130 1559 ricatio. Et iterum, Per legem est agnitio peccati. Nam ad Rom. 7. idem apostolus
471 1552 2141 1620 plenius dicit, Peccatum non cognoui nisi per legem. Nam & concupiscentiam non
478 1616 2138 1674 nouissem, nisi lex dixisset, Non concupisces. Sed occasione accepta peccatum per
482 1664 2140 1732 praeceptum genuit in me omnem concupiscentiam. Siquidem absque lege peccatum
484 1723 2124 1783 erat mortuum: ego autem uiuebam sine lege quondam : ueniente autem manda
475 1770 2139 1834 to, peccatum reuixit: ego uero mortuus sum. Et repertum est mandatum quod in
475 1825 2140 1894 stitutum erat ad uitam, mihi cedere ad mortem. Et reliqua. Nam bona pars huius
482 1880 2145 1940 capitis huc pertinet. Est itaque hoc proprium Mosis officium, legisque usus & effectus
474 1935 1582 2007 primarius, ostendere homini morbum siue peccatum.
587 1993 2133 2061 Qui autem hic subsistunt, nec ullum praeterea legis usum & effectum osten¬
480 2047 2140 2122 dunt, & non progrediuntur ulterius, quasi Moses nihil aliud quam iugulet, &
481 2107 2129 2175 lex duntaxat occidat, non uno modo nec leuiter hallucinantur, Repetimus qui¬
485 2160 2133 2224 dem & dicimus proprijssimum legis opus esse peccatum proferre, item Mosis offi-
477 2218 2127 2282 cium praecipuum esse docere quid agas, & minis execrationibusque urgere, praeser
481 2275 2136 2332 tim uero in collatione, cum uidelicet fex confertur cum euangelio. Nam in 2. ad
484 2329 2130 2388 Corinth. cap. 3. Paulus legem appellat literam, mox & ministerium mortis, deinde
481 2383 2125 2452 doctrinam literis & atramento exaratam, rursus insculptam tabulis lapideis, & non
475 2443 2141 2511 perpetuam, sed caducam. Idem protinus & ex opposito euangelium uocat mini¬
479 2495 2138 2557 sterium & doctrinam spiritus, quae maneat, non intercidat, quae inscribatur cor-
478 2555 2130 2623 dibus, & uiuificet. Vnde sane libenter agnoscimus, legem proprie proferre mor-¬
466 2606 2121 2676 bum, sed euangelium adhibere medelam, desperatisque remedium. Caeterum cogi
469 2665 2139 2721 tandum est interim, sanctos patres nostros non tantum habuisse legem quae pec¬
472 2717 2133 2788 cati reuicerit, aut Mosen qui nihil aliud quam iugularit laniaritque, neque hunc illo
471 2776 2131 2848 spectasse ut uulneraret, sed ut mederetur etiam : non sua quidem uirtute, sed per
468 2835 2133 2905 manuductionem ad eum qui alligat contritos corde, & sanat omnes contritiones
475 2890 2127 2965 eorum. Is est Christus, qui etiam operatus est per ministerium Mosis. Neque enim
472 2945 2122 3011 putandum est ab initio mundi aut a Mose ad Christum usque literam duntaxat fu¬
470 2995 2134 3086 isse praedicatam, gratiam uero spiritumque dei otiosum in sanctorum animis nihil
