2288 3632
163 311 1819 405 ques secundum legem irrogatur transgressoribus. Abrogata est ergo lex, quia poe
158 376 1816 455 na sublata est credentibus. Nam lex iusto non est posita: Nam liberauit Christus
161 422 1811 521 fideles a supplicijs aeternis, dum innoxius afflictus est pro sceleratis. Deinde apo
161 481 1817 574 stolus. Affectus carnis, inquit inimicitia est aduersus deum. Nam legi dei non sub
158 540 1816 628 ditur, imo ne potest quidem. Hoc autem odium diuinae legis eximitur per fidem
157 592 1817 679 ex animis piorum, inseritur autem amor diuinae uoluntatis: ut etiam iuxta hanc
165 658 1820 743 rationem dicatur abrogata lex, quia legis odium est sublatum. Ideoque apostolus
154 711 1817 788 confert eos qui sub lege sunt seruis, liberatos a lege liberis siue filijs: quibus etiam
166 758 1809 842 tribuit spiritum, non seruitutis, sed adoptionis. Quoniam enim estis filij, ait, emi¬
163 813 1809 901 sit deus spiritum filij sui in corda nostra, clamantem. Abba, pater, &c. His accedit
164 875 1813 968 quod lex dei typos habet & umbras, & quod caeremoniae satis alioqui onerosae
161 924 1811 1018 sunt, sicuti & tota lex iugum nominatur. Venit autem in hunc mundum dei filius, et
152 987 1807 1072 implens figuras, ipsam nobis ueritatem praestitit, umbras illas pepulit: ut iam nemo
160 1051 1814 1119 possit nos iudicare propter neglectas aut omissas caeremonias uel figuras: & ea
156 1109 1811 1175 quidem ratione abrogata est rursus lex dei, hoc est genus illud regiminis, quod a
161 1150 1815 1235 Mose institutum est, ueniente Christo & docentibus apostolis disparuit. Hi enim ci
159 1215 1804 1299 tra Mosis oeconomiam ecclesiasticam, collegerunt ecclesias, nec genus illud regiminis
160 1273 1809 1348 ecclesiae tradiderunt. Constanter enim neglexerunt cum sacerdotio Aaronico, sa
157 1322 1807 1405 cramenta, sacrificia, delectus insuper dierum, uestium & ciborum a Mose institu
152 1377 1794 1467 tos. Pro his omnibus unum praedicarunt Christum, & paucula sacramenta, &c.
224 1432 1800 1520 Haec in genere & breuiter quidem dixi hactenus de abrogata lege, iam idem
154 1496 1785 1576 negotij paulo fusius per partes atque species explicabo. Lex dei tota diuiditur ir
147 1539 1797 1639 Moralem. Caeremonialem & Iudicialem. Moralis autem continetur decalogo, cu
152 1599 1794 1689 ius praeceptum primum docet nos unum & solum deum uenerari & colere, nul¬
148 1650 1795 1742 los ei alienos coniungere. Hoc autem dominus Iesus in euangelio ita inculcauit,
154 1710 1802 1801 ut uideamus nihil in hoc esse mutatum, Secundum prohibet idololatriam, id est,
151 1761 1796 1845 cultum & uenerationem imaginum, uel dei ipsius uel creaturarum. Atqui apostoli
149 1820 1801 1912 idololatriam modis omnibus in doctrina euangelica insectati sund. Clamat cum
145 1874 1786 1957 Paulo Ioannes, Fugite idololatriam. Cumque Christus & apostoli diligentissime do
149 1935 1795 2014 cent diuini nominis sanctificationem & glorificationem, profecto ratum uolunt
151 1989 1789 2079 mandatum prohibens prophanationem diuini nominis. Solum mandatum quar
140 2058 1800 2136 tum de sanctificando sabbato appellat S. Augustinus caeremoniale in uniuerso de
145 2105 1780 2190 calogo. Verum id non intelligendum est simpliciter. Quatenus enim tempus cer
146 2155 1789 2235 tum requirit exterior dei cultus & sacrificia legis externa habet, caeremoniale est
152 2214 1783 2303 praeceptum: quatenus uero cultum dei, coetum sacrum, preces, praedicatione &
146 2278 1779 2353 usum sacramentorum, denique spiritualia sacrificia tradit, perpetuum est. Id quod
146 2321 1773 2408 in expositione sabbati ostendimus. Quintum mandatum de honorandis parenti¬
139 2376 1789 2448 bus ipse dominus Matth. 15. cap. reparat. Sicuti & sextum contra caedes, & septi¬
146 2436 1786 2528 mum contra adulteria diligenter explicat Matth. cap. 5. Octauum contra furta pro¬
146 2497 1792 2567 mulgatum renouatur ab apostolo, iubente ne quis fraudet in negotio fratrem, ne
152 2553 1784 2641 quis furetur amplius, sed quisque laboret manibus, ut & ipse habeat necessaria, &
143 2606 1780 2689 alijs possit necessaria suppeditare. Nonum praeceptum de cohibenda lingua &
143 2659 1774 2753 non mentiendo, dicendoue falso testimonio, Christus & apostoli confirmant, quo
140 2715 1786 2810 ties linguam cohercent & ueritatem praecipiunt. lidem malas affectiones & cupi
144 2768 1779 2854 ditates damnant, ergo etiam legem prohibentem concupiscentiam reparant, non
137 2825 1789 2925 abrogant. Tota ergo decalogi abrogatio in illis, de quibus iam ante diximus, con¬
136 2875 1764 2968 sistit, quod scilicet Christus in fide est perfecta iustitia nostra, &c. Rursus apostolo
142 2942 1783 3042 testante, dicenteque, quod lex praestare non peterat, eo quod imbecillis esset per car
