2288 3632
463 317 2134 397 tuit, non peccat deus neque inconstantiae crimen incurrit, quando sic mutat quem¬
465 381 2126 454 admodum mutare decreuerat ab initio, Praeterea cum nihil perit rei quae per ri¬
462 440 2131 510 tum est significata, umbra tantum & quod temporarium est cadit & disparet, cer
475 511 2135 561 tissimum est ritum illum in substantia sua manere sempiternum. Viuit totus ho¬
475 546 2135 615 mo in sempiternum: sed quae tamen in ipso sunt temporalia seu corruptibilia, in¬
475 606 1447 683 tereunt in morte, & abolentur in clarificatione.
550 652 2128 735 Caeterum ut omnia sint luce clariora, perstringemus speciatim per partes cae¬
468 727 2130 787 remonias illustriores. Abrogatum esse sacerdotium Aaronicum in uniuersum,
464 783 2131 844 id maxime arguit quod apostolus ex Dauide prosert, lurauit dominus, & non poe
467 825 2134 898 nitebit eum, tu es sacerdos in aeternum, secundum ordinem Melchizedek. Chri-
465 884 2118 950 stus ergo unus & solus summus est sacerdos, & perpetuus quidem, immutabile,
474 952 2131 1010 & quod successione ad alium transire non potest, sacerdotium habens. lam enim
474 995 2125 1066 stans ad dexteram patris in coelo, in templo uero, cuius adumbratio fuit Taber¬
471 1049 2126 1121 naculum & templum Hierosolymitanum, intercedit pro nobis, omniaque sacerdo¬
472 1107 2138 1180 tis munia obit. De quo fusissime agit S. Christi apostolus Paulus, in epistola ad
473 1160 2134 1235 Hebraeos. Hic pontifex noster Christus consecrauit sibi in reges & sacerdotes om
461 1223 2120 1288 nes Christi fideles. Interim ministros ecclesiae quoque ordinat, qui doctrina & ex-
470 1274 2125 1345 emplo erudiant ecclesiam, qui sacramenta administrent, non uetera illa, sed quae
469 1345 2127 1398 in ueterum locum dominus substituit. Quid uero doceant, diserte ostendit. Ve¬
471 1398 2128 1455 stes illas mysticas & sacerdotales, nec apostolis commendauit nec suae reliquit ec
473 1441 2125 1510 clesiae, sed sustulit e medio cum alijs decretis interstitium maceriae appellatis. lu¬
467 1503 2119 1564 stitia & honestate uestiri uult pastores populi, cum apostolo Paulo ipse dominus:
466 1564 2125 1622 qui diserte ecclesiarum ministros remouit a dominio, & a negotijs saecularibus,
475 1610 2128 1675 ldem eis uectigalia constituit, sed non legalia illa, uerum maxime conuenientia
462 1676 1219 1743 statui & conditioni cuiusque ecclesiae.
551 1725 2122 1790 Locum cultus & religionis liberum fecit dominus, cum in euangelio Ioannis
465 1776 2123 1844 dixit, Veniet hora & nunc est, quando ueri adoratores, non in monte hoc, nec
463 1842 2126 1903 Hierosolymis, adorabunt patrem, sed spiritu & ueritate. Nam & pater tales quae¬
457 1895 2128 1960 rit qui adorent ipsum. Spiritus est deus, & eos qui adorant ipsum, spiritu & ueri¬
475 1958 2118 2017 tate oportet adorare. Dominum sequuius est in hoc dogmate apostolus qui dixit,
464 2009 2125 2068 Volo uiros orare in omni loco, sustollentes puras manus absque ira. Nec frustra, si-
470 2052 2116 2120 cut modo commemorauerimus, excindi funditus templum passus est dominus,
460 2109 2123 2189 qui moriens disciderat uelum templi. Interim tamen non damnantur Coetus ec¬
461 2174 2123 2236 clesiastici. De quibus dictum est cum exponerem mandatum, Sabbatum sanctifi-
459 2220 2116 2292 ces. Tabernaculum certe & Templum typum praetulere ecclesiae dei catholicae,
457 2279 2116 2344 extra quam nullae preces, nullaeque oblationes deo gratae sunt. At extenditur eccle
457 2345 2122 2405 sia ad fines usque orbis. Sed non ideo omnes sunt in ecclesia qui sunt in orbe terra¬
460 2386 2123 2455 rum: in ecclesia sunt, qui in societate sunt Christi per fidem catholicam, & in com
451 2454 2126 2513 munione sanctorum per doctrinae consensionem, per charitatem & sacramento¬
450 2510 2117 2568 rum (nisi magna prohibeat necessitas) participationem. In excelsis autem adolent
459 2565 2118 2626 & sacrificant, quicunque aliud sacrificium quam Christi, per alium preces suas deo
457 2610 2114 2682 quam per Christum, & alium in orando & sacrificando modum tenent, quem uer¬
458 2663 2119 2746 bo pastoris in ecclesia est traditum. lam uero ecclesiae dei nulla porro opus est Ar-
460 2735 2114 2794 ca, nulla Mensa, nullis propositonum panibus, nullo candelabro aureo, nulla ara
459 2794 2113 2848 uel thymiamatis uel holocaustorum, nullo labro aeneo : unus enim Christus haec
454 2839 2116 2910 omnia solus est catholicae ecclesiae, quae in Christo spiritualiter & efficaciter haec
448 2893 2123 2970 omnia habet, nec quicquam in alijs quaerere potest, adeo ut si quem uideat haec
448 2963 2115 3040 eadem aut alia huius generis reducere in ecclesiam, eum redarguat & execretur.
