2288 3632
156 326 1829 433 Quid enim uel umbris uel signis opus habet ecclesia, quae ipsa re, Christo uideli¬
159 395 1838 494 cet domino, fruitur per fidem: Praeterea satis signorum habet ecclesia, quae a Chri
153 455 1838 559 sto accepit duo signa sacramentalia, omnia complectentia, quae uetus ecclesia ha¬
162 502 787 583 buit in uarijs & multis signis,
241 563 1848 653 Porro Tempus sacrum liberum quoque fecit qui in euangelio dixit, Sabbatum
157 624 1832 719 propter hominem factum est, non homo propter sabbatum: itaque dominus est fi-
166 680 1825 781 lius hominis etiam sabbati. Et Paulus apostolus, Ne quis igitur uos iudicet, inquit,
165 734 1825 818 in cibo aut potu, aut in parte diei festi, aut nouilunij, aut sabbatorum, quae sunt um¬
157 782 1827 883 bra rerum futurarum, corpus autem Christi. De sabbato Christianorum dictum est
152 846 1821 945 in expositone praecepti quarti. Neomenias uero non celebrat ecclesia Christi, quae
150 913 1824 1003 per Christum docta, non tantum principia mensium, sed totum annum totiusquam
156 971 1817 1044 anni prouentum, solis, lunae & stellarum splendorem, deo tribuit creatori. Chri-
163 1009 1817 1108 stiani praeterea pascha suum celebrant, & spiritualiter magis quam corporaliter:
157 1065 1825 1166 ita & Pentecosten. Vt enim spiritum misit discipulis, ita eundem donat quotidie
153 1123 1819 1228 fide ibus, Sem per autem hi classicum canunt ad pugnam. Concupiscit enim caro
160 1179 1802 1279 aduersus spiritum, & impetitur homo pius a mundo & principe huius saeculi dia
156 1235 1808 1331 bolo lam uero Expiationis festum semel in cruce peractum durat perpetuo: nec
154 1297 1810 1379 amplius hircum peccati amandant sancti. Semel enim uenit, & oblatus est dominus
153 1360 1816 1431 noster. qui sustulit omnia peccata totius mundi. Denique cum pij quotidie mediten
156 1410 1814 1494 tur se hic nullum haber e locum manentem, sed futurum inqui, ere, non est quod
149 1460 1809 1555 semel in anno celebrent festum tabernaculorum. Ita non agnoscunt fideles uilum
152 1516 1817 1611 porro annum iubileum, Semel enim uenit Christus, & annum acceptum nobis an¬
147 1582 1808 1658 nunciauit, euangelium, quo praedicatur remissa esse nobis omnia peccata. Haec
147 1639 1806 1722 cnim ad hunc modum ipse declarat Christus dominus Lucae cap. 4 ex 61. cap. lsaiae.
139 1678 1799 1786 lta uero tempus sacrum & dies festi abrogati sunt per Christum in ecclesia: quae
138 1741 1189 1809 interim non destituitur ulla re sancta & necessaria.
225 1793 1803 1878 Sed quoniam hic annus, quo baec primum excuduntur typis, quinquagesimus
138 1840 1818 1947 est supra millesimum & quingentesimum, & secundum traditionem Romanam nun
138 1907 1817 1991 cupatur iubileus, ipsa me quasi necessitas adigit aliquid saltem per digressiuncu
142 1957 1790 2058 lam dicere de Romano iubileo, Romanum non Christianum ea de caussa uoco,
139 2021 1798 2113 quod modo ostendi, Christi ecclesiam post redemptionem Christi per euangelium an¬
140 2082 1797 2157 nunciatam, nullum alium annum iubileum agnoscere. In ueteri anno iubileo consi
136 2129 1798 2228 deratur luera & spiritus. luxta literam concedebatur seruis libertas, reddebaturque pa
140 2184 1802 2269 tria, quae uel mutata uel adempta fuerat iustis haeredibus, possessio. Is ritus ut citra
131 2238 1798 2338 rerum omnium conturbationem omnibus regnis hodie obtrudi non posset, ita oppres¬
127 2287 1783 2394 sos non admodum curant beatissimi patres, qui iubileum ut opibus suis plurimum ac¬
139 2354 1788 2447 cedat inuenerunt, & stulto mundo praedicant. Spiritus uero iubilei ueteris., Chri-
130 2404 1792 2499 stum & gratuitam eius remisionem omnium peccatorum fide percipiendam commen
128 2462 1793 2564 dat. Haec autem gratia non potest citra contumeliam Christi aliter praedicari quam
129 2518 1777 2612 annunciata est per euangelium. Iccirco caruit ecclesia anno iubileo annis a Christo
135 2579 1779 2669 mille trecentis. Postea demum emersit Bonifacius eius nominis 8 Roman Pont.
127 2635 1781 2723 cuius nomine & Sextus Decret, prodijt, qui primus impijssimum hoc institutum
128 2687 1777 2790 inuenit. Nam Platina in uita eius, lubileum hic retulit, inqu t anno 120o quo ple¬
121 2751 1778 2834 nam delictorum omnium remisionem his praestabat, qui limina apostolorum ui¬
136 2789 1771 2903 sitassent. Idem etiam centesimo quoque anno obseruari mandauit. Caruit ergo
127 2853 1785 2952 iubileo hoc ecclesia citra salutis iacturam annis 1300. Fossumus ergo & nos
116 2909 1790 3009 iilo citra detrimentum, imo magno cum emolumento nostro carere. Nam si isti
123 2961 1791 3079 perrexerint hunc obtrudere tanquam necessarium ad salutem, damnabunt uniuer¬
