2288 3632
98 311 1778 402 qui legi & operibus innituntur, nihil stabile & firmum in mentibus habent. Nam
99 384 1783 450 cum lex perfectissimam exigat iustitiam, & per illud occidat, quia talis in nobis
97 441 1779 516 non reperitur, labefactantur certe & subuertuntur mentes, quae docentur inniti
99 495 1781 578 operibus legis, quam nemo sic praestat ut decebat. Paulus ergo ad Romanos. Si ij
112 550 1775 627 qui ad legem pertinent, inquit, haeredes sunt, inanis facta est fides, & irrita facta
112 613 1781 690 est promissio. Nam lex iram operatur. Et mox. Iccirco ex fide datur haereditas, ut
99 650 1775 745 secundum gratiam, ut firma sit promissio uniuerso semini, &c. Subuertebant ergo
96 713 1767 799 pseudoapostoli animas, docentes lege parari salutem. Quod certe graue iudicium
100 763 914 830 est aduersus docentes cum illis similia/
177 823 1792 900 Deinde pari libertate ex opposito pronunciant, quid sentiant de Paulo & Bar
97 893 1791 971 naba, imo legatos illos suos ornant sanctissimo testimonio & elogio, quo plus au¬
103 933 1791 1004 thoritatis habeant apud omnes, & ut omnes intelligant pulcherrimum esse inter
97 996 1792 1077 ipsos doctrinae consensum, Vnanimiter congregati, inquiunt, mittimus ad uos le si
106 1061 1760 1125 gatos. En de pseudoapostolis testati sunt, quod ipsos non miserint, quod ipsis ni¬
102 1111 1767 1198 hil mandarint: hos autem mittunt, & unanimes cum mandatis mittunt. Sed qui
109 1168 1760 1252 nam sunt illi: Dilecti nostri Barnabas & Paulus, qui animas suas exposuerunt pro
109 1226 1770 1296 nomine Iesu Christi. Hi inquam sunt apostoli selectissimi & martyres constantissi
103 1285 1760 1353 mi, gloriosissimique, dilecti & fratres nostri, eiusdem nobiscum religionis & doctri-
102 1341 1763 1416 nae qui quales sint uita & doctrina, non semel uirtutibus aeditis, & periculis susce
109 1381 1766 1475 ptis intrepide, declarauerunt. Quoniam uero Barnabas & Paulus non exigua
102 1454 1767 1525 erant portio istius controuersiae & disceptationis, coniuncti sunt eis duo alij selecti
105 1500 1768 1568 uiri, ludas & Silas, in hoc ut uerbis referrent eadem, nimirum quae hactenus re¬
105 1563 1765 1641 censita sunt de partibus utrisque, & copiosius exponerent uerbis, quae iam subijcien
107 1605 577 1689 tur in decreto generali¬
175 1661 1783 1742 lam enim paucis uerbis ipsum decretum uniuersalis synodi comprehendunt,
103 1723 1783 1800 in quo exponendo primo loco authorem nominant decreti, dicentes, Visum est d
103 1777 1760 1868 spiritui sancto ac nobis. Spiritum sanctum praeponunt, se subijciunt, illum desig¬
103 1844 1766 1920 nantes authorem ueri, se uero instrumenta per quae ille operetur. Nam ille per ho
99 1903 1756 1970 mines operatur in ecclesia. Hominum uero authoritas sine instinctu spiritus san¬
96 1955 1757 2028 cti nulla est. Significantissime ergo dicunt, Visum est spiritui sancto & nobis. Id
99 2005 1760 2093 est, Posteaquam conuenimus nos in concilium, de negotio iustificationis & legis
102 2053 1755 2143 (in quo Paulus cum suis pugnauit aduersarijs) tractaturi, non nostrum sequuti
103 2091 1764 2201 sumus arbitrium, non nostras sententias protulimus, sed spiritus sancti doctrinam
106 2173 1750 2257 inquirentes audientesque, haec ex ipso iam proferimus, Secundo loco ipsius de¬
97 2221 1757 2312 creti summam collocant, dicentes, Ne quid amplius imponeremus uobis oneris,
94 2292 1749 2360 quam haec necessaria, uidelicet ut abstineatis ab his quae sunt immolata simula¬
96 2349 1763 2428 chris, & saaguine & suffocato, & scortatione. Proinde sufficit, inquiunt, ad salus
93 2395 1763 2468 tem consequendam doctrina euangelij, quam nobiscum hucusque praedicauit Pau
103 2449 1753 2531 lus. Nolumus post doctrinam euangelij, & post illa paucula tria capita, quicquam
100 2518 1759 2589 uobis oneris amplius imponere. Qua sententia nimirum respexerunt ad senten¬
98 2575 1750 2638 tiam S. Petri quam exprimere uoluerunt. Sic autem pronunciarat in Concilio S.
91 2615 1748 2707 Petrus, Vos scitis me uocatum coelitus, profectum esse ad Gentes, & his annun¬
99 2679 1756 2764 ciasse salutem per euangelium. Scitis Gentibus, nec circuncisis nec legem seruan
94 2726 1751 2811 tibus, dum fidem eis in Christum praedicarem, datum esse coelitus spiritum san¬
103 2791 1755 2855 ctum, adeoque Gentium corda, fide, non lege, fuisse ab ipso deo purificata, haere¬
103 2847 1749 2923 desque factos uitae aeternae. His iam infert, Nunc ergo quid tentatis deum, ut impo¬
103 2910 1742 2977 natur iugum super ceruices discipulorum, quod neque patres nostri, neque nos por
103 2964 1743 3052 tare potuimus? Sed per gratiam domini Iesu Christi credimus nos saluos futuros,
