2288 3632
507 344 2173 406 quemadmodum & illi. En iugum & onus appellauit S. Petrus legem : unde apo¬
509 399 2171 461 stoli dicentes se nolle quid amplius oneris imponere ecclesiae, significant legem pla
516 454 2178 512 ne esse abrogatam. Liberant ergo ecclesiam a legis onere: liberant praeterea ab om
514 513 2168 576 nibus oneribus legi similibus. Colligimus nos ex illis apostolorum uerbis. Caere¬
514 562 2174 630 monias illas onerosas multiplices & innumeras, quae accepit a Concilijs ecclesia
530 614 2184 682 post apostolorum tempora, iniuste & contra spiritum apostolicum & tunc impo
517 668 2183 737 sitas esse & hodie retineri atque defendi. Dixerunt enim disertis uerbis, Visum est
517 724 2177 806 spiritui sancto, & nobis, ne quid amplius imponeremus uobis oneris. Quod si ali¬
519 774 2182 864 quis obiiciat propter ruditatem populi caeremonias illas esse iniectas, ceu paedago¬
515 847 2179 920 giam, respondeo, Paedagogiam illam e medio esse sublatam, quam qui uult redu¬
520 907 2184 967 ctam, nil aliud cupit reductum quam ludaismum. Non ignorauit deus qualis fu¬
515 955 2188 1017 tura erat ecclesia collecta ex ludaeis & Gentibus, & tamen is e medio sustulit caere
512 1000 2185 1075 monias. Quis uero melius nouit quid expediat, uel non expediat ecclesiae, quam
518 1059 2183 1135 deus? Proinde non expedit, quod iste sustulit, rectissimeque pronunciarunt apostoli
520 1118 2189 1190 dicentes, Visum est spiritui sancto & nobis, ne quid amplius imponeremus uobis
524 1170 2156 1244 oneris. Pudeat ergo istos tantum imponere oneris ecclesiae humeris liberrimis,
605 1227 2174 1300 Verum iam subiungitur quod absoluat sententiam, Quam haec necessaria,
523 1302 2185 1355 uidelicet ut abstineatis ab idolothytis, &c, Respexerunt autem hisce uerbis ad sen¬
521 1349 2179 1422 tentiam S. Iacobi apostoli & fratris domini, hic enim confirmaturus & approbatu
510 1413 2179 1478 rus sententiam prolatam a S. Petro de iustificante fide, & non imponenda lege Gen
524 1463 2178 1523 tilibus, profert testimonium scripturae ex Amos, qui praedixit ludaeos excindendos
520 1509 2181 1579 fore propter peccata, & in locum eorum surrogandas gentes, quae uidelicet futurae
523 1574 2186 1641 sint uera dei ecclesia, quae per Tabernaculum Dauidis collapsum & reparatum signi¬
516 1627 2191 1694 ficabatur. Idem propheta praedixit rationem certam, & modum propter quem recipien
519 1685 2179 1747 dae sint Gentes in ecclesiam, non utique propter circuncisionem & per adminiculum
516 1734 2191 1800 legis, sed ex gratia per fidem. Dicit enim propheta, Requirent qui reliqui sunt ho
528 1794 2186 1857 mines dominum, & omnes gentes super quas inuocatum est nomen meum, dicit
517 1856 2183 1919 dominus qui facit haec omnia. Nota sunt a saeculo deo omnia haec opera sua. En re
516 1911 2180 1965 quirent dominum, & in eius consortium recipientur, super quos inuocatum est no
526 1963 2192 2025 men domini. Locutionis genus est, significans filios dei futuros qui sunt electi. Nam
511 2011 2176 2078 super eos inuocatur nomen domini, qui nominantur filij dei, & sunt electi dei. Ac
533 2067 2187 2142 uniuersa scriptura id fidei tribuit. Per fidem ergo efficimur membra ecclesiae & filij
515 2147 2184 2191 adeoque & haeredes dei. Si uero aliquis obmurmurare dei consilio pergat, & dicat,
528 2181 2178 2247 Quare ita agit deus: is cogitet hoc opus, dei esse opus, cui non liceat contradicere,
527 2244 2183 2309 & cuius opera nota sunt ab exordio mundi, quod omnia facta sunt in iudicio &
511 2305 2176 2359 iustitia: unde consequens est, iustum & bonum esse etiam hoc concilium, quo gentes
523 2344 2183 2415 sibi per fidem in Christum citra legis obseruationem coniungit & beatisicat. Ex his
520 2403 2179 2473 autem prophetae uerbis (subscribens S. Iacobus sententiae S. Petri) colligit atque in¬
526 2465 2182 2532 fert, Propter quod ego censeo non obturbandum esse illis, qui ex gentibus conuer¬
526 2519 2179 2587 tuntur ad deum: id est, censeo non addendam esse illis ex lege molestiam, neque ipsis ex
511 2575 2182 2641 hibendum negotium. Porro ne Gentes audientes sublatam esse legem, protinus pu
526 2632 2178 2697 tarent sibi licere quiduis, & sua illa libertate abuterentur, praeterea & ludaeos fra
524 2695 2182 2757 tres contra charitatem & contemnerent & scandalizarent, addit Iacobus, Sed scri
529 2748 2173 2814 bendum ad eos censeo ut abstineant ab inquinamentis simulachrorum. Erant enim
526 2801 2185 2865 illis temporibus conuersi ex gentibus, qui arbitrabantur licere ingredi templa ido
518 2857 2182 2928 lorum, & participare de sacrificijs idolo oblatis: eo quod idolum nihil sit, cum dun¬
528 2909 2176 2981 taxat unus sit deus uerus: unde et sacrificia illa nihil esse, nihil prodesse aut obesse,
517 2968 2176 3054 ideoque & licita esse Christianis colligebant. At beatus Iacobus, sicut &S. Paulus
