2288 3632
108 311 1789 379 1.Cor. 8.9. & 10. prorsus uult abstinere conuersos gentiles a cultura idolorum, hoc
115 358 1790 441 est, ab ipsis idolis, & ab ijs quae immolata fuerunt in templis idolorum dijs falsis &
127 414 1793 488 fictis. Adiungit etiam aliud, Caueant sibi a scortatione. Adulteria, stupra uirgis
121 478 1777 545 num & matronarum prohibuerunt quidem bonis legibus gentes, & supplicijs coer
114 534 1791 605 cuerunt uiolentos illos constupratores, sed leue & quasi nullum existimabant de
120 584 1786 648 lictum, si quis sua sponte prostituisset pudicitiam: aut si solutus cum soluta mutuum
118 642 1780 711 haberet commercium. Iacobus ergo apost. sicut & Paulus 1. Corinth. 6. & 1. Thess,
124 698 1782 765 4. seueriter requirit sanctum & purum corporis usum, alienum ab omni pollutio
119 762 1782 829 ne. Ac idem tertio loco prohiberi uult suffocatum & sanguinem. Caussam subiun¬
115 810 1779 879 git, Moses enim ab aetatibus antiquis in singulis ciuitatibus habet, qui ipsum prae
121 874 1794 942 dicent in synagogis, ubi per omne sabbatum legitur. De qua constitutione iam di-
114 920 1774 985 xilpriusquam digrederer. Quae cum ita habeant, apparet omnino illos iniquiores
115 980 1788 1053 esse Iacobo apostolo, qui putant illum haec praeter rationem & iniquius decreuis¬
117 1034 1787 1095 se aut proposuisse, esseque perniciosum fructum Concilij, & minime sanum, sed cum
127 1086 1775 1165 libertate Christiana pugnans consilium. Certum enim est illum aliud non uoluis
114 1144 1783 1209 se, quam apostolum Paulum, qui tamen optime & cum laude omnium dixit, Quae
127 1203 1777 1269 pacis sunt sectemur, & quae aedificationis, alius erga alium. Ne cibi caussa destruas
121 1258 1777 1336 opus dei. Omnia quidem pura, sed malum est homini qui per offendiculum uesci
116 1316 1780 1381 tur. Bonum est non edere carnes, neque bibere uinum, neque quicquam per quod fra
114 1370 1773 1445 ter tuus impingit aut offenditur aut infirmatur, &c. Rom. 14. Certum est & illud,
111 1422 1767 1482 S. Paulum acerrimum libertatis euangelicae propugnatorem, qui quondam Pe
128 1487 1783 1558 tro Antiochiae palam & in faciem restitit, plane non fuisse in S. Iacobo dissimula¬
115 1538 1771 1614 turum, si putasset hanc constitutionem libertati Christianae esse aut fore aduersam,
126 1588 1774 1665 Certe idem ille nec praedicasset neque commendasset hanc apostolorum traditionem
115 1650 1773 1714 ecclesijs, nisi credidisset eam omnibus esse salutarem. Praedicauit autem & com¬
112 1713 1777 1784 mendauit ecclesijs, ut extat Act. 16. cap. Ideo preter rationem propter suffocatum
124 1758 1376 1824 & sanguinem prohibitum male audit a nonnullis S. Iacobus.
187 1798 1775 1892 Postremo concludunt epistolam, & scribunt, A quibus si conseruaueritis uos¬
114 1872 1773 1948 ipsos, bene facietis. Valete. Laudant abstinentiam illam & praedicant tanquam o¬
119 1925 1776 2002 pus bonum, quia eadem illa commendatur nobis in tota scriptura. llla uero per di
127 1993 1775 2052 gressionem, non alienam opinor ab instituto nostro, attulimus hactenus super de
126 2040 1759 2109 creto apostolorum. Et haec quidem hucusque de Abrogatione legum caeremonialium
207 2091 1784 2154 Restat ut nonnihil dicamus etiam de iudicialium legum abrogatione. Hae ue
108 2150 1783 2225 ro hac ratione uidentur abrogatae, quod nulla respublica Christiana, nulla ciuitas,
112 2211 1784 2271 regnum nullum, cogitur alligatum esse & recipere illas leges, quae a Mose pro illa
110 2271 1763 2338 gente, pro loco & tempore, & rerum qualitate tunc quidem promulgatae sunt. Pro¬
121 2321 1766 2383 inde conceditur libertas utendi legibus, pro cuiuslibet loci, temporis & persona¬
121 2380 1756 2443 rum exigentia adaptatis. Ita tamen ut substantia legum diuinarum non calcetur,
116 2431 1768 2493 abiiciatur aut negligatur. Quae enim congruunt cum lege naturae & decalogo, &
122 2485 1759 2545 quae deus semper & apud omnes gentes punire iussit, ea minime sunt negligen¬
118 2545 1763 2609 da. Omnia autem ad illum uidentur destinanda esse finem, ut constet honestas pax
124 2591 1759 2666 & tranquillitas publica, ut ualeat iudicium & iustitia. De qua re cum copiosius dis¬
112 2651 1764 2725 seruerim in explanatione praecepti, Non occides, paucissimis hic ero contentus,
187 2699 1760 2774 D. Apostolus Paulus praecipit parere magistratui: approbat ius gladij, quod
112 2746 1756 2840 fatetur principes non frustra accepisse a deo. Ergo nec electionem magistratus,
113 2823 1757 2908 neque administrationem gladij, aut executionem iudicij & iustitiae, imo ne leges
110 2872 820 2943 quidem ciuiles aequas improbauit.
193 2929 1769 3019 Quod si quis conferat leges uel constitutiones principum, regum uel impera
