2288 3632
492 308 2158 395 torum uel magistratuum Christianorum ex ipso Codice, ex lib. Digestorum seu Pan¬
500 380 2158 464 dectarum, atque ex Nouellarum constitutionum opere, aut ex alijs uariarum Gen
505 451 2152 513 tium legum bonarum libris, cum hisce iudicialibus dei legibus, fateatur oportet
501 510 2142 564 magnam esse omnium istarum similitudinem atque conuenientiam. lustinianus lmp
499 563 2157 632 prohibet ne res deo consecratae alienentur ab ecclesia. De fide catholica syncere
512 604 2154 675 confitenda, & pure conseruanda, elegantissimam & sanctissimam legem tulere
513 663 2152 732 lmppp. Gratia. Valent, & Theod. Constantinus magnus Tauro P. P. precipit ut
507 717 2149 800 gentium templa claudat, reserantes autem & sacrificantes gladio sternat. Paupe¬
504 783 2153 845 ribus prospectum fuisse legibus etiam cura regum & principum, non unus tan¬
516 838 2163 904 tummodo locus in legibus Caes, ostendit. Certe Cod. lib. 5. tit. 2. plura eius rei argu
510 878 2158 955 menta inueneris. lam uero de honeste educandis liberis, & benigne alendis paren
510 948 2155 1009 tibus extant ethnicorum non damnabiles leges. De patria potestate multa sunt con
512 1009 2149 1069 scripta: ita de Coniugio, nempe de Incestis & inutilibus nuptijs non intolerandas
517 1057 2158 1126 leges promulgauerunt cum Arcadio & Honorio principes etiam multi alij: qui
511 1112 2152 1178 & de repudijs diuortioque scite praeceperunt. Quod si perrexero ex legibus princi
514 1166 2157 1249 pum Christianorum singulis capitibus in sermone de ludicialibus legibus anno¬
516 1219 2163 1295 tatis, singulas leges opponere uel coniungere, molestissimus fueroC.V. Nam ex
510 1283 2151 1348 tendet se sermo hic in immensum. Ergo satis nobis fuerit, his quasi notis & uesti¬
512 1337 2157 1409 gijs indicatis, diligentioribus uiam aperuisse aut ostendisse, qua perueniant ad a¬
517 1400 2154 1461 lia quoque quae nos hic non adduximus, tenereque in praesentiarum substantiam le¬
510 1444 2160 1524 gum iudicialium dei, non esse sublatam aut antiquatam, modum autem limitatio
511 1507 2158 1571 nemque in libertate & arbitrio optimorum principum esse constitutas, ut hi quod
519 1561 2168 1627 aequum & iustum est ordinent pro loci temporis & personarum exigentia, ita ut
516 1613 2163 1685 honestas & pax publica conseruetur in gente quauis, honoreturque deus pater per
519 1662 2157 1739 unigenitum filium benedictum in saecula. Videmus enim apostolos Christi nul¬
516 1735 2163 1794 li genti negotium fecisse, aut postulasse ut in rebus politicis Mosis leges recipiant.
511 1784 2161 1869 Hoc ipsum decet omnibus conseruare temporibus. Beatus Petrus simpliciter prae
516 1854 2157 1916 cipiens dicit, Subditi estote cuiuis humanae creaturae propter dominum, siue re¬
514 1890 2169 1969 gi, tanquam praecellenti, siue praesidibus ut qui per eum mittantur, ad uindictam
520 1953 2167 2027 quidem nocentium, laudem uero recte agentium. Idem tamen apostolus censet,
523 2013 2158 2074 deo magis obediendum esse quam hominibus, cum uidelicet homines, leges con
525 2056 2158 2127 tra religionem ueram aequum & iustum promulgant. De qua re dictum est cum
525 2112 2160 2179 exponeremus locum de magistratu. Tantum uero dixi de Abrogatione legum
517 2174 865 2264 dei iudicialium.
598 2232 2157 2296 Si uero ea quae hucusque protuli in medium de lege dei, de partibus legis, de
524 2282 2154 2350 usu seu effectu, de impletione & abrogatione eiusdem, diligenter quisque apud se
525 2333 2153 2405 expenderit, haud operosi fuerit operis constituere, quid sentiat de ultimo illo capi
523 2415 2164 2465 te, quo de ultimum me in principio huius sermonis dicturum pollicitus sum, o-
519 2454 2170 2524 stensurum uidelicet unicum esse testamentum ueteris & nouae ecclesiae dei, & uni
531 2500 2153 2574 cam esse rationem salutis uerae omnium quicunque saluati sunt & saluantur in hoc
527 2568 2155 2631 saeculo, & quid differat nouum testamentum a ueteri. Cum enim apertissime o¬
513 2613 2154 2687 stenderim, omnia legis in Christum respicere & hunc patribus propositum esse
525 2670 2164 2743 saluatorem, in quo solo saluati sint, quis non uideat eandem fuisse illis salutis ra¬
516 2728 2155 2798 tionem quae hodie nobis est. Quo tamen omnia sint euidentiora, non grauabor
502 2795 2161 2873 rem illam, licet abunde satis hucusque declaratam, nihilominus maxime uulgari
501 2841 1390 2927 t demonstratione omnium subijcere oculis,
601 2884 2158 2968 Idem certe populus, idem testamentum, eadem ecclesia, eademque salutis ratio
502 2965 2158 3040 illis est, apud quos eadem inuenitur doctrina, eadem fides, idem spiritus, eadem
