<?xml version="1.0" encoding="UTF-8" standalone="yes"?>
<PcGts xmlns="http://schema.primaresearch.org/PAGE/gts/pagecontent/2013-07-15" xmlns:xsi="http://www.w3.org/2001/XMLSchema-instance" xsi:schemaLocation="http://schema.primaresearch.org/PAGE/gts/pagecontent/2013-07-15 http://schema.primaresearch.org/PAGE/gts/pagecontent/2013-07-15/pagecontent.xsd">
    <Metadata>
        <Creator>prov=University of Rostock/Institute of Mathematics/CITlab|PLANET AI GmbH/Gundram Leifert/gundram.leifert@planet-ai.de:name=cod-a3V3DV-m3(htr_id=25165)::::v=2.6.6
prov=University of Rostock/Institute of Mathematics/CITlab|PLANET AI GmbH/Tobias Gruening/tobias.gruening@planet-ai.de:name=de.uros.citlab.module.baseline2polygon.B2PSeamMultiOriented:v=2.6.6
prov=University of Rostock/Institute of Mathematics/CITlab|PLANET AI GmbH/Tobias Gruening/tobias.gruening@planet-ai.de:name=/net_tf/LA73_249_0mod360.pb:de.uros.citlab.segmentation.CITlab_LA_ML:v=2.6.6
Transkribus</Creator>
        <Created>2019-12-04T11:29:18.518-05:00</Created>
        <LastChange>2020-07-05T14:23:49.095+02:00</LastChange>
        <TranskribusMetadata docId="284697" pageId="11501785" pageNr="316" tsid="33485782" status="IN_PROGRESS" userId="25065" imgUrl="https://files.transkribus.eu/Get?id=JFWEFKXNQXTTOZWINBKYUFRN&amp;fileType=view" xmlUrl="https://files.transkribus.eu/Get?id=GXAXRPSDANOIGMJCTVWQQMNL" imageId="7898274"/>
    </Metadata>
    <Page imageFilename="315.jpg" imageWidth="2288" imageHeight="3632">
        <ReadingOrder>
            <OrderedGroup id="ro_1596925385755" caption="Regions reading order">
                <RegionRefIndexed index="0" regionRef="r2"/>
            </OrderedGroup>
        </ReadingOrder>
        <TextRegion orientation="0.0" id="r2" custom="readingOrder {index:0;}">
            <Coords points="497,299 497,3093 2160,3093 2160,299"/>
            <TextLine id="r2l2" custom="readingOrder {index:0;}">
                <Coords points="493,426 2150,419 2149,341 492,364"/>
                <Baseline points="503,410 584,408 666,407 748,405 830,404 912,402 993,401 1075,400 1157,399 1239,398 1321,397 1402,396 1484,396 1566,395 1648,395 1730,395 1811,393 1893,393 1975,393 2057,393 2139,393"/>
                <TextEquiv>
                    <Unicode>eerdotes, adeoque regale sacerdotium, &amp; sacerdotale regnum.? Quod S. Petrus ac¬</Unicode>
                </TextEquiv>
            </TextLine>
            <TextLine id="r2l3" custom="readingOrder {index:1;}">
                <Coords points="491,473 2153,451 2004,401 491,426"/>
                <Baseline points="501,467 583,465 665,462 747,461 829,459 911,459 993,458 1075,456 1157,455 1239,453 1321,453 1403,452 1485,452 1567,450 1649,450 1731,450 1813,449 1895,449 1977,449 2059,449 2142,450"/>
                <TextEquiv>
                    <Unicode>comodauit &amp; Christi fidelibus. Nequit autem regnum &amp; sacerdotium tale sine un¬</Unicode>
                </TextEquiv>
            </TextLine>
            <TextLine id="r2l4" custom="readingOrder {index:2;}">
                <Coords points="494,531 2124,530 2142,458 493,480"/>
                <Baseline points="504,522 585,520 666,519 748,518 829,516 911,515 992,513 1073,512 1155,512 1236,510 1318,509 1399,508 1480,507 1562,507 1643,506 1725,506 1806,506 1887,506 1969,507 2050,507 2132,509"/>
                <TextEquiv>
                    <Unicode>ctione spiritus constare. Dixit quidem in euangelio suo beatus Ioannes apostolus, </Unicode>
                </TextEquiv>
            </TextLine>
            <TextLine id="r2l5" custom="readingOrder {index:3;}">
                <Coords points="486,593 2156,565 2155,522 1933,510 486,527"/>
                <Baseline points="497,578 579,576 661,575 744,573 826,572 909,570 991,569 1073,568 1156,567 1238,566 1321,565 1403,564 1485,563 1568,563 1650,563 1733,561 1815,561 1897,561 1980,561 2062,561 2145,561"/>
                <TextEquiv>
                    <Unicode>Nondum erat spiritus sanctus, quia Iesus nondum erat glorificatus. Sed quem¬¬</Unicode>
                </TextEquiv>
            </TextLine>
            <TextLine id="r2l6" custom="readingOrder {index:4;}">
                <Coords points="497,643 2006,645 2150,633 2149,575 496,601"/>
                <Baseline points="507,633 588,632 670,630 751,630 833,629 915,627 996,626 1078,624 1159,624 1241,623 1323,621 1404,621 1486,620 1567,620 1649,618 1731,618 1812,618 1894,618 1975,618 2057,620 2139,620"/>
                <TextEquiv>
                    <Unicode>admodum non loquutus est de substantia spiritus sancti, quae est essentiae patris et</Unicode>
                </TextEquiv>
            </TextLine>
            <TextLine id="r2l7" custom="readingOrder {index:5;}">
                <Coords points="501,698 2136,699 2148,637 501,642"/>
                <Baseline points="512,687 593,687 674,686 755,686 837,684 918,683 999,683 1081,681 1162,680 1243,678 1325,678 1406,677 1487,675 1568,675 1650,674 1731,674 1812,674 1894,674 1975,674 2056,675 2138,675"/>
                <TextEquiv>
                    <Unicode>filij coaeterna, ita non negauit in uniuersum ueteres accepisse spiritum sanctum,</Unicode>
                </TextEquiv>
            </TextLine>
            <TextLine id="r2l8" custom="readingOrder {index:6;}">
                <Coords points="506,762 2134,746 2146,698 505,698"/>
                <Baseline points="515,744 596,743 677,743 758,741 839,740 920,740 1001,738 1082,737 1163,735 1244,735 1325,734 1406,732 1487,732 1568,731 1649,731 1730,731 1811,731 1892,731 1973,731 2054,731 2136,732"/>
                <TextEquiv>
                    <Unicode>Loquitur enim de excellenti dono, quod post ascensionem domini effusum est in</Unicode>
                </TextEquiv>
            </TextLine>
            <TextLine id="r2l9" custom="readingOrder {index:7;}">
                <Coords points="508,814 2153,809 2152,743 2089,738 508,768"/>
                <Baseline points="518,800 599,798 680,798 761,797 842,797 924,795 1005,794 1086,792 1167,792 1248,791 1330,789 1411,789 1492,788 1573,787 1654,786 1736,786 1817,786 1898,786 1979,786 2060,788 2142,789"/>
                <TextEquiv>
                    <Unicode>omnes gentes credulas. Sic enim ipse Ioannes sese interpretans, praemittit, Hoc </Unicode>
                </TextEquiv>
            </TextLine>
            <TextLine id="r2l10" custom="readingOrder {index:8;}">
                <Coords points="512,879 2146,853 2145,804 1972,793 511,817"/>
                <Baseline points="521,857 601,855 682,855 763,854 844,852 924,851 1005,849 1086,849 1167,848 1247,846 1328,846 1409,845 1490,843 1570,843 1651,842 1732,842 1813,842 1893,842 1974,842 2055,843 2136,843"/>
                <TextEquiv>
                    <Unicode>dixit QQui credit in me, flumina de uentre eius fluent aque uiuae) de spiritu quem</Unicode>
                </TextEquiv>
            </TextLine>
            <TextLine id="r2l11" custom="readingOrder {index:9;}">
                <Coords points="505,927 2058,923 2156,910 2156,856 505,880"/>
                <Baseline points="515,912 596,912 678,911 759,909 841,909 922,908 1004,906 1085,905 1167,905 1248,903 1330,902 1411,900 1493,900 1574,899 1656,899 1737,899 1819,899 1900,899 1982,899 2063,899 2145,900"/>
                <TextEquiv>
                    <Unicode>accepturi erant credentes in ipsum. Donum ergo spiritus eo tempore, cum haec di</Unicode>
                </TextEquiv>
            </TextLine>
            <TextLine id="r2l12" custom="readingOrder {index:10;}">
                <Coords points="508,979 2151,978 2132,908 508,939"/>
                <Baseline points="518,968 599,967 680,966 761,965 842,965 923,963 1004,962 1086,962 1167,960 1248,959 1329,958 1410,957 1491,956 1572,956 1654,954 1735,954 1816,954 1897,954 1978,954 2059,956 2141,956"/>
                <TextEquiv>
                    <Unicode>ceret dominus, non ita erat uulgare, &amp; tanta in omnes effusum copia, quanta ef-</Unicode>
                </TextEquiv>
            </TextLine>
            <TextLine id="r2l13" custom="readingOrder {index:11;}">
                <Coords points="508,1047 2161,1024 2161,982 2035,961 508,977"/>
                <Baseline points="518,1025 599,1023 681,1023 762,1022 844,1020 926,1019 1007,1017 1089,1017 1170,1016 1252,1014 1334,1013 1415,1011 1497,1011 1578,1010 1660,1010 1742,1010 1823,1010 1905,1010 1986,1011 2068,1013 2150,1014"/>
                <TextEquiv>
                    <Unicode>fundebatur post clarificationem Christi in credentes. Ac reuera non potuissent pa</Unicode>
                </TextEquiv>
            </TextLine>
            <TextLine id="r2l14" custom="readingOrder {index:12;}">
                <Coords points="514,1094 2062,1093 2152,1034 513,1042"/>
                <Baseline points="524,1080 604,1080 685,1079 766,1077 847,1077 928,1076 1009,1074 1090,1073 1171,1071 1252,1070 1333,1069 1413,1068 1494,1067 1575,1067 1656,1065 1737,1065 1818,1065 1899,1065 1980,1067 2061,1068 2142,1068"/>
                <TextEquiv>
                    <Unicode>tres nostri &amp; sancti prophetae tam diserte omnia Christi &amp; ecclesiae mysteria prae¬</Unicode>
                </TextEquiv>
            </TextLine>
            <TextLine id="r2l15" custom="readingOrder {index:13;}">
                <Coords points="511,1146 2148,1133 2131,1075 511,1092"/>
                <Baseline points="521,1136 601,1134 682,1133 763,1133 844,1131 925,1131 1006,1130 1086,1128 1167,1128 1248,1127 1329,1125 1410,1125 1491,1124 1572,1124 1652,1122 1733,1122 1814,1122 1895,1122 1976,1122 2057,1122 2138,1122"/>
                <TextEquiv>
                    <Unicode>dicere, quae euangelistae &amp; apostoli completa esse testantur ad uerbum, nisi eodem </Unicode>
                </TextEquiv>
            </TextLine>
            <TextLine id="r2l16" custom="readingOrder {index:14;}">
                <Coords points="512,1209 2147,1201 2146,1145 2070,1131 511,1146"/>
                <Baseline points="522,1191 602,1191 683,1190 764,1189 844,1188 925,1187 1006,1185 1086,1185 1167,1184 1248,1182 1329,1181 1409,1181 1490,1179 1571,1179 1651,1178 1732,1178 1813,1178 1893,1178 1974,1178 2055,1179 2136,1181"/>
                <TextEquiv>
                    <Unicode>illo spiritu fuissent gubernati prophetae, quo postea instructi sunt apostoli. Neque</Unicode>
                </TextEquiv>
            </TextLine>
            <TextLine id="r2l17" custom="readingOrder {index:15;}">
                <Coords points="509,1263 2057,1259 2156,1245 2155,1190 508,1211"/>
                <Baseline points="518,1248 599,1247 680,1246 762,1245 843,1244 924,1242 1006,1242 1087,1241 1168,1239 1250,1238 1331,1237 1412,1236 1494,1235 1575,1235 1656,1233 1738,1233 1819,1233 1900,1233 1982,1235 2063,1235 2145,1236"/>
                <TextEquiv>
                    <Unicode>enim cogitare phas est, prophetas &amp; patres nostros uerba non intellecta profudis</Unicode>
                </TextEquiv>
            </TextLine>
            <TextLine id="r2l18" custom="readingOrder {index:16;}">
                <Coords points="505,1321 2152,1314 2151,1252 2023,1239 504,1261"/>
                <Baseline points="515,1304 596,1302 677,1302 758,1301 840,1299 921,1298 1002,1297 1084,1296 1165,1295 1246,1293 1328,1293 1409,1292 1490,1290 1571,1290 1653,1290 1734,1290 1815,1289 1897,1290 1978,1290 2059,1290 2141,1292"/>
                <TextEquiv>
                    <Unicode>se, insanientium furientiumque instar. Vidit Abraham diem Christi, &amp; gauisus est, </Unicode>
                </TextEquiv>
            </TextLine>
            <TextLine id="r2l19" custom="readingOrder {index:17;}">
                <Coords points="512,1371 2003,1371 2151,1357 2151,1314 512,1319"/>
                <Baseline points="522,1359 607,1358 692,1357 777,1356 862,1355 948,1353 1033,1352 1118,1351 1203,1350 1288,1349 1374,1347 1459,1347 1544,1346 1629,1346 1714,1346 1800,1346 1885,1346 1970,1346 2055,1347 2141,1349"/>
                <TextEquiv>
                    <Unicode>capiens uidelicet &amp; sentiens ex spirituali illa sua uisione spiritualem uoluptatem, </Unicode>
                </TextEquiv>
            </TextLine>
            <TextLine id="r2l20" custom="readingOrder {index:18;}">
                <Coords points="517,1426 2156,1410 2133,1354 517,1370"/>
                <Baseline points="528,1413 608,1413 689,1413 770,1412 851,1412 932,1410 1013,1409 1093,1409 1174,1407 1255,1406 1336,1404 1417,1404 1498,1403 1579,1402 1659,1401 1740,1401 1821,1401 1902,1401 1983,1403 2064,1403 2145,1404"/>
                <TextEquiv>
                    <Unicode>Toties uero testatur Dauid sibi sacra &amp; coetus ecclesiasticos loge gratissimos fuis¬</Unicode>
                </TextEquiv>
            </TextLine>
            <TextLine id="r2l21" custom="readingOrder {index:19;}">
                <Coords points="517,1482 2104,1480 2151,1409 516,1426"/>
                <Baseline points="528,1470 608,1469 689,1469 769,1467 850,1466 931,1466 1011,1464 1092,1463 1173,1463 1253,1461 1334,1460 1415,1460 1495,1458 1576,1458 1657,1458 1737,1457 1818,1457 1899,1458 1979,1458 2060,1460 2141,1460"/>
                <TextEquiv>
                    <Unicode>se: quod haud dubie non propter externas caeremonias, sed propter Christum ma</Unicode>
                </TextEquiv>
            </TextLine>
            <TextLine id="r2l22" custom="readingOrder {index:20;}">
                <Coords points="513,1540 2150,1523 2149,1480 2023,1466 513,1499"/>
                <Baseline points="524,1526 604,1526 685,1524 766,1523 847,1521 927,1521 1008,1520 1089,1518 1170,1518 1250,1517 1331,1516 1412,1515 1493,1515 1573,1514 1654,1514 1735,1514 1816,1514 1896,1514 1977,1514 2058,1514 2139,1515"/>
                <TextEquiv>
                    <Unicode>xime, quem spiritu &amp; fide contemplabatur in caeremonijs siue ritibus sacris, pro¬</Unicode>
                </TextEquiv>
            </TextLine>
            <TextLine id="r2l23" custom="readingOrder {index:21;}">
                <Coords points="516,1597 2161,1582 2161,1522 516,1542"/>
                <Baseline points="527,1581 608,1580 689,1580 770,1578 851,1578 933,1577 1014,1577 1095,1575 1176,1574 1257,1574 1339,1572 1420,1571 1501,1571 1582,1569 1663,1569 1745,1569 1826,1569 1907,1569 1988,1569 2069,1569 2151,1571"/>
                <TextEquiv>
                    <Unicode>nunciauit. Cumque constet patres nostros gratia dei esse iustificatos, claret iustifi¬</Unicode>
                </TextEquiv>
            </TextLine>
            <TextLine id="r2l24" custom="readingOrder {index:22;}">
                <Coords points="515,1651 2120,1640 2157,1592 514,1610"/>
                <Baseline points="524,1637 605,1637 686,1635 767,1635 848,1634 930,1632 1011,1632 1092,1631 1173,1629 1254,1629 1336,1628 1417,1626 1498,1626 1579,1626 1660,1625 1742,1625 1823,1625 1904,1625 1985,1625 2066,1625 2148,1626"/>
                <TextEquiv>
                    <Unicode>cationem illam non perfectam esse sine spiritu dei nostri : per quem &amp; nostra ho¬</Unicode>
                </TextEquiv>
            </TextLine>
            <TextLine id="r2l25" custom="readingOrder {index:23;}">
                <Coords points="526,1708 2155,1696 2127,1634 526,1653"/>
                <Baseline points="536,1694 616,1692 696,1692 777,1691 857,1689 938,1688 1018,1688 1099,1686 1179,1685 1260,1685 1340,1683 1420,1682 1501,1682 1581,1682 1662,1680 1742,1680 1823,1680 1903,1680 1984,1680 2064,1681 2145,1682"/>
                <TextEquiv>
                    <Unicode>die iustificatio perficitur. Gubernati sunt ergo eodem nobiscum spiritu. Dehis</Unicode>
                </TextEquiv>
            </TextLine>
            <TextLine id="r2l26" custom="readingOrder {index:24;}">
                <Coords points="511,1764 2107,1751 2158,1703 511,1705"/>
                <Baseline points="521,1748 602,1748 683,1746 764,1746 846,1745 927,1745 1008,1743 1090,1742 1171,1741 1252,1740 1334,1739 1415,1737 1496,1737 1577,1736 1659,1736 1740,1736 1821,1736 1903,1736 1984,1736 2065,1737 2147,1739"/>
                <TextEquiv>
                    <Unicode>non aliter iudicauit S. Augustinus, cuius uerba c. V. ex secundo libro de Pecca¬</Unicode>
                </TextEquiv>
            </TextLine>
            <TextLine id="r2l27" custom="readingOrder {index:25;}">
                <Coords points="523,1822 1995,1817 2164,1801 2164,1753 523,1764"/>
                <Baseline points="534,1803 615,1802 696,1802 777,1800 858,1800 939,1799 1020,1797 1101,1797 1182,1796 1263,1794 1344,1794 1425,1793 1506,1791 1587,1791 1668,1791 1749,1790 1830,1790 1911,1790 1992,1790 2073,1791 2154,1791"/>
                <TextEquiv>
                    <Unicode>to orig. contra Pelag. &amp; Celest, ex capite 25. uerbotim recitabo, Eodem spiritu fi-</Unicode>
                </TextEquiv>
            </TextLine>
            <TextLine id="r2l28" custom="readingOrder {index:26;}">
                <Coords points="522,1872 2157,1871 2156,1809 2078,1797 522,1823"/>
                <Baseline points="533,1859 613,1857 694,1857 775,1856 855,1854 936,1853 1017,1853 1097,1851 1178,1850 1259,1850 1340,1848 1420,1848 1501,1847 1582,1847 1662,1847 1743,1847 1824,1847 1904,1847 1985,1848 2066,1848 2147,1850"/>
                <TextEquiv>
                    <Unicode>dei, inquit a prophetis illa futura uidebantur, quae at nobis facta creduntur. Neque </Unicode>
                </TextEquiv>
            </TextLine>
            <TextLine id="r2l29" custom="readingOrder {index:27;}">
                <Coords points="517,1938 2152,1920 2151,1874 2067,1858 517,1874"/>
                <Baseline points="527,1914 607,1914 688,1913 769,1912 850,1911 930,1910 1011,1908 1092,1907 1173,1906 1253,1905 1334,1904 1415,1903 1496,1902 1576,1902 1657,1902 1738,1902 1819,1902 1899,1902 1980,1904 2061,1905 2142,1907"/>
                <TextEquiv>
                    <Unicode>enim qui nobis ista fideli dilectione prophetare potuerunt, eorum ipsi participes</Unicode>
                </TextEquiv>
            </TextLine>
            <TextLine id="r2l30" custom="readingOrder {index:28;}">
                <Coords points="524,1983 2117,1984 2156,1924 523,1938"/>
                <Baseline points="533,1970 613,1968 694,1968 774,1967 855,1967 936,1965 1016,1964 1097,1964 1177,1962 1258,1962 1339,1961 1419,1959 1500,1959 1580,1959 1661,1958 1742,1958 1822,1958 1903,1958 1983,1959 2064,1959 2145,1961"/>
                <TextEquiv>
                    <Unicode>non fuerunt. Et unde est, quod dicit apostolus Petrus. Quid tentatis deum impo</Unicode>
                </TextEquiv>
            </TextLine>
            <TextLine id="r2l31" custom="readingOrder {index:29;}">
                <Coords points="525,2039 2087,2041 2159,2024 2159,1971 524,1984"/>
                <Baseline points="536,2025 616,2025 697,2024 778,2022 858,2022 939,2021 1020,2019 1100,2019 1181,2018 1262,2016 1343,2016 1423,2015 1504,2015 1585,2015 1665,2013 1746,2013 1827,2015 1907,2015 1988,2015 2069,2016 2150,2018"/>
                <TextEquiv>
                    <Unicode>nere iugum supra collum discipulorum, quod neque patres nostri, neque nos po¬</Unicode>
                </TextEquiv>
            </TextLine>
            <TextLine id="r2l32" custom="readingOrder {index:30;}">
                <Coords points="529,2098 2164,2084 2133,2030 1799,2019 529,2041"/>
                <Baseline points="539,2081 619,2080 700,2079 781,2079 862,2078 942,2076 1023,2076 1104,2075 1185,2073 1265,2072 1346,2072 1427,2070 1508,2070 1588,2070 1669,2069 1750,2069 1831,2069 1911,2069 1992,2070 2073,2070 2154,2072"/>
                <TextEquiv>
                    <Unicode>tuimus portare : sed per gratiam domini Iesu eredimus salui fieri, quemadmo¬</Unicode>
                </TextEquiv>
            </TextLine>
            <TextLine id="r2l33" custom="readingOrder {index:31;}">
                <Coords points="530,2159 2146,2152 2158,2090 529,2098"/>
                <Baseline points="539,2136 619,2136 699,2136 780,2135 860,2134 941,2133 1021,2132 1101,2130 1182,2130 1262,2129 1343,2127 1423,2126 1503,2126 1584,2124 1664,2124 1745,2123 1825,2123 1905,2123 1986,2124 2066,2124 2147,2126"/>
                <TextEquiv>
                    <Unicode>dum &amp; illi : nisi quia &amp; illi per gratiam domini Iesu Christi salui facti sunt, non</Unicode>
                </TextEquiv>
            </TextLine>
            <TextLine id="r2l34" custom="readingOrder {index:32;}">
                <Coords points="513,2217 2152,2192 2151,2149 2003,2131 513,2160"/>
                <Baseline points="524,2193 604,2193 685,2192 766,2190 847,2190 928,2189 1009,2187 1090,2187 1171,2186 1252,2184 1333,2184 1413,2183 1494,2181 1575,2181 1656,2181 1737,2180 1818,2180 1899,2180 1980,2180 2061,2180 2142,2181"/>
                <TextEquiv>
                    <Unicode>per legem Mosi, per quam non sanatio, sed cognitio est facta peccati? Nunc au¬</Unicode>
                </TextEquiv>
            </TextLine>
            <TextLine id="r2l35" custom="readingOrder {index:33;}">
                <Coords points="523,2269 2156,2244 2073,2189 523,2213"/>
                <Baseline points="533,2247 613,2247 694,2247 774,2246 855,2246 936,2244 1016,2243 1097,2243 1177,2241 1258,2240 1339,2239 1419,2238 1500,2237 1580,2237 1661,2235 1742,2235 1822,2235 1903,2235 1983,2235 2064,2237 2145,2237"/>
                <TextEquiv>
                    <Unicode>tem sine lege iustitia dei manifestata est, testificata per legem &amp; prophetas. Si er¬</Unicode>
                </TextEquiv>
            </TextLine>
            <TextLine id="r2l36" custom="readingOrder {index:34;}">
                <Coords points="523,2325 2087,2320 2161,2303 2161,2241 522,2267"/>
                <Baseline points="533,2303 613,2303 694,2303 775,2302 856,2301 937,2300 1018,2300 1098,2298 1179,2297 1260,2297 1341,2295 1422,2294 1503,2294 1584,2292 1664,2292 1745,2292 1826,2291 1907,2292 1988,2292 2069,2292 2150,2294"/>
                <TextEquiv>
                    <Unicode>go nunc manifestata est, etiam tunc erat, sed occulta. Cuius occultationem signi¬</Unicode>
                </TextEquiv>
            </TextLine>
            <TextLine id="r2l37" custom="readingOrder {index:35;}">
                <Coords points="522,2370 2157,2361 2156,2306 1942,2297 522,2325"/>
                <Baseline points="533,2358 613,2358 694,2358 775,2358 855,2358 936,2357 1017,2355 1097,2355 1178,2354 1259,2352 1340,2351 1420,2349 1501,2349 1582,2348 1662,2348 1743,2346 1824,2346 1904,2346 1985,2348 2066,2348 2147,2349"/>
                <TextEquiv>
                    <Unicode>ficabat templi uelum, quod est ad eius significandam reuelationem Christo mo¬</Unicode>
                </TextEquiv>
            </TextLine>
            <TextLine id="r2l38" custom="readingOrder {index:36;}">
                <Coords points="526,2432 2161,2418 2115,2356 526,2374"/>
                <Baseline points="536,2414 616,2414 697,2414 778,2414 859,2414 939,2412 1020,2411 1101,2411 1182,2409 1262,2408 1343,2406 1424,2406 1505,2405 1585,2403 1666,2403 1747,2402 1828,2402 1908,2403 1989,2403 2070,2405 2151,2406"/>
                <TextEquiv>
                    <Unicode>riente conscissum. Et tunc ergo ista gratia unius mediatoris dei &amp; hominum ho</Unicode>
                </TextEquiv>
            </TextLine>
            <TextLine id="r2l39" custom="readingOrder {index:37;}">
                <Coords points="529,2484 2164,2470 2163,2419 2077,2411 529,2436"/>
                <Baseline points="539,2469 619,2469 700,2469 781,2469 862,2469 942,2468 1023,2468 1104,2466 1185,2465 1265,2465 1346,2463 1427,2462 1508,2462 1588,2460 1669,2460 1750,2459 1831,2459 1911,2459 1992,2459 2073,2460 2154,2460"/>
                <TextEquiv>
                    <Unicode>minis Christi Iesu erat in populo dei, sed tanquam in uellere pluuia, quam non de</Unicode>
                </TextEquiv>
            </TextLine>
            <TextLine id="r2l40" custom="readingOrder {index:38;}">
                <Coords points="524,2544 2119,2533 2158,2474 523,2484"/>
                <Baseline points="533,2526 613,2526 694,2526 775,2526 855,2525 936,2525 1017,2523 1097,2522 1178,2522 1259,2520 1340,2519 1420,2518 1501,2517 1582,2516 1662,2516 1743,2516 1824,2516 1904,2516 1985,2516 2066,2516 2147,2517"/>
                <TextEquiv>
                    <Unicode>bitam sed uoluntariam segregat deus haereditati suae, inerat latens: nunc autem </Unicode>
                </TextEquiv>
            </TextLine>
            <TextLine id="r2l41" custom="readingOrder {index:39;}">
                <Coords points="520,2600 2128,2602 2165,2527 520,2555"/>
                <Baseline points="531,2582 612,2582 693,2582 774,2582 855,2580 936,2579 1017,2579 1099,2577 1180,2577 1261,2576 1342,2574 1423,2574 1504,2573 1585,2573 1667,2573 1748,2572 1829,2573 1910,2573 1991,2573 2072,2574 2154,2576"/>
                <TextEquiv>
                    <Unicode>uelut siccato illo uellere, hoc est ludaico populo reprobato, in omnibus gentibus, </Unicode>
                </TextEquiv>
            </TextLine>
            <TextLine id="r2l42" custom="readingOrder {index:40;}">
                <Coords points="529,2652 1312,2646 1382,2641 1382,2592 529,2604"/>
                <Baseline points="539,2639 580,2637 622,2637 664,2637 705,2637 747,2637 789,2637 830,2637 872,2637 914,2637 956,2636 997,2636 1039,2636 1081,2635 1122,2634 1164,2634 1206,2633 1247,2631 1289,2630 1331,2630 1373,2628"/>
                <TextEquiv>
                    <Unicode>tanquam in area cernitur patens. Haec ille</Unicode>
                </TextEquiv>
            </TextLine>
            <TextLine id="r2l43" custom="readingOrder {index:41;}">
                <Coords points="595,2710 2135,2701 2157,2639 595,2646"/>
                <Baseline points="605,2694 682,2694 759,2694 836,2693 913,2692 990,2691 1067,2690 1144,2689 1221,2688 1298,2687 1376,2687 1453,2685 1530,2685 1607,2684 1684,2684 1761,2684 1838,2684 1915,2684 1992,2685 2069,2685 2147,2687"/>
                <TextEquiv>
                    <Unicode>lam uero proposita est lsraeli felicitas carnalis siue temporaria, sed non sola/ </Unicode>
                </TextEquiv>
            </TextLine>
            <TextLine id="r2l44" custom="readingOrder {index:42;}">
                <Coords points="523,2774 2160,2750 2118,2698 523,2699"/>
                <Baseline points="533,2745 613,2747 694,2747 775,2747 856,2747 937,2747 1018,2747 1098,2745 1179,2745 1260,2744 1341,2744 1422,2742 1503,2742 1584,2741 1664,2741 1745,2739 1826,2739 1907,2739 1988,2740 2069,2741 2150,2742"/>
                <TextEquiv>
                    <Unicode>Nam in peritura &amp; externa illa felicitate adumbrata est eis coelestis illa ac aeter¬</Unicode>
                </TextEquiv>
            </TextLine>
            <TextLine id="r2l45" custom="readingOrder {index:43;}">
                <Coords points="523,2822 2126,2816 2157,2754 522,2775"/>
                <Baseline points="533,2807 613,2807 694,2805 775,2805 855,2805 936,2804 1017,2804 1097,2802 1178,2802 1259,2801 1340,2801 1420,2799 1501,2799 1582,2798 1662,2798 1743,2798 1824,2796 1904,2796 1985,2796 2066,2796 2147,2796"/>
                <TextEquiv>
                    <Unicode>na. Ostendit enim apostolus in quarto &amp; 11. cap. ad Hebraeos, patres ex uisibili &amp; </Unicode>
                </TextEquiv>
            </TextLine>
            <TextLine id="r2l46" custom="readingOrder {index:44;}">
                <Coords points="523,2884 2156,2877 2170,2819 523,2822"/>
                <Baseline points="533,2864 614,2862 695,2862 776,2861 858,2861 939,2859 1020,2858 1102,2858 1183,2856 1264,2856 1346,2855 1427,2853 1508,2853 1589,2853 1671,2852 1752,2852 1833,2852 1915,2852 1996,2852 2077,2852 2159,2853"/>
                <TextEquiv>
                    <Unicode>temporaria haereditate sperasse inuisibilem ac aeternam. Nec alium in finem tam </Unicode>
                </TextEquiv>
            </TextLine>
            <TextLine id="r2l47" custom="readingOrder {index:45;}">
                <Coords points="516,2929 2171,2915 2171,2874 2022,2859 516,2874"/>
                <Baseline points="527,2919 608,2918 690,2918 771,2916 853,2916 935,2915 1016,2915 1098,2913 1180,2913 1261,2912 1343,2912 1425,2910 1506,2910 1588,2910 1670,2909 1751,2909 1833,2909 1915,2909 1996,2907 2078,2907 2160,2909"/>
                <TextEquiv>
                    <Unicode>diligenter ipsis Christus promissus est, &amp; in ipso benedictio &amp; uita proposita om-</Unicode>
                </TextEquiv>
            </TextLine>
            <TextLine id="r2l48" custom="readingOrder {index:46;}">
                <Coords points="530,2989 2162,2981 2162,2921 529,2935"/>
                <Baseline points="540,2976 620,2975 701,2974 781,2973 862,2972 942,2972 1023,2971 1103,2970 1184,2970 1264,2969 1345,2969 1426,2967 1506,2967 1587,2966 1667,2966 1748,2966 1828,2966 1909,2964 1989,2964 2070,2964 2151,2964"/>
                <TextEquiv>
                    <Unicode>nibus quoque &amp; singulis prope caeremonijs praefiguratus, quam ut spem haberent</Unicode>
                </TextEquiv>
            </TextLine>
            <TextLine id="r2l49" custom="readingOrder {index:47;}">
                <Coords points="522,3069 2161,3041 2131,2971 522,2995"/>
                <Baseline points="533,3033 613,3033 694,3032 775,3032 856,3030 937,3030 1018,3029 1098,3029 1179,3029 1260,3027 1341,3027 1422,3027 1503,3026 1584,3026 1664,3024 1745,3024 1826,3023 1907,3023 1988,3021 2069,3020 2150,3018"/>
                <TextEquiv>
                    <Unicode>uitae, non alienae aut diuersae utique ab ea uita, in quam &amp; nos per Christum </Unicode>
                </TextEquiv>
            </TextLine>
            <TextEquiv>
                <Unicode>eerdotes, adeoque regale sacerdotium, &amp; sacerdotale regnum.? Quod S. Petrus ac¬
comodauit &amp; Christi fidelibus. Nequit autem regnum &amp; sacerdotium tale sine un¬
ctione spiritus constare. Dixit quidem in euangelio suo beatus Ioannes apostolus, 
Nondum erat spiritus sanctus, quia Iesus nondum erat glorificatus. Sed quem¬¬
admodum non loquutus est de substantia spiritus sancti, quae est essentiae patris et
filij coaeterna, ita non negauit in uniuersum ueteres accepisse spiritum sanctum,
Loquitur enim de excellenti dono, quod post ascensionem domini effusum est in
omnes gentes credulas. Sic enim ipse Ioannes sese interpretans, praemittit, Hoc 
dixit QQui credit in me, flumina de uentre eius fluent aque uiuae) de spiritu quem
accepturi erant credentes in ipsum. Donum ergo spiritus eo tempore, cum haec di
ceret dominus, non ita erat uulgare, &amp; tanta in omnes effusum copia, quanta ef-
fundebatur post clarificationem Christi in credentes. Ac reuera non potuissent pa
tres nostri &amp; sancti prophetae tam diserte omnia Christi &amp; ecclesiae mysteria prae¬
dicere, quae euangelistae &amp; apostoli completa esse testantur ad uerbum, nisi eodem 
illo spiritu fuissent gubernati prophetae, quo postea instructi sunt apostoli. Neque
enim cogitare phas est, prophetas &amp; patres nostros uerba non intellecta profudis
se, insanientium furientiumque instar. Vidit Abraham diem Christi, &amp; gauisus est, 
capiens uidelicet &amp; sentiens ex spirituali illa sua uisione spiritualem uoluptatem, 
Toties uero testatur Dauid sibi sacra &amp; coetus ecclesiasticos loge gratissimos fuis¬
se: quod haud dubie non propter externas caeremonias, sed propter Christum ma
xime, quem spiritu &amp; fide contemplabatur in caeremonijs siue ritibus sacris, pro¬
nunciauit. Cumque constet patres nostros gratia dei esse iustificatos, claret iustifi¬
cationem illam non perfectam esse sine spiritu dei nostri : per quem &amp; nostra ho¬
die iustificatio perficitur. Gubernati sunt ergo eodem nobiscum spiritu. Dehis
non aliter iudicauit S. Augustinus, cuius uerba c. V. ex secundo libro de Pecca¬
to orig. contra Pelag. &amp; Celest, ex capite 25. uerbotim recitabo, Eodem spiritu fi-
dei, inquit a prophetis illa futura uidebantur, quae at nobis facta creduntur. Neque 
enim qui nobis ista fideli dilectione prophetare potuerunt, eorum ipsi participes
non fuerunt. Et unde est, quod dicit apostolus Petrus. Quid tentatis deum impo
nere iugum supra collum discipulorum, quod neque patres nostri, neque nos po¬
tuimus portare : sed per gratiam domini Iesu eredimus salui fieri, quemadmo¬
dum &amp; illi : nisi quia &amp; illi per gratiam domini Iesu Christi salui facti sunt, non
per legem Mosi, per quam non sanatio, sed cognitio est facta peccati? Nunc au¬
tem sine lege iustitia dei manifestata est, testificata per legem &amp; prophetas. Si er¬
go nunc manifestata est, etiam tunc erat, sed occulta. Cuius occultationem signi¬
ficabat templi uelum, quod est ad eius significandam reuelationem Christo mo¬
riente conscissum. Et tunc ergo ista gratia unius mediatoris dei &amp; hominum ho
minis Christi Iesu erat in populo dei, sed tanquam in uellere pluuia, quam non de
bitam sed uoluntariam segregat deus haereditati suae, inerat latens: nunc autem 
uelut siccato illo uellere, hoc est ludaico populo reprobato, in omnibus gentibus, 
tanquam in area cernitur patens. Haec ille
lam uero proposita est lsraeli felicitas carnalis siue temporaria, sed non sola/ 
Nam in peritura &amp; externa illa felicitate adumbrata est eis coelestis illa ac aeter¬
na. Ostendit enim apostolus in quarto &amp; 11. cap. ad Hebraeos, patres ex uisibili &amp; 
temporaria haereditate sperasse inuisibilem ac aeternam. Nec alium in finem tam 
diligenter ipsis Christus promissus est, &amp; in ipso benedictio &amp; uita proposita om-
nibus quoque &amp; singulis prope caeremonijs praefiguratus, quam ut spem haberent
uitae, non alienae aut diuersae utique ab ea uita, in quam &amp; nos per Christum </Unicode>
            </TextEquiv>
        </TextRegion>
    </Page>
</PcGts>
