2288 3632
482 310 2158 398 & S. Paulus hoc Dauidis testimonium aptauerint Christo in Actis apostolorum,
480 376 2148 451 nemo tamen negare potest idem & suo modo congruere Dauidi, qui in illo Psal¬
485 431 2155 504 mo profitetur fidem suam, spem exponit, ac Michtam suum, id est delicias suas, insi¬
492 487 2151 569 gnia, aureolum, aut cleynodium suum praedicat. Competunt ergo illa in primis
499 552 2155 612 Christo, deinde etiam Dauidi, & omnibus fidelibus. Nam uita & resurrectio Chri-
490 606 2149 677 sti, fidelium est uita & resurrectio. Idem alibi, Credo, inquit, uidere bona domini,
487 673 2148 735 in terra uiuentium. Porro in terra uiuentium non est mors aut dolor, sed satietas
499 715 2154 797 gaudiorum, & perpetua iucunditas. Haec a deo per Christum in fide expectauit,
489 768 2151 851 eadem migrans ex hoc saeculo protinus recepit, licet post multos demum annos
485 827 2151 893 nasceretur ac adueniret Christus, qui & nos hodie saluat, licet uenerit ante annos
490 897 2153 953 mille quingentos quadragintanouem. Quod uero ad Hebraeos 11. cap. apostolus
500 932 2157 1006 dicit, Atque omnes hi patres sancti testimonium promeriti per fidem, non accepe
492 991 2170 1060 rant promisionem, quod deus de nobis melius quiddam prouiderat ne sine no¬
494 1055 2157 1120 bis consummarentur, simpliciter intelligendum putamus de consummata, ut ipse
489 1116 2163 1176 Paulus dicit, beatitudine seu felicitate, in qua patres sancti sine nobis non consum
492 1173 2161 1235 mantur. Quia restat adhuc generalis resurrectio omnis carnis, quae simul atque fa¬
499 1217 2162 1288 cta fuerit, consummata erit & omnium sanctorum perfecta beatitudo, quae non
499 1287 2170 1353 animae duntaxat, sed etiam corpori obuentura est. Certe S. Petrus quoque asseue¬
493 1343 2166 1399 rat salutem per Christum partam principio animabus, sanctorum nimirum, mox
499 1389 2179 1455 amorte corporea communicari, deinde uero in fine saeculi sanctorum sepulta re¬
505 1440 2170 1517 suscitari corpora, quemadmodum omnium hominum, ac iudicari. ludic abit, in¬
495 1512 2179 1569 quit, dominus uiuos & mortuos. Nam in hoc innotuit euangelium mortuis, ut iu¬
509 1555 2170 1627 dicentur quidem secundum homines carne, uiuant autem iuxta deum spiritu. Id
502 1617 2180 1675 est, efficax fuit mors Christi, fide mortuis patribus: sic ut iam nunc uiuant anima¬
496 1672 2176 1735 bus apud deum, atque illi ipsi sicuti & reliqui homines omnes iudicandi sint carne
508 1722 2174 1787 siue in corporibus suis, tum uidelicet cum uenturus est dominus iudicare uiuos,
502 1784 2176 1847 & mortuos. Nondum itaque salus nostra perfecta siue consummata est, consumma¬
502 1833 910 1912 bitur in fine saeculi¬
580 1885 2179 1953 Praeterea non inuocarunt patres nostri alium quam unicum deum creatorem,
523 1954 2176 2021 credideruntque illum hominibus propitium esse propter semen benedictum. Et
511 2010 2162 2073 quamuis non adeo uulgaris fuerit illis sicuti nobis inuocatio nominis dei per me¬
513 2062 2182 2128 diatorem & intercessorem Christum, quemadmodum & dominus in euangelio
508 2109 2176 2185 testatur, dicens. Hactenus non petistis quicquam sub nomine meo : petite, & acci¬
508 2174 2173 2240 pietis: non tamen fuerunt prorsus ignari mediatoris propter quem exauditi sunt.
507 2221 2176 2290 Daniel in 9. cap. supplicans deo postulat exaudiri a deo, propter dominum, nimi¬
507 2296 2164 2346 rum propter Christum promissum. Quoties denique sancti orantes, dixerunt, Me¬
505 2338 2164 2405 mento Abraham, Isaac & Iacobi, non utique respexerunt ad personas aut animas
511 2394 2168 2459 sanctorum patrum, sed ad promissionem patribus factam: quae cum illa sit, Bene¬
511 2444 2179 2513 dicentur in semine tuo omnes tribus terrae : & Paulus testetur semen illud, Chri-
505 2510 2151 2573 stum esse : consequens est patres respexisse & semen benedictum, orasseque deum,
508 2557 2158 2633 ut exaudiat propter Christum. Nam & alibi promittit Ezechiae liberationem deus,
510 2608 2163 2679 dicens, Protegam urbem istam propter me, & propter seruum meum Dauid. At
500 2669 2182 2735 lsaiae 7. & 28. claret parsum esse urbi propter Christum uirginis filium, qui est fun¬
504 2729 2171 2792 damentum in Sion collocatum, quem & Ezechiel 34. cap. Dauidem, & euange¬
502 2788 1111 2866 lium appellat Dauidis filium.
583 2845 2176 2912 Postremo eadem fuisse sacramenta ueteribus quae nobis, ostendit apostolus
513 2889 2172 2968 Paulus, qui alias quoque Circuncisionem & Pascha illorum sacramenta nobis com
514 2956 2169 3023 municat, ut Coloss. 2. & 1. Corinth. 5. In 10. cap. minatur Corinthijs graue suppli¬
