2288 3632
174 242 1843 355 uerus deus & homo conuersatus, testificatur deum patrem se per filium totum cum
190 336 1842 407 omnibus bonis transfundere in credentes, hos uiuificare, omni bono adimplere
196 379 1842 451 & eosdem ad se transferre tandem in uitam illam beatam. Et hoc quidem benefi-
191 448 1843 506 cium constare gratis, ut laudetur in omnibus gloria gratiae suae. Id quod credit fi-
190 492 1837 575 des uera. Et huc quidem pertinet bona scripturarum pars, testificans deum in Chri
193 548 1831 625 sto communicare credentibus uitam & omne bonum. Ioannes apostolus clamans
178 607 1818 681 testificatur, In principio erat uerbum, & uerbum erat apud deum, et deus erat uerbum,
181 657 1829 741 Et uerbum caro factum est, & habitauit in nobis. Et conspeximus gloriam eius, gloriam
194 729 1832 801 uelut unigeniti a patre, plenus gratia & ueritate. Et de plenitudine eius nos om¬
182 784 1826 852 nes accepimus, &c. Ipse enim dominus in euangelio Ioan. dicit, Amen dico uobis,
186 828 1824 901 Quaecunque pater fecerit, haec itidem & filius facit. Sicut enim pater suscitat mortuos
179 885 1828 964 & uiuificat, sic et filius quos uult uiuificat. Neque enim pater iudicat quenquam, sed
184 947 1833 1020 omne iudicium filio dedit, ut omnes honorent filium sicut honorant patrem. Qui non
187 995 1827 1076 honorat filium, non honorat patrem qui misit illum. Amen amen dico uobis, qui ser
184 1050 1824 1119 monem meum audit & credit ei qui misit me, habet uitam aeternam: & in iudicium
177 1108 1829 1185 non ueniet, sed transiuit a morte in uitam. Cum his euangelicis uerbis congruit
178 1166 1822 1234 haec Paulina sententia, In Christo sunt omnes thesauri sapientiae & scientiae recon
186 1217 1831 1300 diti. Quoniam in illo inhabitat omnis plenitudo deitatis corporaliter, & estis in il
182 1273 1817 1352 lo completi. Quod autem ingentia haec beneficia dei gratis conferantur fidelibus,
190 1341 1820 1410 uas electionis his exposuit uerbis, Benedictus deus qui elegit nos in Christo an¬
180 1396 1824 1457 tequam iacerentur fundamenta mundi, qui praedestinauit nos ut adoptaret in fi-
184 1444 1822 1519 lios per Iesum Christum in sese, iuxta beneplacitum uoluntatis suae ut laudetur
181 1510 1822 1578 gloria gratiae suae, qua charos nos reddidit per dilectum, per quem habemus redem
184 1562 1828 1623 ptionem in sanguine eius, &c. Item, Omnes peccauerunt & destituuntur gloria
188 1619 1820 1692 dei, iustificantur autem gratis per illius gratiam per redemptionem quae est in Chri
176 1666 1818 1728 sto. Et reliqua. Vera itaque fides credit sibi a deo per Christum uitam & omne bo¬
175 1721 1815 1791 num gratis contingere: quod primum est fidei caput, quod in articulis fidei spar.
183 1781 1819 1854 gitur latius, Secundum uerbi dei & fidei caput est, quod uerbo dei omnis ueri¬
191 1843 1814 1899 tas credenda exponitur : & quod uniuersae narrationi in scriptura uera fides cre
181 1892 1802 1962 dit. Exponit enim quod sit deus, qualis sit, quae opera dei, quae iudicia, quae uo
180 1946 1814 2013 luntas, quae mandata, qua promisiones, quae minae, denique quicquid creditu uti¬
182 1999 1816 2082 le & necessarium est, id totum exponit nobis uerbum dei, id quod uera fides reci¬
186 2059 1822 2121 pit, credens omnibus quae scripta sunt in lege & prophetis, in euangelio & apo¬
176 2123 1820 2187 stolorum literis. Quae uero ex his deduci aut probari non possunt, aut quae his con
183 2178 1813 2247 traria sunt, non credit fidelis. Est enim de natura uerae fidei non credere illis quae
180 2228 1820 2299 cum uerbo dei pugnant. Proinde qui non credit fabulis & hominum opinioni¬
175 2281 1821 2344 bus, is demum uere credit, pendet enim a solo dei uerbo adeoqe ab ipso deo unico
179 2339 1813 2405 omnis ueritatis fonte. Et materia argumentum & summa fidei tota proposita est
184 2393 1843 2474 nobis per compendium in articulis fidei Christianes. De quibus alio tempore. Ex
180 2449 1811 2524 posui hac hora charitati uestre, fratres in domino honorandi, descriptionem fidei,
181 2508 1798 2579 quam ut omnium mentibus infigam, omnesque quid fides sit intelligant, repeto¬
172 2562 1804 2629 eaque sermonem hunc concludo, Fides est donum dei, homini coelitus infusum,
181 2621 1813 2677 quo edoctus indubitata persuasione in deum & uerbum eius innititur, per quod
178 2671 1814 2734 a deo in Christo uita omneque bonum gratis promittitur, omnisque ueritas credenda
179 2726 1819 2795 exponitur. Oremus omnes Deum patrem nostrum per unigenitum filium eius
181 2786 1811 2860 dominum nostrum Iesum Christum, ut omnibus nobis coelitus ueram fidem con
172 2840 1820 2901 ferat, per quam ipsum recte cognoscentes, tandem etiam consequamur uitam.
176 2891 391 2960 aeternam.
