2288 3632
494 331 2163 419 suum praemium aut stipendium, mortem & uitam. Sed & generalem ponit senten
499 400 2157 477 tiam, eius nos esse seruos, cui nosmetipsos ad obediendum tradimus. Inde sic colli¬
502 468 2154 537 git, Gratia dei cum simus redempti a seruitute peccati & stipendio eius, morte, cer¬
514 520 2152 578 te translati sumus in seruitutem iustitiae ut uiuamus. Significantius enim subiun¬
504 574 2154 646 git. Humanum quiddam dico, propter infirmitatem carnis uestrae, Quemadmodum
517 626 2155 689 enim praebuistis membra uestra serua immundiciae & iniquitati, ad iniquitatem:
502 677 2161 743 sic & nunc praebete membra uestra serua iustitiae, ad sanctificationem. Cum enim
505 746 2151 809 serui essetis peccati, liberi eratis iustitiae. Quem igitur fructum habebatis tunc in his,
517 806 2157 868 de quibus nunc erubescitis? Nam finis illorum mors. Nunc uero manumissi a pec¬
516 846 2154 924 cato, serui autem facti deo, habetis fructum uestrum in sanctificationem, finem
513 913 2159 973 autem uitam aeternam. Etenim stipendia peccati mors, donum autem dei uita ae¬
516 973 2158 1031 terna, per Iesum Christum dominum nostrum. Haec autem omnia tam sunt clara
510 1028 1683 1088 & simplicia, ut nostra non indigeant explicatione fusiore.
596 1070 2158 1136 llla uero omnia adhuc plenius exponit per collationem parabolicam in capite
511 1129 2159 1199 7. Mulier, inquit, uiro subiecta & obnoxia est, quam diu uiuit uir. Si diuertat a ui¬
512 1192 2164 1254 ro ipso adhuc uiuente, iudicatur adultera. Si uero moriatur uir, licet alteri cui li¬
510 1240 2159 1305 bet nubere. Sic inquam nos legi sumus mortui. Christus enim mortuus est pro no
523 1292 2167 1368 bis, oblatus in expiationem peccatorum nostrorum corpore suo, ut porro ipsi co
522 1368 2164 1430 pularemur, impregnatique spiritu eius, pariamus pulcherrimam bonorum operum
529 1406 2161 1484 prolem uel sanctissimum fructum: qui dum peccato seruiebamus, eique ceu domi
522 1472 2170 1532 no subiecti essemus, pariebamus tetram mortis sobolem, iniquitatem uidelicet &
529 1523 2165 1596 flagitia, quibus puniendis mors destinata est. Sed libet ipsa audire apostoli uerba,
522 1577 2158 1638 ltaque fratres mei, uos quoque mortificati estis legi per corpus Christi, ut iugeremur
518 1641 2166 1702 alteri, nimirum ei, qui ex mortuis surrexit, ut fructificemus deo. Cum enim esse¬
529 1698 2161 1756 mus in carne, affectus peccatorum, qui sunt per legem, uigebant in membris no¬
520 1752 2166 1815 stris, ad fructificandum morti: nunc autem liberati sumus a lege, mortuicei) in qua
518 1797 2162 1882 detinebamur, ut seruiamus per nouitatem spiritus, & non per uetustatem literae.
594 1854 2162 1917 Notus est locus in 8. cap. Lex spiritus uitae per Christum Iesum liberum me
526 1917 2170 1978 reddidit a lege peccati & mortis. Modum autem liberationis huius mox suppin¬
521 1971 2165 2037 git, Etenim quod lex praestare non poterat, hoc deus proprio filio misso praestitit.
525 2021 1740 2112 Et quae sequuntur. Nam uerba illa notissima sunt omnibus.
619 2073 2165 2141 In1. ad Corinth. 7. Pretio empti fuistis, nolite fieri serui hominum. Hortatur
523 2134 2167 2206 autem apostolus ne seruitutis mundanae uel ciuilis praetextu, serui aliquid desi¬
526 2202 2176 2270 gnent in gratiam dominorum, quod pugnet cum synceritate & integritate religio¬
523 2245 2163 2317 nis: ne uidelicet legibus hominum iniquis, quia serui uocati sunt, pareant, Ratio au
525 2308 2163 2372 tem quae hinc retrahat est, Quod pretio sanguinis Christi redepti & asserti sumus
531 2362 2173 2430 in libertatem. Indignissimum ergo foret, si contra libertatis ingenium, prauis legi
525 2416 2173 2480 bus hominum obtemperaremus. Hoc extenditur etiam ad leges humanas in ne¬
520 2479 2174 2548 gotio religionis conditas. Nam Matth. 55. dicit saluator, Frustra me colunt docen¬
528 2526 2164 2592 tes doctrinas praecepta hominum. Et. Omittite illos, duces sunt caeci caecorum.
523 2588 2173 2655 Et Paulus, Si mortui estis cum Christo ab elementis mundi, ait, quid quasi uiuen
526 2648 2163 2712 tes in mundo decretis tenemini? Ne tetigeris, ne gustaris, ne contrectaueris: quae
529 2697 2173 2761 sunt omnia in corruptionem ipso abusu, secundum praecepta & doctrinas homi¬
522 2752 2172 2818 num, quae speciem quidem habent sapientiae, in superstitione, & humilitate ani¬
532 2813 2170 2879 mi, & neglectu corporis, non in honore aliquo ad expletionem carnis. Principio
528 2861 2170 2932 ostendit Christi fidelibus nihil negotij esse cum decretis hominum, neque eos ijs te¬
529 2917 2167 2981 neri: quoniam decretis sint mortui cum Christo, id est per mortem Christi redem¬
513 2982 2171 3068 pti a decretis, quae in morte Christi interierint, dum ipse nos suos fecit, & liberos
