2288 3632
109 308 1777 398 datur, partim est in doctrina praua, inepta & intempestiua, partim uero in collo¬
106 387 1777 466 quijs quotidianis. Grauissimum scandalum est prauae doctrinae pugnantis cum
122 451 1780 518 uera euangelij doctrina. Proximum est scandalum ineptae & intempestiuae doctri
115 505 1784 579 nae: quae quamuis deriuetur ex fontibus uerbi dei, non applicatur tamen aut pro¬
109 555 1784 638 fertur commode & prudenter. Vel enim peccatur nimia licentia & lenitate : uel
106 621 1777 688 nimia mordacitate & morositate, ut audientes offensi, resiliant in uniuersum ab
101 669 1780 750 omni doctrina euangelica. Interim lucerna euangelica non est abscondenda, aut
103 719 1774 798 dissimulanda ueritas, propter offendicula hominum, aduigilandum tamen ut uer
103 777 1765 851 bum dei prudenter annuncietur, siue ut recte secetur. Quaecunque pugnant cum
105 837 1765 917 legibus dei, constanter sunt accusanda, & refutanda intrepide ac diligentissime,
110 904 1777 974 utcunque insaniat mundus. Colloquijs uero quotidianis scandalizant fratres, qui
110 947 1768 1011 linguae frena laxant nec quid dicant expendunt, sed pro libidine sua quiduis efa
110 999 1769 1091 fundunt : cuiusmodi sunt dicta obscoena & spurca, in primis uero blasphemae uo-
101 1059 1776 1131 ces eiaculatae contra deum, contra scripturas sanctas, & contra fidei articulos. Cor¬
106 1120 1779 1191 rumpunt enim mores bonos colloquia praua. Hic non excludimus literas uel scri-
98 1167 745 1239 pta temere offendentia fratres.
186 1222 1760 1312 lam obiiciuntur etiam scandala hominibus per promisiones & minas: quo¬
103 1288 1766 1371 ties uidelicet per promissionum illecebras, & minas terrificas horrendasque homi¬
98 1346 1768 1413 nes a recto itinere auertuntur in auia & errores. Sic enim posuit Pharao scanda¬
109 1393 1765 1473 lum regi zedechiae, quem pellexit in foedus, cui plus fidebat, quam potentiae & li¬
103 1449 1763 1537 berationi diuinae. Tyranni perfrequenter ponunt infirmis Christianis scandala,
110 1514 1561 1579 quando per tormenta ipsos adigunt ad abnegationem nominis Christi.
188 1558 1763 1627 Caeterum facta quibus offenduntur homines, uel licita sunt ac libera, uel illi¬
100 1624 1756 1693 cita & prohibita. Licita autem abusu fiunt illicita. Nam licitum est pijs uesci qui¬
103 1676 1757 1744 buslibet. Omnia enim mundis munda. Fit tamen manducatio tua illicita, si edas
106 1742 1761 1817 cum offendiculo fratris. Non enim intelligit hic licere quibuslibet uesci: nec tu ig¬
101 1796 1753 1866 noras illum iri offensum si edas, nihilominus tamen edis, & illum aspernaris, ponis
100 1848 1755 1930 ergo offendiculum facti, & peccas non leuiter in fratrem tuum. Hic collocamus om
104 1898 1420 1968 nem intempestiuum usum rerum liberarum aut indifferentium.
180 1950 1770 2039 Attamen recte hic monent doctores ecclesiastici, distinguendum esse diligen¬
106 2016 1768 2078 ter inter Infirmos & Contumaces. Infirmi sunt rerum imperiti, sed tamen timen¬
98 2076 1752 2137 tes deum, & tractabiles, non malitia pertinaciter errantes, sed imbecillitate qua¬
98 2122 1752 2210 dam fidei & religione attacti, erudiri interim sustinentes, De his scriptum reliquit
107 2183 1751 2247 apostolus, Eum qui infirmatur fide assumite, non ad dijudicationes disceptatio¬
91 2238 1751 2303 num. Porro Contumaces sunt, qui nec ueritatem nec libertatem sanctorum igno¬
101 2290 1747 2370 rant, interim animi sui pertinacia obstinati, sese ueritati & libertati opponunt, cu¬
103 2344 1757 2422 pientes sibi concedi multa, non ut aliquando locum cedant ueritati, sed ut hac sibi
97 2410 1749 2465 data occasione, aliqueando & ueritatem & libertatem subuertant, suam autem su¬
100 2454 1748 2527 perstitionem stabiliant. De huiusmodi hominibus pronunciauit dominus. Omit-
104 2522 1750 2586 tite eos, duces sunt caeci caecorum. Et Paulus ad Galatas 2. cap. Titus cum Grae¬
98 2568 1751 2650 cus esset, non tamen circuncisus fuit, propter obiter ingressos falsos fratres, qui
91 2628 1747 2706 subintroierant ad explorandum libertatem nostram, quam habemus in Christo
96 2678 1740 2775 Iesu, quo nos in seruitutem adigerent. Quibus ne ad tempus quidem cessimus, per
100 2734 1250 2800 subiectionem, ut ueritas euangelij permaneret apud uos.
163 2789 1757 2859 Praeterea huc pertinet quod alij distinguunt prudenter inter scandalum da¬
97 2852 1755 2931 tum & acceptum. Scandalum datum est, quando tua culpa, tua inquam importu
104 2910 1754 2968 nitate aut leuitate facis uel dicis, unde frater tuus merito offenditur. Aliud uero
94 2964 1750 3056 non est datum, sed acceptum uel ascitum, non tua quidem, sed alterius malitia &
