2288 3632
94 297 1766 378 propter opera coniungitur nobis deus. Nos uicissim illud eiusdem Ioannis apo¬
100 372 1768 439 stoli & euangelistae obtendimus, Ex hoc cognoscimus quod in eo manemus, &
100 418 1768 489 ipse in nobis, quoniam de spiritu suo dedit nobis. Est autem is dei spiritus, mu¬
98 480 1762 539 nus gratuitum, ergo obtingit nobis coniunctio illa cum deo gratis, Sequitur in
97 535 1768 599 Ioanne, Et nos uidimus & testamur, quod pater misit filium seruatorem mundi.
103 593 1758 667 Audis opinor per quid seruetur mundus, & quis sit saluator mundi, Christus,
103 651 1766 721 Quis uero nescit hunc a patre nobis missum esse mera dei gratia? Sequitur quo¬
97 698 1765 769 modo illa gratia recipiatur, Quisquis confessus fuerit quod Iesus est filius dei, deus
105 763 1768 836 in eo manet, & ipse in deo. Caeterum Ioan. 6. pro confiteri reponitur credere. Nec
108 814 1762 879 mirum, cum ex uera fide exoriatur confessio uera. Fide ergo recipimus salutem, fi
94 881 1771 947 de coniungimur cum deo. Sed praeteritis rixatoribus, quibus nunquam deerunt
97 931 1762 988 sophismata, reuertimur ad institutum nostrum, ut ostendamus qua ratione operi
100 973 772 1054 bus tribuatur uita & iustificatio.
171 1024 1759 1115 Exercitati in literis diuinis ad reconciliandas in speciem dissidentes scripturae
95 1080 1738 1168 sententias, docent fidem & opera non disiungi reipsa. Nam idem spiritus sanctus
102 1154 1753 1221 qui fidem largitur, simul regenerat intellectum & uoluntatem, ut fidelis ardenter
99 1210 1753 1275 cupiat & conetur deo per omnia inseruire. Dicimus ergo propter inseparabilem
99 1266 1744 1333 illam coniunctionem fidei atque uirtutum, quae comitantur & sequuntur fidem
100 1321 1754 1391 illis aliquando minus proprie tribui, quod magis est proprium fidei, proprijssi¬
101 1382 1766 1447 mum autem Christi per fidem apprehensi, fideique fundamenti. Hoc ipsum conabi
91 1448 1749 1502 mur adhuc clarius exprimere. In fide uera spectantur duo, Reconciliatio & Obe¬
103 1494 1757 1560 dientia, Reconciliatio quidem, quia fide intelligimus & firmiter tenemus deum
90 1540 1746 1616 nobis reconciliatum esse, propter Christum, per quem adoptati sumus in nume¬
99 1612 1755 1674 rum filiorum dei. Obedientia autem, quia reconciliati sese totos ei dedicant, cui
95 1665 1756 1732 reconciliati sunt : cupientes facere uoluntatem eius. lam ergo dicimus duplicem
97 1721 1747 1785 esse iustitiam, nempe iustificantem & obedientem. lustificantis meminit aposto¬
94 1760 1747 1834 lus, cum dixit, lustificati ex fide pacem habemus erga deum, per dominum Iesum
104 1824 1755 1894 Christum, per quem reconciliati sumus. Obedientis idem meminit cum dixit, An
100 1880 1754 1947 nescitis quod cui accommodatis uosipsos seruos ad obediendum, eius serui estis,
95 1935 1749 1998 cui obeditis : siue peccati ad mortem, siue obedientiae ad iustitiam: id est, quae obe
104 1986 1743 2053 dientia efficit ut faciatis ea quae iusta sunt, sitisque serui iustitiae, quod cedet uobis
90 2045 1757 2124 ad uitam : & non serui peccati, quod cedit ad mortem. lam ergo iustitiae reconci¬
94 2095 1742 2166 liatrici per Christum proprie tribuitur iustificatio, improprie iustitiae obedienti¬
101 2152 1755 2229 Nam haec ex illa existit, & sine illa non appellaretur iustitia. Quibus & hoc acce¬
96 2216 1738 2293 dit quod iustificati in hanc obedientiam prorsus nihil confidunt, utpote semper pro
90 2270 1161 2350 pter carnem nostram in hoc mundo contaminatam.
176 2326 1748 2398 Huic non dissimilis est & haec, quam addimus, explicatio, Fidei proprijssimum
87 2380 1735 2448 opus est purificatio & sanctificatio. Nam S. Petrus diserte dicit, fide purificari cor-
90 2450 1738 2506 da. Caeterum in sanctificatione duo praecipua ostendunt sacrae literae. Prius, Iesu
97 2496 1728 2558 Christi sanguine purificari gratis omnes credentes. Iterum enim S. Petrus, Scitis
91 2552 1735 2613 uos redemptos esse, inquit, non caducis rebus uelut auro & argento, sed pretioso
85 2608 1739 2674 sanguine uelut agni immaculati. S. Paulus, Per uoluntatem, ait, dei sanctificati su
92 2665 1742 2729 mus, per oblationem corporis lesu Christi, semel peractam. Vnica enim oblatio¬
91 2708 1737 2780 ne perfectos effecit in perpetuum eos, qui sanctificantur. S. Ioannes quoque, San¬
88 2776 1742 2838 guis, inquit, Iesu Christi filij dei emundat nos ab omni peccato. Proinde proprijs¬
95 2851 1726 2906 ume loquendo sanctificat nos per fidem sanguis Christi, qui dixit. Ego sanctifico
92 2887 1736 2948 me pro ipsis, ut sint & ipsi sancti per ueritatem. Posterius est, sanctificatos Christi
83 2943 1748 3028 sanguine per fidem, indies se sanctificare & studere sanctimoniae. Vt autem hoe
