2288 3632
85 295 1762 370 deidonum est: non ex operibus, ne quis glorietur, &c. Congruunt cum euangeli
93 369 1755 433 ca & apostolica doctrina & doctorum quorundam ecclesiae testimonia. Quae
97 423 1753 484 C. V. recitabo, non quod diuina nobis non sufficiant, sed ne uideamur esse noui
101 477 1759 554 dogmatis authores. Quanquam nouum esse non possit, quod petitur ex doctrina
90 539 1749 599 euangelica & apostolica, tametsi omnes ecclesiae doctores contradicerent: iam ue
98 593 1750 660 ro eximij quidam & ipsi diserte ostendunt, non tantum loquuntur aut scribunt so¬
92 638 554 713 lam fidem iustificare.
178 697 1749 767 Origenes in 3. cap. epist. Pauli ad Roma. scriptor peruetustus, scriptum reli¬
97 754 1757 834 quit, Dicit Paulus sufficere solius fidei iustificationem, ita ut credens quis tantum
100 807 1750 878 modo iustificetur, etiamsi nihil ab eo operis fuerit expletum. Quod si exemplum
98 875 1751 937 requiramus, quis sine operibus, sola fide, iustificatus sit, sufficere arbitror illum la
96 924 1742 997 tronem, qui cum Christo crucifixus, clamauit de cruce, Domine Iesu, memento mei,
97 985 1753 1043 cum ueneris in regnum tuum. Nec aliud quicquam describitur boni operis eius
106 1040 1750 1114 in euangelijs, sed pro hac sola fide, ait ei lesus, Amen dico tibi, hodie mecum eris
110 1089 1750 1155 in paradyso. Per fidem ergo iustificatus est hic latro, sine operibus legis. Quia su¬
98 1154 1750 1213 per hoc dominus non requisiuit quid prius operatus esset, nec expectauit quid
97 1207 1751 1274 operis cum credidisset expleret, sed sola confessione iustificatum comitemque sibi,
87 1267 1744 1334 paradysum ingressurus, assumpsit. Sed & ad mulierem quae in euangelio secun¬
91 1321 1751 1377 dum Lucam refertur, ex nullo legis opere, sed pro sola fide, ad eam ait, Remittun
100 1376 1741 1432 tur tibi peccata tua. Et iterum, Fides tua te saluam fecit, uade in pace. Sed et in mul
100 1427 1744 1491 tis euangelij locis hoc sermone usum legimus seruatorem, ut credentis caussam
103 1485 1753 1554 dicat esse salutis eius. Et paulo post idem, Apostolus dicit, Mihi autem absit gloria¬
91 1541 1747 1610 ri, nisi in cruce domini nostri Iesu Christi, per quem mihi mundus crucifixus est,
96 1592 1756 1670 & ego mundo. Vides apostolum non gloriantem super iustitia sua, neque super ca
93 1650 1745 1724 stitate, neque super sapientia, neque super ceteris uirtutibus aut actibus suis, sed aper
100 1715 1750 1781 tissime pronunciantem & dicentem, Qui gloriatur, in domino glorietur: & sic ex
97 1760 1513 1821 clusa est gloriatio. Et quae sequuntur alia plurima in hanc sententiam.
175 1813 1744 1893 Beatus Ambrosius in Enarratione epistolae Pauli ad Romanos in cap. 3. & 4.
88 1870 1742 1946 sic scripsit, lustificati sunt, inquit Paulus, gratis, quia nihil operantes, neque uicem
94 1935 1001 1999 reddentes, sola fide, iustificati sunt dono dei.
157 1985 1737 2048 Secundum propositum gratiae dei sic decretum dicit Paulus a deo, ut cessante
91 2039 1081 2099 lege, solam fidem gratiae dei posceret ad salutem,
175 2096 1745 2170 Hoc ipsum munit exemplo prophetae beatitudinem hominis, cui deus acce¬
96 2155 1742 2223 pto fert iustitiam sine operibus, beatos dicit de quibus hoc sanxit deus, ut sine la¬
88 2207 1390 2270 bore, & aliqua obseruatione, sola fide, iustificantur apud deum,
163 2264 1739 2338 S. Ioannes Chrysostomus de fide & lege naturae ac spiritu sancto disertis uer¬
82 2317 1739 2395 bis, Eum, inquit, qui operatur opera iustitiae sine fide, non possum probare uiuum
91 2371 1729 2453 fuisse. Fidelem autem absque operibus possum monstrare & uixisse, & regnum coe
84 2431 1736 2498 lorum consequutum. Nullus sine fide uitam habuit. Latro autem credidit dunta¬
89 2487 1735 2553 xat, & iustificatus est a misericordissimo deo. Atque hic ne mihi dixeris, defuisse ei
86 2541 1738 2623 tempus, quo iuste uiueret & honesta faceret opera. Neque enim de hoc contende¬
80 2603 1732 2664 rim ego: sed illud unum asseuerauerim, quod sola fides per se saluum fecerit. Nam
83 2656 1731 2734 si superuixisset, fideique & operum fuisset negligens, a salute excidisset. Hoc autem
89 2710 1729 2787 nunc quaeritur & agitur, quod fides per seipsam saluum fecerit, opera autem per
85 2770 1724 2832 se nullos unquam operarios iustificauerunt. Id quod Chrysostomus pluribus
85 2829 1723 2887 ostendit exemplo Cornelij Centurionis, Sufficiunt haec testimonia minime rixosis
89 2882 1722 2954 ingenijs. Alioqui plura possem proferre. Verum nolo c. V. onerosus esse, ac uide
87 2935 786 3023 ri spinosus in negotio planissimo.
