2288 3632
420 249 2076 347 plus quam Solomon est in loco hoc. Praefertur Christus Solomoni. & sapienti¬
437 316 2087 405 Christi sapientiae Solomonis. Constat autem sapientiam Christi filij dei non posse
434 388 2097 461 percipi nisi fide, praestantissimam ergo sapientiam confert fides. Eximiam uero lau
426 427 2086 506 dem haec nostra sapientia meretur, quod qui eam ambiunt, non ad exteras gen¬
434 484 2086 568 tes multo cum sumptu & labore relegantur uelut ad Aegyptios sacerdotes, ad
433 544 2086 621 gymnosophistas lndorum, ad philosophos Graecorum, aut ad ludaeorum Rabinos.
445 595 2089 671 Verbum dei, deus per totum orbem terrarum dispersit, ut iam uerbum fidei sit in
442 662 2079 728 fidelium omnium cordibus. Nam apostolus Paulus, lustitia fidei, ait, ita loquitur,
438 706 2086 782 Ne dixeris in corde tuo, quis ascendet in coelum: hoc est Christum ex alto dedu¬
444 763 2093 851 cere: aut quis descendet in abyssum? hoc est Christum ex mortuis reducere. Sed
444 819 2091 907 quid dicit ? Prope te uerbum est in corde tuo: hoc est uerbum fidei quod praedica¬
438 888 2087 956 mus, nempe si confessus fueris ore tuo dominum Iesum, & credideris in corde tuo,
447 940 2088 1016 quod deus illum excitauit ex mortuis, saluus eris. Ergo fides nos non tantum sa¬
441 991 2092 1065 pientes, sed & felices reddit, attestante etiam domino & dicente discipulis suis,
443 1039 2093 1130 Beati oculi qui uident quae uos uidetis. Dico enim uobis, quod multi prophetae &
448 1100 2102 1178 reges uoluerunt uidere quae uos uidetis & non uiderunt, & audire quae auditis
447 1165 837 1239 & non audierunt,
535 1212 2098 1282 lnueniemus ergo in fide certissimam determinationem famosissimae quaestio¬
450 1272 2089 1347 nis ab exordio mundi exagitatae a doctis & praestantissimis ingenijs, quomodo ui
463 1329 2100 1403 delicet homo uiuere, beari, summum bonum assequi, & cum summo bono coniun
445 1385 2098 1465 gi adeoque & iustificari possit? Variae fuerunt & sunt etiam hodie pugnantes inter
448 1441 2102 1514 se de hac re sententiae. Caeterum breuiter & uere dicimus nos., Fide uera hominem
447 1491 2090 1572 uiuere, beari, summum bonum consequi, cum summo bono coniungi atque iustifi¬
456 1548 2093 1629 cari, sic ut deus uiuat in nobis & nos in ipso, simusque fidefelices & beati. Quid ue
455 1616 2094 1680 ro potuisset de fidei uirtute dici praestantius, maius, diuinius? Fides ecce uiuificat,
445 1660 2099 1748 beat, cum summo bono coniungit, ut deus in nobis, nos in ipso uiuamus, & iustifi
460 1716 2099 1790 cat plenissime. Sed praestat iam audire scripturarum testimonia. Fides beat. Au¬
450 1773 2099 1839 dit enim beatus Petrus uera fide dominum Iesum confitens, Beatus es Simon fi-
453 1824 2099 1901 lius lonae. Caro & sanguis non reuelauit tibi, sed pater meus qui in coelis est. Ad¬
451 1890 2102 1966 ducit S. Paulus pro fide illud Dauidis, Beati quorum remissae sunt iniquitates, &
455 1956 2096 2009 quorum obtecta sunt peccata. Beatus uir cui non imputabit dominus peccatum.
467 1995 2100 2064 Fides uiuificat. Nam iustus ex fide uiuit. Id quod Paulus ex prophetis frequentis¬
464 2051 2095 2122 sime in scriptis suis citauit. Idem, Vitam quam nunc uiuo in carne, inquit, per fi-
454 2107 2109 2181 dem uiuo filij dei, qui dilexit me, & tradidit semetipsum pro me. Fides coniungit
456 2159 2102 2233 nos aeterno & summo bono, adeoque facit nos frui summo bono, ut deus in nobis
457 2217 2088 2305 uiuat, & nos in deo. Nam ipse dominus Iesus in euangelio ait. Qui edit meam car
460 2283 2093 2352 nem & bibit meum sanguinem, in me manet & ego in eo. Sicut misit me uiuens
462 2333 2095 2416 pater, ita & ego uiuo propter patrem: & qui ederit me, uiuet & ipse propter me. At-
451 2386 2098 2459 qui edere & bibere dominum, est credere in dominum, quod seipsum pro nobis
454 2443 2101 2525 tradiderit in mortem. Vnde Ioannes apostolus, Nos uidimus & testamur, inquit,
459 2494 2103 2566 quod pater misit filium seruatorem mundi. Quisquis confessus fuerit quod Ie¬
457 2562 2092 2625 sus est filius dei, deus in ipso manet, & ipse in deo. Vnde & Paulus dixit, Viuo
460 2628 1250 2689 iam non ego, sed uiuit in me Christus,
537 2666 2092 2744 lustificat praeterea fides. Ea tractatio cum non possit hac hora commode &
463 2732 2096 2803 plene determinari, differemus in futuram concionem sacram. In praesenti teneat
463 2783 2088 2854 charitas uestra, unam esse ueram fidem, nimirum Christianam. Licet enim plures
457 2829 2088 2901 dicantur esse fides, id est religiones, una tamen duntaxat uera est & indubitata.
458 2897 2101 2973 incrementa ea habet, ac deficit in quibusdam. In quibus recte & pie colitur, miras
