2288 3632
528 311 2190 386 secundum deum est conditus. Inde enim accedit nobis gloria & honor. Dicimur
522 379 2193 444 & sumus serui, imo filij dei nostri, cuius ingenium & uirtus relucet in nobis ad
531 432 2191 508 gloriam & laudem nominis eius. Ac ut requirit ille a nobis opera bona, ita si facia
535 492 2191 554 mus ea, placent ipsi & honoramur ab ipso uicissim: id quod multis scripturae testi
526 556 2197 614 monijs demonstrari posset. Verum hoc est extra omnem controuersiam. Certe is
529 597 2192 663 subinde magis ac magis auget nobis bene operantibus dona sua. Dicit enim in
542 658 2194 727 euangelio., Omni habenti dabitur, & abundabit. Qui uero nihil habet, etiam id
531 729 2190 785 quod non habet, auferetur ab eo, & dabitur ei qui habet. Accedit huc quod ope¬
537 783 2199 843 rantibus deus recta, propitius est, eosque multis etiam temporalibus donis locuple
538 829 2192 898 tat tandem & perpetua uita donat. Diserte enim apostolus Paulus, Deus, inquit,
534 886 2182 950 reddet unicuique iuxta facta sua, his inquam qui perseuerantes in benefaciendo
529 947 2197 1013 gloriam & honorem & immortalitatem quaerunt, uitam eternam. Et iterum, Glo
543 1006 2191 1059 ria & honor & pax omni operanti bonum. Quanquam in omnibus bonis suis o¬
546 1046 2186 1123 peribus pij sibi non praecipuum quidem scopum (quemadmodum & superius
540 1104 2188 1177 quoque monui)recompensationem & priuatum compendium, sed dei gloriam &
538 1176 2186 1236 uoluntatem, denique proximi utilitatem sibi proposuerunt. Paulus enim. Omnia,
534 1221 2194 1290 ait, in gloriam dei facite. Et iterum, Nemo quod suum est quaerat, sed quisque quod
546 1277 2190 1339 alterius: quemadmodum ego per omnia omnibus placeo: non quaerens meam ip¬
544 1329 2194 1391 sius utilitatem, sed multorum ut salui fiant. Pij ergo omnes omnia sua studia & o¬
535 1383 2188 1460 pera in hoc dirigunt, ut deo placeant, ut deum glorificent, ut prosint multis. In eo
542 1451 2194 1512 enim dei naturam, cuius filij sunt, exprimunt. Nam is beneficia sua in omnes crea¬
546 1493 1542 1560 turas suas effundit: sunt itaque & filij eius benefici.
629 1539 2200 1619 Haec habui in praesenti de natura uel ingenio, de caussa, fine & effectu, hoc
536 1614 2195 1676 est, de uera & iusta ratione bonorum operum: ex quibus etiam illud perspicue in¬
543 1672 2201 1736 telligi posse spero, quomodo operibus sanctorum bonis iustitiae nomen & iustifi¬
549 1724 2201 1790 cationem tribuat, mercedemque reddere dicatur dominus in scripturis sanctis, &
542 1784 2207 1846 quod immotum nihilo minus ac firmum consistit orthodoxum & primarium re¬
553 1828 2197 1900 ligionis nostrae dogma, Gratia dei nos propter Christum per fidem, non per ope¬
535 1883 2197 1945 ra iustificari. Nunc ergo nihil aliud superest, quam ut pro uera in dominum Iesum
547 1942 2201 2009 fide supplicemus domino, ac per eiusdem gratiam, disputationem hucusque habitam
535 2002 2193 2066 de bonis operibus, in opus deducamus, id est, ut fidem quam uerbis profitemur
547 2069 2199 2127 nos habere in dominum nostrum Iesum Christum, operibus uere bonis ex-
541 2113 793 2183 primamus,
692 2220 2051 2296 De peccato & eius speciebus, nempe de peccato originali, actuali, & de peccato in spiritum
768 2276 1954 2357 sanctum, certissimaque & iustissima peccatorum poend. SERMO X.
754 2384 2206 2456 ESTAT ultimum, quod cum lege cohaerere diximus, Peccatum. De
764 2444 2195 2509 quo ut legitime, religiose, orthodoxe, & multo cum fructu omnium, ue
752 2497 1817 2567 strum disserere queam, oremus supplices dominum,
835 2563 2186 2631 Peccatum plerique pro errore accipiunt, quo uidelicet aberramus,
538 2623 2191 2682 non tantum a uero, aequo, iusto & bono, sed etiam sequimur deteriora. Latini uo¬
538 2683 2188 2742 cabulum hoc suum deriuant a pellicatu, quod uitium est corruptorum fornicatio
548 2729 2192 2801 nis spiritu maritorum, praeferentium pellices legitimis uxoribus. Ac mire hoc qui¬
537 2785 2197 2855 dem nostro negotio seruit. Nam fideles fide copulati sumus deo nostro tanquam
544 2844 2194 2915 sponso, cui si praeferamus alios deos, aut his seruiamus etiam, aut si ueris bonis prae¬
550 2894 2188 2964 teritis sequamur umbratilia bona, uanas spes, & mundi perniciosas uoluptates,
530 2957 2191 3042 peccamus reuera, Peccatum autem fere a delicto discriminant. Delictum enim ap¬
