<?xml version="1.0" encoding="UTF-8" standalone="yes"?>
<PcGts xmlns="http://schema.primaresearch.org/PAGE/gts/pagecontent/2013-07-15" xmlns:xsi="http://www.w3.org/2001/XMLSchema-instance" xsi:schemaLocation="http://schema.primaresearch.org/PAGE/gts/pagecontent/2013-07-15 http://schema.primaresearch.org/PAGE/gts/pagecontent/2013-07-15/pagecontent.xsd">
    <Metadata>
        <Creator>prov=University of Rostock/Institute of Mathematics/CITlab|PLANET AI GmbH/Gundram Leifert/gundram.leifert@planet-ai.de:name=cod-a3V3DV-m3(htr_id=25165)::::v=2.6.6
prov=University of Rostock/Institute of Mathematics/CITlab|PLANET AI GmbH/Tobias Gruening/tobias.gruening@planet-ai.de:name=de.uros.citlab.module.baseline2polygon.B2PSeamMultiOriented:v=2.6.6
prov=University of Rostock/Institute of Mathematics/CITlab|PLANET AI GmbH/Tobias Gruening/tobias.gruening@planet-ai.de:name=/net_tf/LA73_249_0mod360.pb:de.uros.citlab.segmentation.CITlab_LA_ML:v=2.6.6
Transkribus</Creator>
        <Created>2019-12-04T11:29:19.424-05:00</Created>
        <LastChange>2020-07-05T14:39:31.345+02:00</LastChange>
        <TranskribusMetadata docId="284697" pageId="11501821" pageNr="347" tsid="33486066" status="IN_PROGRESS" userId="25065" imgUrl="https://files.transkribus.eu/Get?id=LJTNUAGAOWTXVQIZCSSRKJUB&amp;fileType=view" xmlUrl="https://files.transkribus.eu/Get?id=FLKHCNPXISOCLZSPYRIESYHP" imageId="7898310"/>
    </Metadata>
    <Page imageFilename="346.jpg" imageWidth="2288" imageHeight="3632">
        <ReadingOrder>
            <OrderedGroup id="ro_1596925390745" caption="Regions reading order">
                <RegionRefIndexed index="0" regionRef="TextRegion_1593010787341_1514"/>
            </OrderedGroup>
        </ReadingOrder>
        <TextRegion orientation="0.0" id="TextRegion_1593010787341_1514" custom="readingOrder {index:0;}">
            <Coords points="60,278 1722,278 1722,3040 60,3040"/>
            <TextLine id="r1l3" custom="readingOrder {index:0;}">
                <Coords points="73,396 1636,415 1724,407 1725,343 74,317"/>
                <Baseline points="83,375 164,375 246,374 327,374 409,374 490,374 572,375 653,375 735,377 816,378 898,380 979,381 1061,383 1142,384 1224,386 1305,387 1387,389 1468,390 1550,393 1631,395 1713,396"/>
                <TextEquiv>
                    <Unicode>pellant, cum non fit, quod fieri debebat : peccatum, cum fit, quod fieri non debebat, </Unicode>
                </TextEquiv>
            </TextLine>
            <TextLine id="r1l4" custom="readingOrder {index:1;}">
                <Coords points="66,440 1722,482 1724,407 67,396"/>
                <Baseline points="77,432 158,431 240,429 322,429 404,429 486,429 567,429 649,431 731,431 813,432 895,434 976,435 1058,437 1140,440 1222,441 1304,443 1385,445 1467,447 1549,449 1631,452 1713,453"/>
                <TextEquiv>
                    <Unicode>S. Hieronymus uidetur delictum accepisse pro primo lapsu ad peccandum. S.</Unicode>
                </TextEquiv>
            </TextLine>
            <TextLine id="r1l5" custom="readingOrder {index:2;}">
                <Coords points="63,500 1479,529 1724,518 1725,472 64,442"/>
                <Baseline points="74,488 160,486 246,486 332,485 419,485 505,485 591,486 677,486 764,488 850,489 936,491 1022,492 1109,495 1195,497 1281,498 1367,500 1454,503 1540,504 1626,506 1713,507"/>
                <TextEquiv>
                    <Unicode>Augustinus, Peccatum, inquit a sciente, Delictum ab ignorante fit. Ego uideo uo¬</Unicode>
                </TextEquiv>
            </TextLine>
            <TextLine id="r1l6" custom="readingOrder {index:3;}">
                <Coords points="73,556 1726,583 1727,517 1671,514 74,496"/>
                <Baseline points="83,543 164,543 246,542 327,542 409,542 491,542 572,542 654,543 736,545 817,546 899,548 981,549 1062,551 1144,552 1226,554 1307,555 1389,557 1471,558 1552,560 1634,561 1716,563"/>
                <TextEquiv>
                    <Unicode>cabula illa alicubi confundi, alterumque usurpari pro altero, alicubi errorem ac de¬</Unicode>
                </TextEquiv>
            </TextLine>
            <TextLine id="r1l7" custom="readingOrder {index:4;}">
                <Coords points="73,614 1722,631 1695,570 74,556"/>
                <Baseline points="83,600 164,600 245,599 327,599 408,599 490,599 571,600 653,600 734,602 816,603 897,604 978,605 1060,606 1141,608 1223,609 1304,611 1386,612 1467,614 1549,616 1630,617 1712,618"/>
                <TextEquiv>
                    <Unicode>lictum mitius esse uocabulum, peccatum uero grauius, crimen uero, scelus, defe¬</Unicode>
                </TextEquiv>
            </TextLine>
            <TextLine id="r1l8" custom="readingOrder {index:5;}">
                <Coords points="63,679 1641,705 1723,633 64,612"/>
                <Baseline points="74,656 155,656 237,654 319,654 401,654 483,654 565,654 647,654 729,656 811,657 893,659 974,660 1056,662 1138,663 1220,665 1302,666 1384,669 1466,671 1548,672 1630,674 1712,675"/>
                <TextEquiv>
                    <Unicode>ctionem &amp; impietatem multo grauissimum. Etenim &amp; S. Augustinus, Neque quia</Unicode>
                </TextEquiv>
            </TextLine>
            <TextLine id="r1l9" custom="readingOrder {index:6;}">
                <Coords points="75,718 1726,741 1726,693 1583,679 76,670"/>
                <Baseline points="86,711 167,711 249,710 330,710 412,710 493,710 575,711 656,711 738,713 819,714 901,716 982,716 1064,717 1145,719 1227,721 1308,723 1390,725 1471,726 1553,728 1634,729 1716,731"/>
                <TextEquiv>
                    <Unicode>peccatum est omne crimen, inquit, ideo crimen est etiam omne peccatum. Itaque</Unicode>
                </TextEquiv>
            </TextLine>
            <TextLine id="r1l10" custom="readingOrder {index:7;}">
                <Coords points="67,778 1702,802 1724,750 67,731"/>
                <Baseline points="77,768 158,768 240,767 322,767 404,767 486,767 567,767 649,768 731,768 813,770 895,771 976,773 1058,774 1140,776 1222,777 1304,779 1385,780 1467,782 1549,784 1631,786 1713,788"/>
                <TextEquiv>
                    <Unicode>sanctorum hominum uitam quam diu in hac morte uiuitur, inueniri posse dicimus</Unicode>
                </TextEquiv>
            </TextLine>
            <TextLine id="r1l11" custom="readingOrder {index:8;}">
                <Coords points="76,845 1726,866 1727,804 77,774"/>
                <Baseline points="86,824 167,822 249,822 330,822 412,822 493,823 575,824 656,824 738,825 819,826 901,827 982,828 1064,830 1145,831 1227,833 1308,834 1390,837 1471,838 1553,840 1634,842 1716,845"/>
                <TextEquiv>
                    <Unicode>sine crimine : peccatum autem si dixerimus quia non habemus, ut ait S. apostolus, </Unicode>
                </TextEquiv>
            </TextLine>
            <TextLine id="r1l12" custom="readingOrder {index:9;}">
                <Coords points="67,889 1730,907 1730,861 1583,847 68,847"/>
                <Baseline points="77,879 159,879 241,878 323,878 405,878 487,879 569,879 651,880 733,881 815,882 898,884 980,884 1062,886 1144,887 1226,890 1308,891 1390,893 1472,894 1554,896 1636,897 1719,899"/>
                <TextEquiv>
                    <Unicode>nosmetipsos seducimus, &amp; ueritas in nobis non est. Apud Hebraeos uarijs uoci¬</Unicode>
                </TextEquiv>
            </TextLine>
            <TextLine id="r1l13" custom="readingOrder {index:10;}">
                <Coords points="69,945 1563,974 1717,964 1718,922 70,889"/>
                <Baseline points="80,936 161,935 242,935 323,935 405,935 486,935 567,935 649,936 730,938 811,938 893,939 974,941 1055,942 1136,944 1218,945 1299,947 1380,948 1462,950 1543,951 1624,953 1706,954"/>
                <TextEquiv>
                    <Unicode>bus effertur peccatum, significantibus prauitatem &amp; peruersitatem, delictum, erro</Unicode>
                </TextEquiv>
            </TextLine>
            <TextLine id="r1l14" custom="readingOrder {index:11;}">
                <Coords points="68,1011 1729,1025 1702,962 69,945"/>
                <Baseline points="78,990 160,990 242,990 324,990 406,990 488,990 570,992 652,992 734,993 816,995 898,996 980,997 1062,998 1144,999 1226,1001 1308,1002 1390,1005 1472,1006 1554,1007 1636,1008 1719,1010"/>
                <TextEquiv>
                    <Unicode>rem, defectum, infirmitatem, uitium, ignorantiam &amp; praeuaricationem, siue trans¬</Unicode>
                </TextEquiv>
            </TextLine>
            <TextLine id="r1l15" custom="readingOrder {index:12;}">
                <Coords points="68,1072 1713,1082 1728,1026 69,1013"/>
                <Baseline points="80,1047 161,1046 243,1046 325,1046 407,1046 489,1047 570,1047 652,1049 734,1049 816,1050 898,1052 979,1053 1061,1055 1143,1056 1225,1058 1307,1059 1388,1061 1470,1062 1552,1064 1634,1065 1716,1067"/>
                <TextEquiv>
                    <Unicode>gressionem. Nam praeuaricari, est discedere a recto, &amp; ab officio, non ingredi recta</Unicode>
                </TextEquiv>
            </TextLine>
            <TextLine id="r1l16" custom="readingOrder {index:13;}">
                <Coords points="68,1113 1589,1139 1720,1132 1721,1080 68,1072"/>
                <Baseline points="78,1101 159,1101 241,1101 322,1101 404,1103 486,1103 567,1103 649,1104 730,1106 812,1106 894,1107 975,1109 1057,1110 1138,1112 1220,1113 1302,1115 1383,1116 1465,1118 1546,1119 1628,1121 1710,1122"/>
                <TextEquiv>
                    <Unicode>uel transgredi regulam praescriptam a deo, Regula uero illa, lex est, ab Hebraeis</Unicode>
                </TextEquiv>
            </TextLine>
            <TextLine id="r1l17" custom="readingOrder {index:14;}">
                <Coords points="76,1171 1545,1204 1728,1189 1729,1131 77,1117"/>
                <Baseline points="86,1158 167,1158 249,1158 330,1158 412,1158 494,1158 575,1160 657,1160 739,1161 820,1161 902,1163 984,1164 1065,1166 1147,1167 1229,1169 1310,1170 1392,1172 1474,1173 1555,1175 1637,1177 1719,1179"/>
                <TextEquiv>
                    <Unicode>ideo nuncupata Thora, deductio inquam, uel directorium. Nam dirigit hominem</Unicode>
                </TextEquiv>
            </TextLine>
            <TextLine id="r1l18" custom="readingOrder {index:15;}">
                <Coords points="66,1223 1716,1252 1729,1201 66,1171"/>
                <Baseline points="77,1215 159,1214 241,1214 323,1214 405,1214 487,1215 569,1215 651,1217 733,1217 815,1218 898,1219 980,1220 1062,1221 1144,1223 1226,1224 1308,1226 1390,1227 1472,1229 1554,1230 1636,1232 1719,1235"/>
                <TextEquiv>
                    <Unicode>in uijs quae deo placent. Iccirco Graece appellatur peccatum anquiae &amp;&amp; aaanogiae.</Unicode>
                </TextEquiv>
            </TextLine>
            <TextLine id="r1l19" custom="readingOrder {index:16;}">
                <Coords points="61,1281 1705,1310 1723,1254 62,1223"/>
                <Baseline points="72,1271 154,1271 236,1271 318,1271 400,1271 482,1271 564,1272 646,1272 728,1273 810,1274 892,1275 974,1276 1056,1278 1138,1278 1220,1280 1302,1281 1384,1283 1466,1286 1548,1287 1630,1289 1712,1290"/>
                <TextEquiv>
                    <Unicode>Rursus significat Hebraeis peccatum auersionem, nimirum a bono ad malum: item </Unicode>
                </TextEquiv>
            </TextLine>
            <TextLine id="r1l20" custom="readingOrder {index:17;}">
                <Coords points="67,1340 1466,1369 1715,1356 1716,1310 68,1286"/>
                <Baseline points="78,1328 159,1326 240,1326 322,1326 403,1326 485,1326 566,1326 647,1328 729,1328 810,1329 892,1331 973,1332 1054,1334 1136,1335 1217,1337 1299,1338 1380,1340 1461,1341 1543,1343 1624,1346 1706,1347"/>
                <TextEquiv>
                    <Unicode>defectionem, ueluti cum te eius subtrahis imperio cui obnoxius es ac seruis: deni</Unicode>
                </TextEquiv>
            </TextLine>
            <TextLine id="r1l21" custom="readingOrder {index:18;}">
                <Coords points="74,1412 1226,1411 1269,1409 1270,1363 75,1342"/>
                <Baseline points="84,1382 142,1382 201,1382 260,1382 319,1382 377,1382 436,1383 495,1383 554,1383 612,1383 671,1383 730,1385 789,1385 847,1385 906,1386 965,1387 1024,1388 1082,1389 1141,1391 1200,1393 1259,1395"/>
                <TextEquiv>
                    <Unicode>que &amp; reatum siue crimen, quo nosipsos poenae subdimus,</Unicode>
                </TextEquiv>
            </TextLine>
            <TextLine id="r1l22" custom="readingOrder {index:19;}">
                <Coords points="144,1451 1617,1478 1705,1471 1706,1417 145,1399"/>
                <Baseline points="155,1439 232,1437 309,1437 386,1437 463,1439 540,1439 617,1439 694,1440 771,1442 848,1442 925,1443 1002,1445 1079,1446 1156,1448 1233,1449 1310,1451 1387,1453 1464,1455 1541,1457 1618,1458 1695,1460"/>
                <TextEquiv>
                    <Unicode>Certe S. Augustinus multum operae impendit, ut proprie definiret Peccatum. </Unicode>
                </TextEquiv>
            </TextLine>
            <TextLine id="r1l24" custom="readingOrder {index:20;}">
                <Coords points="74,1506 1714,1536 1698,1469 75,1450"/>
                <Baseline points="84,1493 169,1493 254,1493 339,1493 424,1493 510,1494 595,1494 680,1496 765,1497 850,1497 936,1499 1021,1500 1106,1502 1191,1504 1276,1506 1362,1508 1447,1509 1532,1511 1617,1513 1703,1515"/>
                <TextEquiv>
                    <Unicode>De Consensu euangelistarum lib. 2. Peccatum, inquit, est legis transgressio. Ad</Unicode>
                </TextEquiv>
            </TextLine>
            <TextLine id="r1l26" custom="readingOrder {index:21;}">
                <Coords points="73,1560 1624,1593 1715,1588 1716,1538 74,1506"/>
                <Baseline points="83,1548 164,1548 245,1548 326,1550 407,1550 488,1550 569,1551 651,1551 732,1553 813,1553 894,1554 975,1556 1056,1557 1137,1559 1219,1560 1300,1562 1381,1563 1462,1565 1543,1568 1624,1569 1706,1571"/>
                <TextEquiv>
                    <Unicode>Simplicianum lib. 5. Peccatum est inordinatio &amp; hominis peruersitas, id est a prae¬</Unicode>
                </TextEquiv>
            </TextLine>
            <TextLine id="r1l27" custom="readingOrder {index:22;}">
                <Coords points="76,1621 1608,1647 1722,1643 1723,1601 77,1558"/>
                <Baseline points="86,1605 167,1605 248,1605 330,1605 411,1605 492,1607 574,1607 655,1608 736,1608 818,1610 899,1611 980,1613 1062,1613 1143,1615 1224,1616 1306,1619 1387,1620 1468,1622 1550,1624 1631,1626 1713,1628"/>
                <TextEquiv>
                    <Unicode>stantiore conditore auersio, &amp; ad condita inferiora conuersio. De fide contra Ma¬</Unicode>
                </TextEquiv>
            </TextLine>
            <TextLine id="r1l28" custom="readingOrder {index:23;}">
                <Coords points="60,1685 1653,1706 1719,1697 1720,1641 61,1618"/>
                <Baseline points="71,1662 157,1661 243,1661 329,1661 416,1661 502,1662 588,1662 674,1664 761,1665 847,1666 933,1667 1019,1668 1106,1671 1192,1673 1278,1674 1364,1676 1451,1678 1537,1680 1623,1682 1710,1683"/>
                <TextEquiv>
                    <Unicode>nichaeos cap. 8. Peccare quid aliud est, inquit, nisi in ueritatis preceptis, uel in ipsa</Unicode>
                </TextEquiv>
            </TextLine>
            <TextLine id="r1l29" custom="readingOrder {index:24;}">
                <Coords points="60,1733 1694,1754 1716,1696 61,1685"/>
                <Baseline points="71,1716 152,1716 234,1716 315,1716 397,1716 479,1717 560,1718 642,1719 724,1719 805,1721 887,1722 969,1724 1050,1725 1132,1727 1214,1728 1295,1730 1377,1731 1459,1733 1540,1734 1622,1736 1704,1737"/>
                <TextEquiv>
                    <Unicode>ueritate errare? Et contra Faustum Manichaeum lib. 22. cap. 27. Peccatum est fa¬</Unicode>
                </TextEquiv>
            </TextLine>
            <TextLine id="r1l30" custom="readingOrder {index:25;}">
                <Coords points="69,1787 1711,1807 1712,1749 70,1733"/>
                <Baseline points="80,1773 161,1772 242,1772 323,1772 404,1772 485,1773 566,1773 647,1775 728,1775 809,1776 890,1778 971,1778 1052,1780 1133,1781 1214,1782 1295,1784 1376,1785 1457,1787 1538,1788 1619,1790 1701,1791"/>
                <TextEquiv>
                    <Unicode>ctum, uel dictum, uel concupitum aliquid, contra legem dei. Idem de duabus ani</Unicode>
                </TextEquiv>
            </TextLine>
            <TextLine id="r1l31" custom="readingOrder {index:26;}">
                <Coords points="72,1837 1714,1858 1700,1812 1509,1797 72,1793"/>
                <Baseline points="83,1827 164,1827 245,1827 326,1829 407,1829 488,1829 569,1830 650,1830 731,1832 812,1832 893,1833 974,1835 1055,1836 1136,1838 1217,1839 1298,1840 1379,1841 1460,1843 1541,1844 1622,1847 1703,1847"/>
                <TextEquiv>
                    <Unicode>mabus contra Manichaeos cap. 11. dicit, Peccatum est uoluntas retinendi uel con¬</Unicode>
                </TextEquiv>
            </TextLine>
            <TextLine id="r1l32" custom="readingOrder {index:27;}">
                <Coords points="67,1897 1720,1912 1539,1847 68,1839"/>
                <Baseline points="77,1884 158,1884 240,1884 321,1884 403,1884 485,1886 566,1886 648,1886 729,1887 811,1889 893,1889 974,1890 1056,1892 1137,1893 1219,1895 1301,1896 1382,1898 1464,1899 1545,1901 1627,1902 1709,1904"/>
                <TextEquiv>
                    <Unicode>sequendi quod iustitia uetat, &amp; non liberum est abstinere. Et Retractat. lib. 5. cap. </Unicode>
                </TextEquiv>
            </TextLine>
            <TextLine id="r1l33" custom="readingOrder {index:28;}">
                <Coords points="68,1963 1717,1968 1717,1912 69,1911"/>
                <Baseline points="78,1943 159,1941 240,1941 322,1941 403,1941 485,1941 566,1943 647,1943 729,1944 810,1944 892,1946 973,1947 1054,1949 1136,1950 1217,1951 1299,1952 1380,1953 1461,1955 1543,1956 1624,1958 1706,1959"/>
                <TextEquiv>
                    <Unicode>15. Voluntas illa est, ait, animi motus, cogente nullo, ad aliquid uel non amittendum</Unicode>
                </TextEquiv>
            </TextLine>
            <TextLine id="r1l34" custom="readingOrder {index:29;}">
                <Coords points="66,2011 1589,2039 1715,1989 66,1963"/>
                <Baseline points="77,1998 158,1998 239,1997 320,1997 402,1997 483,1998 564,1998 646,2000 727,2000 808,2001 890,2002 971,2003 1052,2004 1133,2006 1215,2007 1296,2009 1377,2010 1459,2011 1540,2012 1621,2013 1703,2015"/>
                <TextEquiv>
                    <Unicode>uel adipiscendum. Quas finitiones omnes ut non prorsus repudio, ita hanc ex-</Unicode>
                </TextEquiv>
            </TextLine>
            <TextLine id="r1l35" custom="readingOrder {index:30;}">
                <Coords points="64,2073 1713,2091 1713,2031 1653,2024 65,2011"/>
                <Baseline points="74,2052 155,2052 236,2052 318,2054 399,2054 481,2054 562,2055 644,2055 725,2057 807,2058 888,2058 969,2060 1051,2061 1132,2063 1214,2063 1295,2064 1377,2066 1458,2067 1540,2069 1621,2069 1703,2070"/>
                <TextEquiv>
                    <Unicode>pendendam propono, Peccatum est corruptio natiua hominis, &amp; quae ex ea exi-</Unicode>
                </TextEquiv>
            </TextLine>
            <TextLine id="r1l36" custom="readingOrder {index:31;}">
                <Coords points="67,2115 1713,2148 1662,2081 68,2071"/>
                <Baseline points="77,2109 158,2109 239,2109 320,2109 402,2111 483,2111 564,2112 646,2112 727,2114 808,2114 890,2115 971,2117 1052,2117 1133,2118 1215,2120 1296,2121 1377,2123 1459,2124 1540,2126 1621,2127 1703,2127"/>
                <TextEquiv>
                    <Unicode>stit actio, legi dei repugnans, huius iram, mortem inquam, &amp; supplicta uaria no¬</Unicode>
                </TextEquiv>
            </TextLine>
            <TextLine id="r1l37" custom="readingOrder {index:32;}">
                <Coords points="61,2177 1686,2203 1702,2139 62,2115"/>
                <Baseline points="71,2163 152,2163 233,2165 314,2165 395,2166 476,2166 557,2168 638,2168 719,2169 800,2169 881,2171 962,2172 1043,2173 1124,2174 1205,2175 1286,2177 1367,2178 1448,2180 1529,2181 1610,2183 1691,2186"/>
                <TextEquiv>
                    <Unicode>bis concilians. Audis hanc peccati descriptionem suis constare partibus. Audis</Unicode>
                </TextEquiv>
            </TextLine>
            <TextLine id="r1l38" custom="readingOrder {index:33;}">
                <Coords points="58,2238 1713,2245 1622,2190 58,2188"/>
                <Baseline points="68,2220 149,2220 231,2220 313,2220 395,2221 476,2222 558,2223 640,2223 722,2225 803,2226 885,2228 967,2229 1049,2229 1130,2231 1212,2232 1294,2234 1376,2235 1457,2237 1539,2237 1621,2238 1703,2238"/>
                <TextEquiv>
                    <Unicode>corruptionem natiuam: iuxta quam non competit haec definitio peccato primo¬</Unicode>
                </TextEquiv>
            </TextLine>
            <TextLine id="r1l39" custom="readingOrder {index:34;}">
                <Coords points="51,2288 1708,2306 1605,2245 52,2240"/>
                <Baseline points="62,2274 143,2274 225,2276 307,2276 389,2277 470,2277 552,2279 634,2280 716,2281 797,2282 879,2283 961,2285 1043,2286 1124,2288 1206,2289 1288,2289 1370,2291 1451,2292 1533,2294 1615,2294 1697,2295"/>
                <TextEquiv>
                    <Unicode>rum parentum, in quibus nulla fuit natiua corruptio. De quo suo loco. Audis a¬</Unicode>
                </TextEquiv>
            </TextLine>
            <TextLine id="r1l40" custom="readingOrder {index:35;}">
                <Coords points="68,2340 1715,2370 1715,2305 69,2290"/>
                <Baseline points="78,2330 159,2330 240,2331 321,2331 403,2333 484,2334 565,2334 647,2336 728,2337 809,2339 891,2339 972,2340 1053,2342 1134,2343 1216,2345 1297,2346 1378,2347 1460,2348 1541,2349 1622,2351 1704,2351"/>
                <TextEquiv>
                    <Unicode>ctionem quae ex illa existit, pugnantem cum lege dei. Audis peccatum nobis dei</Unicode>
                </TextEquiv>
            </TextLine>
            <TextLine id="r1l41" custom="readingOrder {index:36;}">
                <Coords points="71,2398 1651,2435 1714,2369 72,2344"/>
                <Baseline points="81,2385 162,2385 243,2387 324,2387 405,2388 486,2390 567,2390 649,2391 730,2393 811,2394 892,2396 973,2397 1054,2399 1135,2400 1217,2400 1298,2402 1379,2403 1460,2405 1541,2406 1622,2408 1704,2408"/>
                <TextEquiv>
                    <Unicode>iram conciliare, hoc est, mortem &amp; supplicia uaria ore dei peccato intentata. De</Unicode>
                </TextEquiv>
            </TextLine>
            <TextLine id="r1l42" custom="readingOrder {index:37;}">
                <Coords points="61,2467 1462,2475 1463,2429 62,2396"/>
                <Baseline points="72,2441 141,2442 210,2442 279,2442 348,2444 417,2444 486,2445 555,2447 624,2447 693,2448 762,2449 831,2450 900,2451 969,2453 1038,2454 1107,2454 1176,2456 1245,2457 1314,2459 1383,2460 1452,2460"/>
                <TextEquiv>
                    <Unicode>quibus consequenter &amp; ordine, quantum dederit dominus, dicemus,</Unicode>
                </TextEquiv>
            </TextLine>
            <TextLine id="line_1593010787400_1517" custom="readingOrder {index:38;}">
                <Coords points="153,2516 1732,2537 1721,2469 154,2454"/>
                <Baseline points="164,2496 252,2498 341,2498 429,2501 518,2501 606,2502 695,2504 783,2505 872,2507 960,2508 1049,2510 1137,2511 1226,2513 1314,2514 1403,2516 1491,2517 1580,2519 1668,2520 1722,2521"/>
                <TextEquiv>
                    <Unicode>Videtur autem haec dissertatio commodissime sumere initium a peccati origi </Unicode>
                </TextEquiv>
            </TextLine>
            <TextLine id="line_1593010787400_1519" custom="readingOrder {index:39;}">
                <Coords points="49,2579 1732,2598 1733,2537 50,2518"/>
                <Baseline points="60,2555 151,2555 242,2555 333,2556 425,2556 516,2558 607,2559 699,2559 790,2561 881,2563 973,2564 1064,2565 1155,2568 1246,2570 1338,2571 1429,2573 1520,2574 1612,2576 1703,2577 1722,2577"/>
                <TextEquiv>
                    <Unicode>ne, caussa &amp; authore. Mali uel peccati originem, deriuant alij ex fato stellarum, dicen</Unicode>
                </TextEquiv>
            </TextLine>
            <TextLine id="line_1593010787401_1521" custom="readingOrder {index:40;}">
                <Coords points="58,2627 1732,2650 1666,2587 59,2575"/>
                <Baseline points="69,2609 154,2610 239,2610 324,2611 409,2612 495,2613 580,2615 665,2615 750,2617 835,2618 921,2620 1006,2622 1091,2623 1176,2625 1261,2627 1347,2628 1432,2630 1517,2631 1602,2633 1687,2634 1722,2634"/>
                <TextEquiv>
                    <Unicode>tes, Peccaui, quia infausto sum sydere natus. Alij dum peccant, &amp; propter peccatum</Unicode>
                </TextEquiv>
            </TextLine>
            <TextLine id="r1l46" custom="readingOrder {index:41;}">
                <Coords points="64,2679 1708,2703 1708,2651 1640,2641 64,2635"/>
                <Baseline points="75,2666 156,2666 237,2666 318,2667 399,2667 480,2669 561,2670 643,2671 724,2672 805,2673 886,2675 967,2676 1048,2678 1129,2679 1211,2681 1292,2682 1373,2684 1454,2685 1535,2687 1616,2688 1698,2690"/>
                <TextEquiv>
                    <Unicode>obiurgantur, respondent, Non ego sed diabolus in culpa est quod hoc admisi faci</Unicode>
                </TextEquiv>
            </TextLine>
            <TextLine id="r1l47" custom="readingOrder {index:42;}">
                <Coords points="64,2733 1704,2770 1674,2696 65,2689"/>
                <Baseline points="75,2721 160,2721 245,2722 330,2723 415,2723 501,2724 586,2726 671,2727 756,2729 841,2730 927,2732 1012,2733 1097,2735 1182,2736 1267,2738 1353,2739 1438,2741 1523,2742 1608,2744 1694,2745"/>
                <TextEquiv>
                    <Unicode>nus. Aliquando dimissis omnibus excusationibus, directa in deum homines cul¬</Unicode>
                </TextEquiv>
            </TextLine>
            <TextLine id="r1l48" custom="readingOrder {index:43;}">
                <Coords points="64,2797 1700,2824 1701,2768 65,2735"/>
                <Baseline points="75,2777 155,2777 236,2778 317,2780 397,2780 478,2781 559,2781 639,2783 720,2784 801,2786 882,2787 962,2787 1043,2789 1124,2790 1204,2792 1285,2794 1366,2796 1446,2798 1527,2799 1608,2802 1689,2804"/>
                <TextEquiv>
                    <Unicode>pam coniicientes, ait, Deus ita uoluit. Nam si noluisset, non peccassem. Alius, </Unicode>
                </TextEquiv>
            </TextLine>
            <TextLine id="r1l49" custom="readingOrder {index:44;}">
                <Coords points="62,2847 1702,2883 1703,2819 1637,2811 63,2797"/>
                <Baseline points="72,2832 157,2832 242,2834 327,2834 412,2835 498,2837 583,2838 668,2840 753,2841 838,2842 924,2844 1009,2846 1094,2847 1179,2849 1264,2850 1350,2852 1435,2853 1520,2855 1605,2856 1691,2858"/>
                <TextEquiv>
                    <Unicode>Cum deus, inquit, prohibere potuisset, nec tamen prohibuit, ipse peccati mei au¬</Unicode>
                </TextEquiv>
            </TextLine>
            <TextLine id="r1l50" custom="readingOrder {index:45;}">
                <Coords points="61,2899 1669,2937 1710,2880 61,2849"/>
                <Baseline points="72,2888 153,2888 234,2889 315,2889 397,2891 478,2892 559,2894 641,2894 722,2895 803,2897 885,2898 966,2900 1047,2901 1128,2903 1210,2904 1291,2906 1372,2907 1454,2909 1535,2912 1616,2913 1698,2915"/>
                <TextEquiv>
                    <Unicode>thor est. Caeterum nouum non est hominibus blasphemam acuere linguam contra</Unicode>
                </TextEquiv>
            </TextLine>
            <TextLine id="r1l51" custom="readingOrder {index:46;}">
                <Coords points="62,2955 1704,2979 1704,2938 1578,2921 62,2908"/>
                <Baseline points="72,2945 153,2945 234,2945 315,2946 396,2946 477,2948 558,2949 639,2951 720,2952 801,2954 883,2955 964,2957 1045,2958 1126,2960 1207,2961 1288,2963 1369,2964 1450,2966 1531,2967 1612,2969 1694,2970"/>
                <TextEquiv>
                    <Unicode>omnium dominum. Primi enim parentes nostri dum peccassent, &amp; peccati comissi accu</Unicode>
                </TextEquiv>
            </TextLine>
            <TextLine id="r1l52" custom="readingOrder {index:47;}">
                <Coords points="55,3026 1583,3059 1704,3047 1705,2980 56,2959"/>
                <Baseline points="65,3003 146,3003 227,3003 309,3003 390,3003 472,3005 553,3006 635,3008 716,3009 798,3011 879,3012 960,3014 1042,3016 1123,3018 1205,3020 1286,3021 1368,3023 1449,3024 1531,3025 1612,3026 1694,3027"/>
                <TextEquiv>
                    <Unicode>sarentur a deo, a seipsis comissum scelus transferunt in alios, nec ingenue ueritatum</Unicode>
                </TextEquiv>
            </TextLine>
            <TextEquiv>
                <Unicode>pellant, cum non fit, quod fieri debebat : peccatum, cum fit, quod fieri non debebat, 
S. Hieronymus uidetur delictum accepisse pro primo lapsu ad peccandum. S.
Augustinus, Peccatum, inquit a sciente, Delictum ab ignorante fit. Ego uideo uo¬
cabula illa alicubi confundi, alterumque usurpari pro altero, alicubi errorem ac de¬
lictum mitius esse uocabulum, peccatum uero grauius, crimen uero, scelus, defe¬
ctionem &amp; impietatem multo grauissimum. Etenim &amp; S. Augustinus, Neque quia
peccatum est omne crimen, inquit, ideo crimen est etiam omne peccatum. Itaque
sanctorum hominum uitam quam diu in hac morte uiuitur, inueniri posse dicimus
sine crimine : peccatum autem si dixerimus quia non habemus, ut ait S. apostolus, 
nosmetipsos seducimus, &amp; ueritas in nobis non est. Apud Hebraeos uarijs uoci¬
bus effertur peccatum, significantibus prauitatem &amp; peruersitatem, delictum, erro
rem, defectum, infirmitatem, uitium, ignorantiam &amp; praeuaricationem, siue trans¬
gressionem. Nam praeuaricari, est discedere a recto, &amp; ab officio, non ingredi recta
uel transgredi regulam praescriptam a deo, Regula uero illa, lex est, ab Hebraeis
ideo nuncupata Thora, deductio inquam, uel directorium. Nam dirigit hominem
in uijs quae deo placent. Iccirco Graece appellatur peccatum anquiae &amp;&amp; aaanogiae.
Rursus significat Hebraeis peccatum auersionem, nimirum a bono ad malum: item 
defectionem, ueluti cum te eius subtrahis imperio cui obnoxius es ac seruis: deni
que &amp; reatum siue crimen, quo nosipsos poenae subdimus,
Certe S. Augustinus multum operae impendit, ut proprie definiret Peccatum. 
De Consensu euangelistarum lib. 2. Peccatum, inquit, est legis transgressio. Ad
Simplicianum lib. 5. Peccatum est inordinatio &amp; hominis peruersitas, id est a prae¬
stantiore conditore auersio, &amp; ad condita inferiora conuersio. De fide contra Ma¬
nichaeos cap. 8. Peccare quid aliud est, inquit, nisi in ueritatis preceptis, uel in ipsa
ueritate errare? Et contra Faustum Manichaeum lib. 22. cap. 27. Peccatum est fa¬
ctum, uel dictum, uel concupitum aliquid, contra legem dei. Idem de duabus ani
mabus contra Manichaeos cap. 11. dicit, Peccatum est uoluntas retinendi uel con¬
sequendi quod iustitia uetat, &amp; non liberum est abstinere. Et Retractat. lib. 5. cap. 
15. Voluntas illa est, ait, animi motus, cogente nullo, ad aliquid uel non amittendum
uel adipiscendum. Quas finitiones omnes ut non prorsus repudio, ita hanc ex-
pendendam propono, Peccatum est corruptio natiua hominis, &amp; quae ex ea exi-
stit actio, legi dei repugnans, huius iram, mortem inquam, &amp; supplicta uaria no¬
bis concilians. Audis hanc peccati descriptionem suis constare partibus. Audis
corruptionem natiuam: iuxta quam non competit haec definitio peccato primo¬
rum parentum, in quibus nulla fuit natiua corruptio. De quo suo loco. Audis a¬
ctionem quae ex illa existit, pugnantem cum lege dei. Audis peccatum nobis dei
iram conciliare, hoc est, mortem &amp; supplicia uaria ore dei peccato intentata. De
quibus consequenter &amp; ordine, quantum dederit dominus, dicemus,
Videtur autem haec dissertatio commodissime sumere initium a peccati origi 
ne, caussa &amp; authore. Mali uel peccati originem, deriuant alij ex fato stellarum, dicen
tes, Peccaui, quia infausto sum sydere natus. Alij dum peccant, &amp; propter peccatum
obiurgantur, respondent, Non ego sed diabolus in culpa est quod hoc admisi faci
nus. Aliquando dimissis omnibus excusationibus, directa in deum homines cul¬
pam coniicientes, ait, Deus ita uoluit. Nam si noluisset, non peccassem. Alius, 
Cum deus, inquit, prohibere potuisset, nec tamen prohibuit, ipse peccati mei au¬
thor est. Caeterum nouum non est hominibus blasphemam acuere linguam contra
omnium dominum. Primi enim parentes nostri dum peccassent, &amp; peccati comissi accu
sarentur a deo, a seipsis comissum scelus transferunt in alios, nec ingenue ueritatum</Unicode>
            </TextEquiv>
        </TextRegion>
    </Page>
</PcGts>
