2288 3632
519 255 2157 364 ostendit tanquam symbolum eius, quod lege lata iniunxerat, nempe obediendum
517 329 2170 418 esse domino soli, utpote sapienti & benefico, optimo, maximo deo & creatori suo.
516 384 2167 467 Ac quid oro in his erat difficultatis aut obscuritatis? Nobiscum sentit S. Augusti¬
512 446 2173 522 nus qui libro de natura boni aduersus Manichaeos cap. 35. Ad hoc, inquit, prohi¬
531 498 2170 584 buerat, ut ostenderet naturam animae rationalis, non in sua potestate, sed deo sub¬
520 561 2166 639 ditam esse debere, & ordinem suae salutis per obedientiam custodire, per inobedien
523 622 2163 703 tiam corrumpere. Hinc & arborem quam tangi uetuit, sic appellauit dignoscen¬
521 671 2172 752 tiae boni & mali: qui cum eam contra uetitum tetigisset, experiretur poenam pec¬
520 732 2158 801 cati, & eo modo dignosceret, quid interesset inter obedientiae bonum, & inter ino
522 778 2161 865 bedientiae malum. lam uero cum subrepsit serpens, & homini alias formas boni &
526 835 2173 911 mali suggessit, legi dei ex diametro contrarias, homo autem eas recepit, perfide a
522 907 2173 975 deo defecit, sua certe culpa inobediens interijt. Vnde iuste egit deus ubique & sem
535 947 1960 1041 per, iniustissimus apparet homo & ingratissimus utcunque rem aestimes.,
610 1001 2177 1082 Caeterum cum labilem dicimus conditum hominem, id non ita intelligi uolu¬
526 1067 2163 1141 mus, quasi uel tantillum infirmitatis in primo illo homine ante lapsum fuisse exi-
536 1115 2167 1199 stimemus. Nam ut modis omnibus absolutissimus, sic nullo modo ut peccaret aut
534 1188 2172 1255 interiret creatus fuit. Nam deus qui unus est substantia, trinus personis, dixit, Fa¬
531 1242 2175 1308 ciemus hominem in imagine nostra, secundum similitudinem nostram. Est autem
532 1285 2167 1371 aelaem effigies & imitamentum alterius. Demuth uero est ipsum exemplar a quo
535 1339 2173 1423 effigies deformatur. Proinde est in ipso deo exemplar, ad cuius imitationem for¬
528 1405 2178 1476 matur effigies uel similitudo. Porro nequit haec esse ipsum corpus. Nam deus spi¬
525 1452 2172 1537 ritus est, alienissimus a natura luti: necesse est ergo imaginem dei referre ad spiri¬
523 1504 2178 1591 tualia, nimirum ad immortalitatem, ueritatem, iustitiam, & sanctimoniam. Ita enim
532 1562 2169 1643 scriptum reliquit beatissimus apostolus Paulus, Renouamini spiritu mentis, &
534 1618 2185 1699 induite nouum hominem, qui iuxta deum conditus est in iustitia & sanctitate ue
523 1672 2182 1761 ritatis. Proinde nihil ad absolutissimam perfectionem primo defuit homini: ut sic
535 1734 2177 1816 uel caeco appareat, hominem non ad mortem & interitum esse creatum, sed ad ui¬
529 1792 1440 1868 tam & beatitudinem seu felicitatem plenam.
638 1846 2176 1924 Verum, inquiunt, praesciuit deus lapsum hominis, quem si uoluisset, impedi¬
537 1913 2173 1977 re potuisset: iam cum non impediuit, dei culpa Adam peccauit. Egregia uero cen
532 1971 2172 2037 sebitur disputatio, si dei timore posito, quaelibet in buccam uenientia, contra ma¬
535 2012 2175 2088 iestatem dei expuere licet, Rei ponsum est mox ab initio huius disputationis ad
528 2079 2166 2148 hanc obiectionem, Praeterea non sequitur ex praescientia dei ulla necessitas, ut ne
535 2136 2175 2198 cessitate peccarit Adam, quod ipsum peccaturum praesciuit deus. Praescit prudens
532 2179 2179 2256 aliquis pater ex signis aliquot funestis, aliquando filium suum perimendum gla¬
532 2233 2181 2307 dio. Neo fallit praescientia. Confoditur enim propter fornicationem. Atqui non
523 2306 2171 2363 ideo confossus creditur, quia pater ipsum prenouit perimendum: sed quia adulter
529 2345 2178 2433 fuit. Ideoque S. Ambrosius, siue quisquis tandem is author fuerit 2 lib. de Gentium
529 2405 2173 2480 uocatione cap. 4. de parricidio Caini loquens, Vtique praesciebat deus, inquit, ad
528 2462 2179 2535 quem finem progressurus esset furor insanientis. Neque ex eo quod salli scientia
537 2525 2181 2589 diuina non poterat, necessitate peccandi urgebatur facinus uoluntatis, &c. Et
528 2585 2175 2648 Augustinus libro de libero arbitrio, lib. 3. cap. 4. Sicut tu memoria tua non cogis
522 2631 2167 2699 facta esse, ait, quae praeterierunt, sic deus praescientia sua non cogit facienda quae
534 2681 2173 2757 futura sunt Et sicut tu quaedam quae fecisti, meministi : nec tamen quae meministi
525 2742 2176 2818 omnia fecisti: ita deus omnia quorum ipse author est praescit, nec tamen omnium
528 2811 2166 2871 quae praescit ipse author est. Quorum autem non est malus author, iustus est ultor.
519 2860 745 2938 Et reliqua.
603 2897 2182 2990 Proximae obiectioni cognata est sequens. Deus ab eterno, inquiunt, decreuit
