2288 3632
534 272 2204 365 haec sunt, Vt sine uirtute, ita sine uitio procreamur. Atque ante actionem propriae
541 350 2204 416 uoluntatis, id solum in homine est, quod deus condidit. Tectius hic quidem, at Ce
538 392 2191 482 lestinus Pelagij consors, apertius uirus hoc euomuit, ac dixit, In remisionem au
534 454 2203 532 tem peccatorum baptisandos insantes non ideo diximus, ut peccatum ex traduce
542 501 2200 587 firmare uideamur, quod longe a catholico sensu alienum est. Quia peccatum non
540 562 2206 643 cum homine nascitur, quod postmodum exercetur ab homine: quia non naturae
539 617 2192 705 delictum, sed uoluntatis esse demonstratur, Rursus Pelagius dixit, non tantum pri¬
542 674 2195 758 mo homini, sed etiam humano generi primum illud obfuisse peccatum : uerum mox
541 732 2203 811 adiincit, Non propagine, sed exemplo, id est, non quod ex illo aliquod traxerint ui
550 796 2200 865 tium, qui ex illo propagati sunt, sed quod eum primum peccantem imitati sunt om
544 842 2196 928 nes qui postmodum peccauerunt. Haec extant apud Aurel. August. de peccato
553 899 1783 989 originali contra Pelagium & Celestinum lib. 2. cap. 6. 13. & 15¬
633 942 2205 1029 Demonstrandum ergo nobis ex sanctarum scripturarum testimonijs, esse in
553 1009 2191 1091 homine haereditarium malum, & nasci nobiscum originis peccatum, id est, omnes
544 1065 2191 1154 homines peccatores in mundum nasci. Clamat ergo disertis uerbis Dauid Psalm,
554 1130 2197 1207 5t. Ecce in iniquitatibus conceptus sum, & in peccatis concepit me mater mea¬
546 1180 2203 1271 Siue ut habet alia ex Hebraeo uersio, Ecce in iniquitate formatus sum, & in pecca
550 1233 2205 1318 to fouit uel calefecit me mater mea. Id est, tum protinus adhaerescebat mihi pecca
547 1289 2206 1372 tum & iniquitas, cum conciperer & alerer in utero materno. Id quod proculdu¬
550 1345 2197 1431 bio non erat ex uitio matrimonij. Sanctum enim & impollutum est cubile coniu¬
552 1409 2202 1496 gum: sed ex traduce & propagine. Nam lob in cap. 14. clare dicit, Quis dabit aut
554 1467 2196 1549 proferet purum uel mundum ex immunda(nimirum massane unus quidem, haud
556 1515 2194 1607 dubie, proferri poterit. Eius generis sequuntur & alia quaedam in lobi cap. 15. &
553 1580 2208 1650 25. Clarissime uero sanctus Christi apostolus Paulus ad Romanos 5. Quemadmo
550 1627 2203 1712 dum, ait, per unum hominem peccatum in mundum introijt, ac per peccatum mors,
556 1691 2206 1758 & sic in omnes homines mors peruasit, quatenus omnes peccauerunt. Vsque ad
561 1752 2205 1815 legem enim peccatum erat in mundo : porro peccatum non imputatur cum non
553 1793 2206 1881 est lex. lmo regnauit mors ab Adam usque ad Mosen in eos quoque qui non pecca¬
553 1852 2203 1929 uerant ad similitudinem transgressionis Adam, &c. An non hisce uerbis propaga
545 1914 2214 1999 tionem peccati clarissime ostendit apostolus, dicens, Per unum hominem intrauit
550 1963 2211 2054 peccatum in mundum. In omnes homines mors peruasit, quatenus scilicet omnes
555 2027 2205 2108 peccauerunt, nimirum quatenus omnes obnoxij sunt corruptioni. Imo ne ulli
561 2087 2205 2149 uel ante Mosen, uel post Mosen exciperentur homines, subiungit, Regnauit mors
545 2134 2206 2215 ab Adam usque ad Mosen, in eos quoque, qui non peccauerant ad similitudinem
559 2194 2211 2265 transgressionis Adam, id est, qui nondum sua & propria quidem uoluntate, sicut
546 2238 2203 2329 ille, peccauerant, sed ab ipso originis peccatum traxerant. S. Augustinus baec ple
554 2315 2206 2379 nius excutit & tractat libro de peccatorum meritis & remissione primo, cap. 9. 10.
546 2353 2205 2434 11. & sequentibus, Rursus uero Paulus in 7. ad Rom. cap. hoc malum, inhabitans
558 2426 2211 2494 appellat peccatum, nimirum congenitum. Addit enim, Ego carnalis sum, uendi¬
555 2479 2212 2540 tus sub peccatum. Et, Noui quod non habitet in me, id est, in carne mea, bonum,
555 2522 2206 2597 Ideoque & beatus apostolus & euangelista Ioannes. Si dixerimus, inquit, peccatum
555 2588 2213 2659 non habemus, nosipsos fallimus, & ueritas in nobis non est. Significanter autem
560 2635 2212 2719 dixit habemus, non habuimus aut habebimus. Nam id ex natura corrupta pro¬
555 2704 2203 2781 prium habemus. Proinde constat iam falsum esse quod Pelagiani finxerunt, nos
558 2748 2211 2834 procreari sine uitio: falsum est, uoluntariam duntaxat actionem non etiam corru¬
547 2815 2202 2888 ptionem & deprauationem quae nondum prorupit in opus prauum, esse pecca¬
547 2866 2210 2934 tum. Et Augustinus alicubi originale uocat & ipsum uoluntarium peccatum, idque
547 2929 2205 2997 ratione duplici, Principio non per se quidem, sed respectu Adae, quia ex primi ho
