2288 3632
71 244 1742 337 stulta admodum uidentur. Neque enim mentitus est, qui dixit, Animalis homo non
81 329 1749 396 accipit ea quae sunt spiritus dei: stultitia siquidem illi sunt, nec potest cognoscere
86 379 1744 454 quod spiritualiter dijudicantur. Appellauit autem Paulus animalem hominem,
83 436 1743 510 uitali anima uiuentem naturaliter, nondum renatum. Tales uero cum adhuc su¬
87 488 1745 574 mus, toti certe regimur at philautia. Est ea amor & studium sui nimium, quo nobis
92 549 1742 621 omnia nostra eximie placent, nostrisque commodis impense studemus, omnibus a¬
91 591 1753 678 lijs interim uel neglectis, uel etiam afflictis. Nec temere Plato id uitij malorum om-
85 657 1747 743 nium fontem existimauit. Praeterea uoluntas tota nostra captiua ducitur a concu
94 717 1744 798 piscentia, quae ueluti radix imbuta ueneno, omnia hominis inficit, hominemque in¬
87 774 1737 852 clinat, trahit & impellit ad carnalia & uetita deoque contraria, ut ipsa persequatur
85 830 1741 912 cupide, in eis omnem quaerat delectationem ac conquiescat. Iam & facultates ad
90 877 1742 960 bonum sunt nobis nulle. Segnes enim ignaui & torpidi sumus ad omne bonum,
95 948 1735 1023 prompti uero & alacres ad res pessimas quasque. Et ut semel finiam, breuibusque to¬
84 1001 1748 1073 tam uim prauitatis corruptionisque nostrae haereditariae exprimam, deprauatio illa
92 1053 1738 1132 naturae nostrae aliud non est quam imaginis dei in nobis expunctio. Imago dei e¬
85 1110 1718 1189 rat ante lapsum in patre nostro Adamo, quae fuit, iuxta interpretationem aposto
93 1158 1714 1236 licam, conformitas & participatio diuinae sapientiae, iustitiae, sanctitatis, ueritatis
91 1211 1739 1302 integritatis & innocentiae, adde & immortalitatis felicitatisque aeternae. Ergo quid
85 1279 1734 1363 aliud obliteratio aut expunctio huius imaginis esse potest, quam peccatum origi
91 1331 1730 1407 nis, uidelicet odium dei, ignorantia dei, stultitia, diffidentia, desperatio, Quayaae,
97 1381 1745 1463 iniustitia, immunditia, mendacium, hypocrisis, uanitas, corruptio, iniuria, & conscele
94 1440 1735 1518 ratio, adde & mortalitas infelicitasque aeterna. Haec imago & similitudo propagata
104 1498 1731 1576 est in nos omnes, iuxta quod legimus 5. cap. Gene. Adam genuit in similitudine &
86 1549 1725 1634 imagine sua filium. Proinde qualis erat corruptus, deprauatus & calamitosissimus
84 1613 1742 1683 Adam pater noster, tales nos genuit filios: sic ut omnes nos qui ab impuro semine
90 1671 1735 1743 descendimus, peccati contagione nascamur infecti. Aradice enim putrefacta, rami
91 1714 1733 1804 putridi prodeunt, qui suam putredinem transmittunt in alios ex se nascentes surculos,
175 1769 1745 1859 Et hoc quidem malum, haec corruptio, hoc peccatum, quamuis in insantibus
82 1827 1735 1910 lateat, nondum per aetatem teneram erumpat in opus, proprie tamen peccatum,
91 1885 1730 1958 & huiusmodi quidem peccatum est, quod eos agit reos irae diuinae, separatque a con
85 1939 1724 2014 sortio dei. Cum deo enim sanctissimo & igne consumente nemo nisi immacula¬
95 1999 1732 2069 tus & purissimus habitare potest. Et Paulus. Omnes, inquit, peccauerunt, & de¬
81 2048 1724 2124 stituuntur, siue egent gloria dei. Gloria haec dei, ipsa est imago dei: hac quia desti
91 2116 1724 2190 tuuntur originali peccato deprauati, repelluntur merito a consortio dei. Huc per
84 2168 1717 2241 tinet praeterea tota illa disputatio quam habuimus Sermone q. decadis 3. de con¬
85 2223 1727 2308 cupiscentia: ubi docui ipsam concupiscentiam nondum in opus productam, pec
82 2275 1730 2349 catum & huiusmodi peccatum esse, quod omnes homines maledictioni subdat di
89 2339 1735 2417 uinae. Scriptum est enim, Maledictus omnis qui non manserit in omnibus quae scri
79 2396 1714 2475 pta sunt in libro legis huius. Proinde hic est primarius effectus pecccati origina.
88 2448 1722 2522 lis, quod iram mortem atque condemnationem inducit insantibus adeoque & omni-
79 2495 1726 2584 bus hominibus. Id quod, ne quid dubij in cuiusquam animo resideat, copiosiori-
85 2553 1718 2643 bus scripturarum testimonijs demonstrabo, ijs non repetitis iterum quae superius
92 2615 1409 2678 in hoc sermone, & in quarto sermone decadis tertiae adduximus,
175 2664 1711 2748 Dominus in euangelio dicit ad Nicodemum, Amen dico tibi, nisi quis natus
75 2726 1711 2807 fuerit e supernis, non potest uidere regnum dei. Et iterum, Amen dico tibi, nisi quis
79 2786 1720 2852 natus fuerit ex aqua & spiritu, non potest introire in regnum dei. Quod natum
82 2841 1717 2912 est ex carne, caro est, & quod natum est ex spiritu, spiritus est. Duo in his uerbis
86 2897 1711 2980 proponuntur memoranda & instituto nostro ualde congruentia. Prius, Non in¬
