2288 3632
527 276 2174 371 quam est humana & infirma suspicione conijcitur: ueluti cum quaeritur qualis uel
522 356 2177 419 ubi sit paradysus, ubi constituit deus hominem, quem formauit ex puluere, cum ta¬
535 392 2182 483 men esse illum paradysum, fides Christiana non dubitet? Et post aliquot similes re¬
529 454 2172 538 citatas quaestiones,. Quis, inquit non sentiat in his & huiusmodi uarijs & innume¬
532 501 2183 591 rabilibus quaestionibus, siue ad obscurissima opera dei, siue ad scripturarum abdi¬
538 561 2179 640 tissimas latebras pertinentibus, quas certo aliquo genere coplectiac definire diffi
534 617 2182 688 cile est, & multa ignorari salua Christiana fide, & alicubi errare sine aliquo haere¬
541 681 2186 753 tici dogmatis crimine. Sed in caussa duorum hominum: quorum per unum uenun¬
546 732 2191 811 dati sumus sub peccato, per alterum redimimur at peccatis : per unum praecipitati su
549 797 2181 857 mus in mortem, per alterum liberamur ad uitam: quoniam ille nos in se perdidit fa¬
547 842 2186 916 ciendo uoluntatem suam, non eius a quo factus est, iste nos in se saluos fecit, non
534 902 2189 979 faciendo uoluntatem suam, sed eius a quo missus est. In horum ergo duorum hominum
536 951 2186 1036 caussa proprie fides Christiana consistit. Vnus est enim deus & unus mediator dei
546 1008 2181 1086 & hominum homo Christus Iesus. Quoniam non est aliud nomen sub coelo datum
541 1066 2188 1141 hominibus, in quo oporteat nos saluos fieri : & in illo definiuit deus fidem omni-
537 1121 2197 1204 bus, suscitans illum a mortuis. Itaque sine ista fide, hoc est, sine fide unius mediatoris
541 1187 2194 1254 dei & hominum hominis Christi Iesu, sine fide inquam resurrectionis eius, quam
551 1233 2188 1308 deus hominibus definiuit, quae utique sire incarnatione eius & morte non potest ue
539 1286 2197 1361 raciter credi : sine fide ergo incarnationis & mortis & resurrectionis Christi nec
548 1361 2201 1421 antiquos iustos, ut iusti essent a peccatis, potuisse mundari, & dei gratia iustifica¬
549 1413 2192 1474 ri, ueritas Christiana non dubitat: siue in eis iustis, quos sancta scriptura comme¬
553 1458 2194 1534 morat: siue in eis iustis, quos quidem illa non comemorat, sed tamen fuisse creden
553 1512 2200 1587 di sunt, uel ante diluuium, uel inde usque ad datam legem, uel ipsius legis tempore:
560 1578 2188 1639 non solum in filijs lsrael, sicut fuerunt prophetae : sed etiam extra eundem popu¬
551 1623 2186 1696 lum, sicut fuit lob. Et ipsorum enim corda eadem mundabantur fide mediatoris.
553 1697 2206 1766 & diffundebatur in eis charitas per spiritum sanctum, qui ubi uult spit at: non me
510 1742 2208 1813 5 rita sequens, sed etiam ipsa merita faciens. Non enim dei gratia erit ullo modo, ni¬
552 1789 2195 1860 si gratuita fuerit omni modo. Quamuis ergo mors regnauerit ab Adam usque ad
545 1841 2203 1923 Mosen, quia non potuit eam uincere, nec lex data per Mosen: non enim data est
546 1919 2206 1981 quae posset uiuificare, sed quae mortuos quibus uiuificandis esset gratia necessaria,
553 1955 2209 2027 non solum peccati propagatione & dominatione prostratos : uerumetiam ipsius
550 2023 2201 2085 legis addita praeuaricatione conuictos, deberet ostendere, non ut periret quisquis
547 2084 2210 2143 hoc in dei misericordia etiam tunc intelligeret, sed ut per regnum mortis ad sup¬
563 2135 2208 2211 plicium destinatus, etiam sibijpsi per praeuaricationem legis manifestatus, dei quae
551 2175 2203 2250 reret adiutorium, ut ubi abundauit peccatum, superabundaret gratia, quae sola li
553 2236 2200 2314 berat a corpore mortis huius,. Quanuis ergo nec lex per Mosen data potuerit a quo
556 2296 2203 2371 quam homine regnum mortis auferre, erant tamen & legis tempore homines dei,
546 2343 2202 2423 non sub lege terrente, conuincente, puniente, sed sub gratia delectante, sanante,
557 2413 2200 2479 liberante: erant qui dicerent, Ego in iniquitatibus conceptus sum, & in peccatis
561 2461 2206 2545 mater mea me in utero aluit. Et reliqua. Hactenus enim S. August. uerba recensui.
641 2528 2217 2584 Dixi de Originali peccato, de natiua inquam & haereditaria corruptione na¬
559 2576 2212 2644 turae nostrae, quae prior est pars finitionis peccati, sequitur iam pars posterior, ipsa
553 2627 2208 2698 scilicet actio quae ex illa existit, Actuale inquam peccatum, quod ab actu nomen
556 2679 2197 2767 habet. Quoniam enim deprauatio illa agnata & inhaerens nobis, non semper lati¬
559 2752 2202 2811 tat, sed agit & exerit se euidenter, ac tandem sui generis & suae naturae foetum pro
558 2814 2215 2876 gignit, hic sane actuale est peccatum: quod prinde sic definimus, Actuale pecca¬
561 2853 2212 2925 tum est actio uel opus uel foetus uitiosae & corruptae nostrae naturae, exprimens se
564 2908 2147 2987 in cogitationibus, dictis & factis contra legem dei, ideoque iram dei promerens.
