2288 3632
82 254 1741 352 potest. Moriendo enim confiteris ueritatem, moriendo declaras te facere nolle
92 343 1741 415 quod a uiuente postulant. Ita uero illi te nec uincunt nec cogunt : sed uincuntur
85 393 1743 471 ipsi potius & coguntur uidere & experiri quod doleat. Annitebatur Antiochus
79 445 1747 526 Epiphanes prohibiti cibi usu polluere sancta Machabaeorum corpora. Hi uero
82 499 1746 569 mori magis quam in prophanatione uiuere eligentes, moriendo uicerunt tyran¬
78 565 1741 624 num, nec cogi potuerunt. Et re uera apud omnes probatae religionis uiros rece¬
86 616 1735 689 ptum & comprobatum est, mortem & extrema omnia subeunda priusquam quic
91 676 1736 743 quam eorum quae religioni aduersa & natura foeda sunt facere. Porro si non ac¬
91 724 1740 799 cedat consensus, sed pio homini mera irrefragabilisque infertur uis ( discernimus
75 786 1737 864 hic inter eum qui coactus malum facit, & qui patitur) non commaculat ea uis ani
83 848 1734 915 mum sanctum & incorruptum. Veluti si manibus & pedibus uinctis, pius ali¬
86 897 1741 966 quis deportetur in templum prophanum, ubi cogatur interesse sacris propha¬
84 954 1729 1018 nis: aut si uirgo sancta aut matrona honesta in bello irruptioneque barbarica cor¬
82 1021 1738 1083 rumpatur, nec interim in scelus consentiat, nec pie mori potius concedatur, incor
79 1061 1732 1134 rupta certe manet coram dei iudicio. Non enim temere dixit beatus Augustinus,
87 1118 1742 1199 Non iniuste aliquid pati, sed iniuste aliquid facere, peccatum est. Libro de libero
89 1176 1738 1250 arbitrio 3. capite 16. Idem de Mendacio ad Consentium cap. 7. Quod uiolenter, in¬
83 1234 1740 1307 quit, non praecedente libidine patitur corpus, uexatio potius, quam corruptio no
86 1294 1735 1367 minanda est. Aut si omnis uexatio corruptio est, non omnis corruptio turpis est,
87 1342 1745 1417 sedquam libido procurauit, aut cui libido consenserit. Idem rursus de Ciuit, dei
87 1395 1732 1468 lib. 5. cap. 18. Proposito animi permanente, inquit, per quod etiam corpus sanctifi
78 1457 1735 1527 cari meruit nec ipsi corpori aufert sanctitatem uiolentia libidinis alienae, quam ser
94 1509 1729 1585 uat perseuerantia continentiae suae. Plura huius generis eo loci disputat, item in
79 1569 1734 1631 cap. 16. 19. & 28. &c. Sic clementius quidem iudicandum est de nece inuoluntaria
82 1614 1754 1701 furiosorum, semetipsos iugulantium. Alioqui in sanctis & canonicis libris nusquam
80 1687 1752 1754 nobis diuinitus praeceptum permissumue reperiri potest, ut uel ipsius adipiscen¬
89 1730 1753 1793 dae immortalitatis, nec ullius carendi cauendique mali caussa, nobismetipsis necem
90 1790 1753 1854 inferamus. Nam & prohibitos nos esse intelligendum est, cum lex dicit, Non oc¬
81 1846 1741 1928 cides : praesertim cum non addatur, proximum tuum: sicut in lege qua prohibe¬
90 1900 1735 1969 tur falsum testimonium. Iccirco damnabilis est modis omnibus Senecae doctrina,
86 1951 1729 2036 suadentis calamitate oppressis, sibijpsis, quo finiatur malum, inferre manum. Et
91 2009 1728 2080 Augustinus disputans contra eos qui necem sibi inserunt ne alienae subijciantur
79 2065 1728 2142 libidini & peccent, Si detestabile, inquit, facinus & damnabile scelus est, etiam
78 2125 1727 2185 seipsum hominem occidere, sicut ueritas manifesta proclamat: quis ita desipiat, ut
85 2172 1736 2241 dicat, lam nunc peccemus, ne forte postea peccemus: iam nunc perpetremus ho¬
82 2232 1732 2309 micidium, ne forte postea incidamus in adulterium? Nonne si tantum domina¬
92 2290 1729 2354 tur iniquitas, ut non innocentia, sed potius peccata eligantur, satius est incertum
89 2346 1732 2420 de futuro adulterium, quam certum de praesenti homicidium? Nonne satius est
85 2400 1722 2484 fagitium committere ( quando calamitosa tempora id serunt) quod poenitendo
91 2451 1726 2534 sanetur, quam tale facinus ubi locus salubris poenitentiae non relinquitur? Hoc
92 2509 1727 2579 dixi propter eos uel eas, quae non alieni, sed proprij peccati deuitandi caussa, ne
79 2559 1730 2642 sub alterius libidine etiam excitatae suae forte consentiant, uim sibi qua morian¬
86 2627 1727 2705 tur inferendam putand. Caeterum absit a mente Christiana, quae deo suo fidit, in
79 2689 1731 2751 eoque spe posita, eius adiutorio nititur: absit, inquam, ut mens talis quibuslibet car¬
80 2745 1730 2817 nis uoluptatibus ad consensum turpitudinis cedat. Quod si illa concupiscentialis
86 2790 1725 2856 inobedientia, quae adhuc in membris moribundis habitat, praeter nostrae uolun¬
79 2856 1724 2916 tatis legem, quasi lege sua mouetur, quanto magis absque culpa est in corpore non
85 2912 1654 2997 consentientis, si absque culpa est in corpore dormientis: Haec ille. Sed redimus,
