2288 3632
517 294 2180 397 rantur per poenitentiam quotidie omnes peccatores. ludas autem non reparatur,
520 361 2188 442 quia fuit pertinax apostata: non renouantur per poenitentiam irrisores & blasphe
526 420 2177 504 mi, quia praefracte agunt contra agnitam ueritatem, uiamque qua sola ad uitam de
529 479 2186 566 duci possent blasphemare non desinunt. Nihil ergo faciunt illi loci Pauli pro No¬
524 546 2187 622 uatianis, sed explicant nobis naturam & uenenatas uires peccati in spiritum san
528 585 2178 661 ctum. De eodem disserens beatus Ioannes apost, & euangelista in Canonica sua,
536 642 2188 721 dicit, Si quis uiderit fratrem suum peccare peccatum non ad mortem, petet & da
538 712 2187 788 bit ei uitam, peccantibus non ad mortem. Est peccatum ad mortem, non pro illo di-
536 754 2182 838 co ut roges. Omnis iniquitas peccatum est. Et est peccatum non ad mortem. Sci-
540 819 2187 892 mus quod omnis qui natus est ex deo, non peccat, sed qui genitus est ex deo ser
547 868 2191 943 uat seipsum, & malus ille non tangit eum, Recenset beatus Ioannes duo genera pec¬
546 929 2185 999 catorum. Alterum quidem ad mortem uel mortale irremissibile, pro quo non o¬
533 976 2177 1061 randum sit, id est quod ueniam non consequatur. Ea est contumelia spiritui san
546 1035 2184 1122 cto illata, apostasia perfida & indesinens irrisio criminatioque euangelij. Nam et in
538 1095 2181 1175 euangelio secundum Ioannem legimus, Amenlamen dico uobis, si quis sermonem
551 1147 2182 1234 meum seruauerit, mortem non uidebit in aeternum. Et iterum, Si non credideri¬
552 1208 2181 1287 tis quod ego sum, moriemini in peccatis uestris. Et reuera iniquitas est, apostasia,
555 1261 2184 1341 scelus meditatum ac perpetuum. Nam quid est iniquius quam cognitae ueritati
554 1336 2191 1407 indesinenter reluctari mediumque ostendere digitum? Alterum est peccatum ue¬
547 1373 2182 1452 niale, non ad mortem. Quod quidem quale sit exponit Ioannes cum subiungit
554 1427 2193 1498 dicens, Scimus quod omnis qui natus est ex deo, non peccat. Verum id non ab¬
552 1498 2191 1570 solute intelligendum. Non peccat ad mortem. Alioqui enim & sancti peccatores
564 1548 2193 1623 sunt, sicut claret ex 1. cap. huius epistolae. Praeterea sequitur in Ioanne protinus,
565 1596 2190 1680 quod precedentia clarius exponat. Qui genitus est deo, seruat seipsum: nimirum
561 1654 2199 1741 perstat in agnita ueritate, cauetque ne malus ille ipsum tangat, id est, irretiat, contra
565 1708 2206 1779 deum excitet & in rebellione retineat. Haec de peccato in spiritum sanctum hacte
559 1759 2205 1843 nus dixi, quod appellauit S. Augustinus alicubi finalem impoenitentiam, quae sa
565 1817 2202 1891 ne consequitur ex apostasia criminationeque & contemptu spiritus sancti, uel uer
553 1886 1426 1956 bi ueritatis reuelati per spiritum sanctum.
639 1943 2206 2005 Et quanquam in tractatione peccati originalis & peccati in spiritum sanctum
564 1989 2199 2059 attigerim effectus peccati, postremo tamen hoc loco breuibus indicabo nonnul¬
559 2048 2202 2116 la de poena peccatorum certa & iusta. Nam in finitione peccati dixi, hoc concilia
559 2099 2202 2176 re nobis iram dei, mortem & supplicia uaria. De quibus modo est dicendi locus,
571 2155 2211 2236 Deum punire peccata, imo peccatores propter peccata, tam est clarum ex scriptu¬
559 2213 2204 2286 ris diuinis, quam quod clarissimum. Nam deum irasci & offendi peccatis grauis¬
561 2267 2206 2335 sime, multae in scripturis declarant sententiae. Clamat Dauid, Dominus probat iu
570 2325 2203 2399 stum: impium autem & uiolentum odit anima eius. Pluet super impios laqueos,
579 2393 2214 2462 ignem & sulphur, uentum tempestuosum, ardentem: haec sors calicis eorum. Quo
565 2449 2202 2504 niam iustus dominus iustitias diligit, rectum uultu suo intuetur. Ita etiam Paulus,
565 2501 2196 2571 Reuelatur, inquit, ira dei de coelo aduersus omnem impietatem & iniustitiam ho
562 2557 2201 2616 minum, qui ueritatem in iustitia detinent. Quid quod peccata mortalium non
567 2603 2206 2685 potuerunt expiari, nisi per mortem filij dei. Vbi sane praestantia pretij redemptio
555 2656 2205 2745 nis luculentissime demonstrat peccati grauitatem atque foeditatem. Cui & illud ac
564 2717 2209 2788 cedit, quod bonus ille dominus amator hominum, non tot poenis calamitatibusquam
569 2784 2196 2840 adoperuisset genus humanum, nisi horribile in oculis domini esset peccatum.
562 2837 2217 2898 Quis enim paucis & in transcursu omnes peccatorum poenas enumerando ex-
565 2884 2212 2963 plicet? Alienatur at nobis dominus propter peccata. At absente a terris sole, quan
565 2935 2194 3029 tae obsecro sunt caligines & tenebrae: Deo alienato a nobis, quanti in animis ho
