2288 3632
73 300 1751 389 natus est uobis hodie seruator, qui est Christus dominus in ciuitate Dauid. Exi-
72 366 1753 438 mit pastoribus omnem pauorem euangelio, id est, annunciatione salutifera, quae ple¬
80 418 1742 505 na est gaudij. Ea est, quod natus est saluator mundi Christus dominus : & nobis
79 472 1740 563 quidem, id est, in salutem hominum natus. S. Paulus dicit Euangelium esse a deo pro¬
74 535 1732 617 missum ante, per prophetas, in scripturis sanctis, de filio suo, qui genitus sit ex se
69 584 1742 669 mine Dauid, secundum carnem, qui declaratus sit filius dei cum petentia, secundum
73 634 1752 730 spiritum sanctificationis, ex eo quod resurrexit ex mortuis. Et iterum, Euangelium
77 703 1735 785 est praeconium Iesu Christi, iuxta reuelationem mysterij, temporibus aeternis taciti,
67 746 1742 834 manifestati uero nunc, & per scripturas propheticas, iuxta delegationem aeterni
77 804 1735 898 dei, in obedientiam fidei, in omnes gentes patefacti. Idem adhuc breuius, Euangelium
76 860 1743 943 est potentia dei, ait, ad salutem omni credenti. Id est, Euangelium est praedicatio diui
71 920 1742 1011 nae potentiae, per quam saluantur credentes. Potentia autem dei Christus est. Hic
70 978 1745 1069 enim brachium dicitur patris, gloria eiusdem, uirtus & splendor. Caeterum credenti
74 1028 1645 1111 salutaris est Christus, & omni quidem credenti. Omnium enim saluator est.
166 1082 1750 1180 Ex his omnibus talem colligimus sancti euangelij descriptionem, Euange¬
71 1136 1749 1235 lium est coelestis diuinae erga nos gratiae praedicatio, qua toti mundo in indigna¬
74 1198 1726 1281 tione dei constituto, annunciatur deus & pater ille coelestis placatus in filio suo
72 1261 1733 1342 unigenito, domino nostro Iesu Christo, quem sicut patribus sanctis olim promise
68 1323 1730 1394 rat, nobis exhibuerit, & in ipso plene omnia uitae beatae & salutis aeternae, utpote
73 1377 1727 1457 qui pro nobis incarnatus, mortuus, ex mortuis iterum excitatus, & in coelum subla
83 1433 1731 1523 tus, dominus & saluator solus constitutus sit noster, modo peccata nostra agnoscen
74 1473 529 1538 tes, credamus in eum.
159 1534 1727 1627 Longa est descriptio, fateor: sed illud quoque apud te cogites uelim, negotium
74 1589 1724 1679 quod hic describitur & ipsum esse amplissimum copiosissimumque: quod iccirco &
74 1647 1721 1736 definitione & descriptione, omnium oculis, qua potui luce, clarissimum exposui¬
74 1703 1720 1778 Paucioribus ergo uti, nec potui nec debui. Habet descriptio illa suas partes, qui¬
67 1755 1734 1858 bus sigillatim explicatis illustratisque, quisque spero perspiciet totam euangelij natu¬
74 1817 1394 1896 ram, caussas, effectus, & quaecunque de ipso cognoscere conuenit.
157 1872 1741 1957 Principio Euangelium coeleste esse nuncium, non terrenum, illud maxime ar¬
62 1929 1739 2017 guit, quod ipse pater coelestis primum annunciauit euangelium afflictis parentibus
67 1993 1740 2070 nostris in paradyso : promittens filium suum, qui incarnandus caput serpentis sit
77 2041 1727 2119 conculcaturus. Deinde apostolus Paulus disertis uerbis, Deus, inquit, multifariam
61 2095 1713 2172 multisque modis locutus est patribus, per prophetas, extremis uero diebus hisce lo
74 2157 1717 2227 cutus est nobis per filium. Nam & Ioannes prior testificans, dixisse legitur, Deum
68 2213 1699 2295 nemo uidit unquam: unigenitus filius qui est in sinu patris, ipse enarrauit. Item
78 2257 1727 2342 Qui e supernis uenit, supra omnes est. Qui e terra profectus est, terrenus est, & e
60 2329 1723 2408 terra loquitur. Qui e coelo uenit, supra omnes est, & quod uidit & audiuit, hoc te
67 2371 1706 2462 statur. Huc pertinet quod prophetae credunt inspirati a sancto spiritu prophetasse,
58 2431 1715 2514 At hi praenunciarunt in scripturis sanctis euangelium: Cuius quidem potissima ca¬
61 2495 1711 2573 pita coelitus descendentes angeli, hominibus annunciauerunt. Nam incarnatio fi-
66 2548 1725 2632 lij dei, ab archangelo Gabriele primum diuae uirgini, deinde Iosepho putatiuo pa
62 2603 1720 2677 renti adeoque castissimae uirginis tutori, annunciatur. Idem angelus pastoribus praedi
58 2666 1714 2744 cat natiuitatem filij dei. Mulieribus uero ad sepulchrum uenientibus, uolentibusquam,
54 2713 1715 2799 pro more gentis, corpus domini inungere, angeli nunciant dominum resurrexisse
61 2778 1715 2855 ex mortuis. Iidem apostolis, ascendente domino, conuertentibus defixisque suis in nu¬
60 2821 1709 2911 bes oculis, attestantur ipsum esse sublatum in coelum, indeque uenturum iudicare
61 2877 1717 2960 uiuos & mortuos. His omnibus accedit patris eterni e coelo super dominum nostrum
62 2936 1711 3042 delata uox. Hic est filius meus dilectus, in quo placatus sum, ipsum audite. Et
