2288 3632
534 262 2193 365 deum glorientur. Peccatores enim a tribunali dei quid obsecro reportant aliud,
541 348 2206 432 quam confusionem & ignominiam? Et quia omnes homines tales sunt, non teme
533 390 2206 478 re subdit apostolus, lustificantur gratis per illius gratiam, per redemptionem in
551 444 2195 540 Christo Iesu: quem proposuit deus propitiationem uel reconciliationem per fidem
549 532 2205 590 in eius sanguine. Quod perinde est ac si dixisset, Mera dei gratia uel misericordia,
549 568 2198 645 & nullo merito plane, propter Christum iustificantur homines : si uidelicet cre¬
559 618 2207 710 dant quod deus filium dederit mundo, ut sanguinem suum funderet, & peccato¬
550 672 2204 757 res purgatos reconciliaret deo. Quibus uerbis significantissime modus & ratio
559 722 2209 811 tota sanctificandi, purificandi, uel iustificandi plenissime est exposita. Sed praestat
557 779 2206 879 apostoli uerba repetere, & penitius considerare. lustificantur gratis, ait. Quare ue
546 837 2208 926 ro gratis. Quia per meram dei gratiam, nullo se nostro merito aut opere admiscen¬
552 893 2205 982 te. Omnes enim homines peccatores sunt: unde nihil quod adferant habent: ideoque
556 953 2208 1049 gratuito iustificantur. Nam idem apostolus in 11. ad Romanos cap. Si per gratiam,
553 1016 2207 1090 ait, saluamur, non iam ex operibus: quandoquidem gratia, iam non est gratia : sin
552 1061 2210 1150 ex operibus, iam non est gratia. Verum sequitur mox in Paulo, quod clarissimum
547 1129 2210 1200 alioqui negotium adhuc illustret magis, Per redemptionem, quae est in Christo.
564 1175 2205 1262 Gratiae merae opus est salus & iustitia nostra : quia redempti sumus. Quod enim
554 1231 2210 1316 nos nostrasque uires & opera nostra attinet, serui eramus diaboli & mortis, quia
569 1286 2204 1383 peccatores. Deus autem misso filio redemit nos, cum adhuc dei hostes uincti tene
567 1356 2214 1429 remur. Ergo gratis redemit: quod & lsaias propheta in 52. cap. non obscuris uer¬
561 1393 2219 1489 bis futurum praedixit. Caeterum, non est in alio quoquam, quam in Christo domi¬
572 1462 2207 1538 no nostro, salus uera. Proposuit enim aeterno suo consilio coelestis pater filium
564 1511 2216 1592 suum dominum nostrum Iesum Christum propitiationem, nimirum ut is esset re-
565 1561 2213 1648 conciliatio nostra, propter quem placatus nos adoptat in filios dei. Verum non
565 1619 2210 1712 alia ratione, quam per fidem in eius sanguinem. Id est, si credamus missum a pa¬
559 1688 2212 1758 tre filium effudisse sanguinem, quo purgatos nos iustos & sanctos statuat deo pa
566 1749 2093 1812 tri. Vbi iterum uidemus, fide in Christum gratis constare salutem nostram,
647 1782 2212 1877 His ad hunc modum exposits, protinus quam late pateat redemptionis, iusti¬
567 1849 2212 1937 ficationisue beneficium indicans, subdit, Ad ostensionem iustitiae suae propter re¬
558 1902 2211 1990 misionem praeteritorum peccatorum quae deus tolerauit: ad ollendendam iusti¬
558 1970 2219 2041 tiam suam in praesenti tempore. Proposuit deus Christum, inquit, unicam propi¬
568 2012 2205 2097 tiationem, ut ostenderet unicam esse omnium saeculorum iustitiam, ipsum, inquam,
565 2064 2209 2152 Christum, & eorum quidem iustitiam qui credunt. Duo autem tempora comme¬
565 2125 2210 2208 morat, Vetus illud patrum, & nostrum quo hodie uiuimus. Vetus praecedit ad¬
564 2193 2224 2259 uentum Christi, nostrum sequitur extenditurque usque in finem saeculi. Et ueteris
569 2240 2215 2333 quidem saeculi peccata tolerauit deus sua illa longanimitate, propter Christum, per
568 2295 2211 2379 quem condonauit. Nec nobis hodie aliam proponit iustitiam quam Christum, fide
571 2362 2218 2437 percipiendum. Nam minime obscuris uerbis ab apostolo subiungitur, In hoc ut
564 2408 2221 2485 ipse sit iustus, & iustificans eum qui est ex fide Iesu. Quasi dicat. Haec aunt huc ten
562 2472 2211 2543 dunt, ut intelligamus omnes homines esse iniustos & peccatores, solum autem
578 2517 2224 2604 deum esse iustum, extra quem nulla sit iustitia: iustitiam uero suam omnibus com
563 2578 2212 2652 municare quotquot credunt in Christum, nimirum quod propter ipsum nobis
562 2628 1928 2722 placatus sit pater, & quod propter ipsum reputemur iusti & sancti¬
639 2677 2215 2761 His apostoli uerbis refutantur duo ualde impij & blasphemi errores quorun¬
580 2740 2214 2819 dam. Alter eorum est qui aiunt patres nostros non fide in Christum, sed per lege
565 2798 2220 2881 & merita propria esse iustificatos. Christum enim passum esse non pro illis, sed
571 2850 2220 2926 duntaxat pro sui saeculi hominibus & insequentibus. Alter est dicentium Christum
551 2906 2215 3004 pro ueteribus, pro originali duntaxat peccato, non pro nobis aut pro nostris om
