2288 3632
84 257 1750 356 nibus peccatis perlitasse, ideoque nos pro nostris oportere satisfacere. Aposto¬
82 327 1739 417 lus autem Paulus hoc loco condemnat utramque sententiam. Nam & beatus Ioan
79 391 1744 467 nes euangelista S. Paulo accinens, Sanguis, inquit, filij dei emundat nos ab omni
79 438 1748 525 peccato. Ipse enim est propitiatio pro peccatis nostris : non pro nostris autem tan
82 508 1737 609 tum, sed etiam pro totius mundi. Itaque meritum redemptionis Christi extendit se
79 548 846 620 ad omnes utriusque testamenti fideles.
162 609 1734 700 Pergit apostolus Paulus & ijs quae proposuit infert, Vbi igitur gloriatio? Ex-
77 662 1735 757 clusa est. Per quam legem? Operum? Non, imo per legem fidei. Colligit doctrina
91 729 1730 815 euangelica hactenus proposita de fide iustificante, omnem propriae iustitiae gloria
76 782 1742 874 tionem, omnem de meritis iactationem sublatam euanuisse. Non per legem ope¬
78 846 1742 927 rum, id est, per doctrinam de operibus, quae nos fere infsare solet: sed per legem fi
90 883 1742 982 dei, id est, per doctrinam fidei, quae euacuatis nobis nihil nisi humilem inopiae con
79 942 1739 1040 fessionem relinquit, gratiaeque in Christo omnia tribuit. Tadem uero principalem
81 1002 1731 1091 propositonem colligens insert. Constituimus ergo, fide iustificari hominem abs¬
90 1066 1728 1149 que operibus legis. Haec summa est breuissima totius euangelij, iustificari nos, id
91 1122 1731 1194 est, absolui a peccatis, a lata mortis uel condemnationis sententia, sanctificari au¬
75 1169 1725 1258 tem & adoptari in numerum filiorum dei, fide, id est, fiducia in nomen Christi,
85 1223 1734 1299 qui datus est nobis saluator at patre unicus. Et hic nominatim excluduntur ope¬
91 1291 1728 1376 ra, ne ulla nobis suppeditetur occasio implicandi fidem operibus, aut operibus
91 1344 1729 1450 eam tribuendi gloriam, quae uni fidei uel potius Christo domino, cui fides inniti¬
79 1386 347 1460 tur, debetur.
162 1438 1720 1539 Propositonem autem propositam confirmat mox argumentis, simul indicans,
83 1492 1731 1588 hanc salutem communem esse ludaeis & Gentibus, dicens, An ludaeorum deus
87 1560 1735 1656 tantum: An non & Gentium: Certe et Gentium. Quandoquidem unus deus qui
76 1614 1726 1700 iustificabit circuncisionem ex fide : & praeputium per fidem. Anatura dei quod
82 1669 1717 1762 dixit confirmat. Vnus est duntaxat deus, natura sua uita & iustitia. Et hic est lu¬
80 1731 1725 1801 daeorum & Gentium deus: ergo utriusque gentis uita est & iustitia: quam fide con¬
85 1783 1729 1873 fert: fides ergo iustificat. Hoc declaratur uel Cornelij Centurionis exemplo. lusti
86 1836 1713 1930 ficatur enim, imo iustificatus uisibiliter demisso spiritu sancto comprobatur, cum
74 1896 1714 1979 nec circuncisus esset nec seruasset legem, sed audisset modo euangelij praedicatio
70 1966 1730 2035 nem ac credidisset in Christum. Caeterum non solum Cornelium deus sic iustifica
78 2013 1726 2087 uit, sed omnes alias gentes iustificabit fide: neque aliter quam per fidem ludaeos
78 2062 1718 2151 quoque purgabit. Sequitur in Paulo, Legem igitur irritam facimus per fidem: Ab¬
70 2112 1720 2213 sit. Imo legem stabilimus. Solent enim operum uel potius iustificationis operum
84 2178 1724 2261 assertores obiicere, Si fides in Christum iustificat sola, inutilis est ergo lex uel le¬
73 2227 1716 2324 gis doctrina. Quorsum enim praecipitur ut bona faciamus opera, si non iustifi¬
70 2293 1707 2363 cant: Respondet apostolus, Fide non aboleri legem, imo stabiliri magis. Cum enim
71 2336 1711 2423 fides in Christum recta tendit, in quo omnem plenitudinem quaerit & inuenit:
79 2392 1720 2479 ac lex ipsa paedagogus est ad Christum, omniaque sub peccatum concludit, ut iusti
83 2450 1708 2549 ficatio ex fide detur credentibus, clarum est fidei doctrina legem minime destrui
73 2509 914 2578 aut obscurari, sed confirmari, illustrarique.
144 2556 1732 2656 Pergit apostolus in confirmatione sua & dicit, Quid igitur dicemus Abraham
70 2608 1732 2712 patrem nostrum inuenisse secundum carnem? Nam si Abraham ex operibus iusti
76 2682 1706 2769 ficatus fuit, habet quod glorietur: at non apud deum. Quid enim scriptura dicit?
76 2730 1728 2822 Credidit Abraham deo, & imputatum est ei ad iustitiam. Multa quidem sunt san
82 2790 1705 2870 ctorum patrum exempla: uerum apostolus sibi ex omnibus Abrahae solius propo
76 2839 1711 2940 suit tractandum. Nam in scripturis appellatur pater credentium. Vnde certum
67 2896 1712 3001 est, liberos ad eum modum fore iustificandos, ad quem modum pater iustificatus
