2288 3632
519 264 2179 358 bola euangelica de pharisaeo gloriante in suis bonis operibus, & de publicano cla
522 327 2179 410 mante, Deus propitius esto mihi peccatori: quorum hic magis quam ille iustifica¬
528 392 1338 472 tus in domum suam descendisse legitur.
613 437 2178 526 Quinta caussa est, peccati aestimatio. Certe non grandis uidetur culpa quam
522 507 2174 589 coram deo diluere possunt humana opera. Verum scriptura sancta demonstrat
528 553 2173 648 peccata non potuisse expiari, nisi ipsius filij dei morte & sanguine innoxio. Inde
529 613 2175 687 uero cordatus quisque colligit, peccatum in oculis dei rem esse longe deterrimam
530 678 2178 743 atque prorsus horribilem. Vnde mox exoritur in sanctis diligens contra peccatum
535 724 2176 808 uigilia, & perpetua sortis nostrae, profecto miserrimae, deploratio & humilitas mo¬
527 787 2180 851 destiaque exquisitissima. Possem his adhuc plures attexere caussas, cur modis om¬
528 846 2181 911 nibus omnes adniti & laborare deceat, ut dogma hoc, Gratia dei, in unigenito
532 899 2184 968 dei filio, per fidem, non per opera iustificari ecclesiam catholicam, syncerum & im
548 944 2180 1026 permixtum retineatur in ecclesia: sed has minime contentiosis sufficere spero.
537 1006 2175 1078 Nullum hic periculum est ne uilescant opera bona. De quibus dixi suo loco. Si
544 1059 2182 1137 qui uero contra manifestam ueritatem euangelicam rixari perrexerint, ijs illud
527 1118 2067 1193 Pauli obiicio, neque nos neque ecclesias dei in huiusmodi aperta luce altercari.
610 1172 2178 1244 Summa uero omnium eorum quae hactenus de euangelio disserui, haec est,
538 1225 2181 1309 Omnes quotquot in mundo sunt homines sua natura seruos esse peccati, diaboli
529 1279 2182 1358 mortisque aeternae. nec solui, nec liberari posse ulla re alia quam gratuita dei gratia
535 1339 2175 1424 & redemptione quae est in unigenito dei filio domino nostro Iesu Christo. Cuius
547 1396 2189 1469 quidem redemptionis fiant participes soli credentes. Nam qui per ueram fidem
533 1457 2182 1533 filium dei, euangelio annunciatum, recipiunt, simul iustificantur, id est absoluun
535 1517 2177 1581 tur at peccatis suis, sanctificantur, fiuntque haeredes uitae aeternae. Qui uero per in¬
548 1561 2188 1640 credulitatem cordisque duritiem, Christum non recipiunt, aeternis poenis & uincu
540 1618 2188 1704 lis sunt addicti. Nam ira dei manet super eos. Agamus ergo gratias redemptori
541 1680 2187 1750 nostro deo, obsecrantes ut nos in uera fide retineat, prouehat, & in uitam aeternam
531 1742 907 1829 perducat. Amen
692 1840 2039 1922 De Poenitentia & causis eius. De Confessione & remissione peccatorum, de Satisfactione
808 1909 1933 1981 & indulgentijs, de Vetere & Nouo homine, hominisque uiribus, ex reliquis
944 1959 1780 2047 ad poenitentiam pertinentibus. SERMO II
748 2043 2175 2131 ROMISI proximo Sermone, habito de Euangelio Iesu Christi, disser
757 2126 2184 2200 tationem De Poenitentia, quam hodierno Sermone, deo & uestris pre
762 2193 1625 2245 cibus adiuuantibus, proferam in medium.
832 2220 2197 2297 Poenitere dicuntur Latinis, quos taedet atque pudet rei commisses. Be
535 2285 2183 2366 neficium contulisti, arbitraris te contulisse indigno, ideoque doles: is dolor est poe¬
543 2341 2181 2415 nitentia. Germani appellamus den ruwen Graeci nominant Metanoeam. Tradunt
538 2397 2182 2473 autem eius linguae peritiores metanoein a posterius intelligendo dici : ut metanoea
534 2449 2187 2528 ibi proprie locum habeat, ubi homo lapsus, re perperam peracta, demum in se re¬
528 2502 2181 2594 dit, & de errore sarciendo cogitat, Refertur ergo non ad mentem tantum, sed &
536 2563 2190 2644 ad opus. Qui enim intelligit se deliquisse, de emendatione consultat. Ita iam displi
539 2625 2187 2695 cere incipit, quod olim placuit: ita fugis modo, quod sectabaris aliquando cupi¬
535 2671 2173 2753 dissime. Porro Hebraei uocant poenitentiam Theschuah, nimirum conuersionem,
538 2739 2176 2810 uel reditionem, aut reuersionem in uiam & ad mentem. Videtur metaphora sum¬
532 2789 2181 2878 pta ab illis qui aberrarunt ab itinere, sed redeunt in uiam tandem. Id quod ad men¬
528 2849 1502 2922 tem & ad mores factaue hominum transfertur.
597 2890 2191 3008 Est autem uarius huius uocabuli usus. Significat enim mutationem consilij
