2288 3632
174 240 1737 351 plicat uocabulumVNIVS, certe ut intelligeremus solam fidem iustificare.
253 315 1857 403 Ad Galatas hac utitur demonstratione profecto euidentissima, Testamento
173 352 1855 476 hominis, siquidem sit comprobatum, nemo addit aut adimit aliquid. Aequissimum
175 425 1836 529 ergo est, ne quis dei testamento aut addat aut adimat aliquid. Ceterum hoc est te¬
168 468 1841 575 stamentum quod sanciuit deus, quod benedictionem semini Abrahae, non in mul
177 531 1838 638 tis aut per multos, sed per unum conferre uelit. Nam non dicit, Et seminibus, tan
169 591 1832 688 quam de multis, sed tanquam de uno, Et in semine tuo, qui est Christus. Proinde
174 651 1831 756 nephas est huic testamento dei quicquam adiincere uel detrahere: manetque solus
180 699 1537 793 Christus saluator: homines non sunt saluatores uel sui uel aliorum.
246 755 1847 867 ln eadem ad Galatas epistola, Scimus, inquit, non iustificari hominem ex ope¬
159 792 1822 916 ribus legis, nisi per fidem Iesu Christi. Et nos in Iesum Christum credidimus, ut iu¬
157 875 1816 978 stificaremur ex fide Christi, & non ex operibus legis : propterea quod non iustifi
166 923 1840 1024 cabitur ex operibus legis omnis caro. Tertium repetit Paulus homines non iu¬
163 977 1829 1079 stificari ex operibus legis. Qua sententia omnis generis opera coprehendit. Nulla
167 1036 1830 1144 itaque opera iustificant. Quid autem iustificat? Fides in Christum: & ea quidem sola/
174 1090 1827 1201 Quid enim aliud potest loquutio, Scimus hominem non iustificari, nisi per fidem
163 1143 1819 1255 Iesu Christi. Aequipollentes enim sermones sunt, Sola fides iustificat. Et, Certum
160 1201 1812 1299 est non iustificari nos, nisi per fidem Iesu Christi. Adiungit exemplum apostolo¬
153 1274 1818 1370 rum. Et nos in Christum Iesum credidimus, ut iustificaremur ex fide Iesu Christi:
160 1318 1822 1425 & non ex operibus legis. Ita etiam Petrus argumentatur ab exemplo in Actis apo¬
148 1367 1826 1478 stolorum, dicens, Credimus per gratiam domini nostri Iesu Christi nos saluos fu¬
157 1438 1027 1514 turos, quemadmodum & illi. Acto. 15. cap.
235 1478 1825 1599 In eodem ad Galat. capite, Non aspernor, inquit, gratiam dei. Nam si per legem
154 1553 1822 1632 est iustitia, igitur Christus frustra mortuus est. Si enim in nobis erat per quod po¬
151 1609 1821 1704 tueramus seruari, quid opus erat filium dei incarnari, pati & mori? Quia uero
150 1661 1817 1750 dei filius incarnatus, passus & mortuus est, neque frustra mortuus est: ideo non erat
145 1714 1818 1810 in carne quod poterat salutem impetrare homini. Solus ergo dei filius manet salua
152 1775 1223 1851 tor: ac salutem nobis communicat per ueram fidem,
225 1821 1817 1932 ln epistola ad Romanos per initium euincit Paulus omnes homines esse pec¬
143 1889 1813 1976 catores, neque ullas superesse hominibus uires quibus iustificentur, legemque ipsam
145 1939 1813 2043 dei peccata eruere, id est appricare, proferre & manifestare, non tollere, expunge
144 2001 1809 2096 re, aut extinguere: ideoque deum pro bonitate sua, ne periret prorsus quod condi¬
135 2045 1802 2150 derat, gratis iustificare in fide Iesu Christi credentes. Verba aliquot apostoli reci¬
145 2107 1798 2212 tabo, lustitia dei, inquit, absque lege manifestata est, coprobata tamen legis & pro¬
140 2157 1795 2264 phetarum testimonio, iustitia inquam dei per fidem Iesu Christi in omnes & super
138 2226 1799 2324 omnes eos qui credunt. Non enim est distinctio. Omnes enim peccauerunt & de
129 2273 1798 2375 stituuntur gloria dei: iustificantur autem gratis per illius gratiam, per redemptio¬
142 2332 1793 2430 nem quae est in Christo Iesu, quem proposuit deus reconciliatorem per fidem in
134 2379 1793 2483 sanguinem eius. Haec opinor uerba apostoli planissima sunt omnibus credenti¬
133 2434 1788 2534 bus. Adimit nostris meritis & uiribus iustificationem, tribuit illam gratiae, qua da
133 2490 1799 2596 tus est orbi filius dei ad supplicium crucis, in hoc ut omnes qui credunt se san¬
130 2554 1781 2662 guine filij dei redemptos esse, iustificati sint. Idem apostolus mox subijcit, Colligi
127 2616 1781 2717 mus ergo fide iustificari hominem absque operibus legis. His argumenta subijcit,
133 2652 1794 2774 An ludaeorum deus tantum? An non & gentium? Certe & gentium: quandoqui
132 2712 1793 2823 dem unus deus qui iustificabit circuncisionem ex fide, & praeputium per fidem,
134 2769 1791 2885 Deum esse aliud non est, quam uitam esse & salutem. Est aunt deus gentium quoque
135 2829 1773 2943 deus, non ludaeorum tantum: ergo deus est uita & salus gentium. Hanc uitam &
127 2885 1784 3005 salutem non communicat per legem aut per circuncisionem: sed per fidem in
