2288 3632
435 224 2105 346 Christum. Sola ergo fides iustificat. Demonstrari hoc potest exemplo Cornelij
437 301 2105 402 Centurionis, cui cum praedicasset Christum S. Petrus, & ille credidisset, protinus
444 365 2106 473 iustificatus fuit, etiamsi non recepisset circuncisionem uel legem, etiamsi non sa¬
440 415 2111 518 crificasset, aut ullo opere promeruisset iustitiam. Gratis enim in fide per Iesum Chri
443 468 2114 580 stum iustificatus est. Nam Petrus sermonem suum ita concluserat, Huic Christo
451 539 2109 628 omnes prophete testimonium serunt, quod remisionem peccatorum accepturus
448 592 1409 687 sit per nomen eius quisquis crediderit in eum.
524 648 2116 740 Prosert apostolus post illa eximium & singulare exemplum patris nostri Abra
447 690 2111 798 hae, docens quomodo iustificatus sit pater noster Abraham. Hoc enim ubi certo
453 751 2102 848 expositum fuerit, non poterit non constare & manifestum esse omnibus, quomo¬
450 796 2119 901 do deus uelit iustificare omnes homines. Nequeunt enim alia ratione iustificari
457 878 2116 974 filij quam iustificatus est pater. Abraham ergo non iustificatus est ex circuncisio¬
451 920 2119 1020 ne aut sacramentorum perceptione. Nam prius dicitur iustificatus quam circun
451 971 2115 1078 cisus. Postea accessit circuncisionis signum, signaculum iustitiae fidei, id est sigil¬
446 1031 2114 1138 lum aut obsignatio quod fide iustificatur omne semen Abrahae. Idem ille pater
457 1086 2121 1194 noster Abraham non est iustificatus per legem. Nam lex demum post annos 430
460 1150 2119 1248 addita est promisioni, non ut peccatum tolleret uel iustificaret, sed ut peccatum
454 1197 2126 1293 ostenderet, & nos totos euacuaret, & euacuatos relegaret & quasi cogeret ad Chri
445 1267 2121 1360 stum. Idem Abraham non iustificatus est per opera sua. Et tamen inueniuntur in
458 1320 2119 1411 hoc sanctissimo patriarcha bona opera ac fidei quidem uerae opera bona, & illu
457 1365 2119 1469 stria & multa, qualia & quanta uix reperias in alio. Nihilominus dicit apostolus,
465 1430 2121 1535 Quid dicemus inuenisse uel meruisse (utrunque enim significat topuxgoo) Abraham
476 1474 2127 1577 patrem nostrum secundum carnem, qui inquam secundum carnem pater est. Nam
454 1534 2124 1631 si Abraham ex operibus iustificatus fuit, habet quod glorietur: at non apud deum,
465 1596 2131 1689 Deus enim solus iustus est & iustificans. Omnes homines corrupti sunt, etiam
472 1659 2131 1753 Abraham peccator est, & omnes homines destituuntur gloria dei. Vnde & pro¬
461 1707 2130 1809 pheta diserte prohibuit gloriari, nisi in misericordia dei. Proinde Abraham mini¬
464 1766 2133 1858 me contra deum gloriatus est: agnouit se peccatorem esse, & gratis, non propter
468 1813 2134 1908 merita sua, iustificari. Sequitur enim in apostolo. Quid enim scriptura dicit? Cre¬
461 1866 2135 1976 didit autem Abraham deo, & imputatum est ei ad iustitiam. Duo dicuntur, Pri¬
475 1928 2137 2019 mum, quod Abraham deo crediderit, Secundum, quod id ei imputatum sit pro iu
463 1978 2142 2086 stitia. Ex ijs consequitur fide iustificatum esse Abrahamum, non per opera. Id enim
474 2042 2131 2140 colligit apostolus ad hunc modum, Ei qui operibus meretur iustitiam, non impu¬
466 2091 2134 2189 tatur iustitia. lmputatur autem Abrahae iustitia, ergo non meruit iustitiam operi-
466 2147 2135 2243 bus, Rursus, Ei certe imputatur iustitia, qui credit, non operatur. Credidit autem
468 2212 1514 2311 Abraham deo, ergo fides ei imputatur pro iustitia.
550 2261 2125 2352 ln eodem capite profert idem apostolus & alia non minus firma pro fide iu¬
464 2326 2119 2412 stificante absque operibus argumenta. Si ij qui ad legem pertinent, ait, haeredes sunt
474 2378 2130 2468 inanis facta est fides, & irrita facta est promissio. Ad legem pertinent qui operi¬
463 2433 2131 2527 bus legis iustitiam quaerunt. Caeterum fides innititur in misericordiam dei. Quem
476 2478 2128 2590 uero locum habebit gratia & misericordia dei, si meremur iustitiam. Quid necesse
474 2537 2138 2646 est credere iustificandum me fore Christi sanguine, si propter opera mea placatur
473 2592 2139 2692 mihi numen, propter peccata mea iratum? Denique promittitur salus & iustitia a
477 2649 2122 2750 deo. Promissio autem ibi cessat ubi incipit meritum se nostrum ingerere. Nam ac
472 2705 2126 2800 Galatas quoque dixit apostolus, Si ex lege est haereditas, iam non est ex promissio
477 2772 2135 2860 ne. Atqui Abrabae per promisionem donauit deus : prinde ut firma maneat pro¬
472 2847 1213 2928 missio, fides iustificat non meritum.
543 2869 2134 2982 Rursus ad Romanos cap. 4. lccirco ex fide datur haereditas, ait, ut secundum
