2288 3632
592 276 2167 363 Caeterum uanissimi & ipsius sathanae nuncij sunt, Nouatiani & Anabapti¬
515 346 2168 423 stae, fingentes baptismo purgari nos in uitam angelicam, quae nullis porro sordi¬
510 401 2173 482 bus polluatur: si autem polluatur, nullam polluto expectandam esse ueniam. Nam
525 457 2180 536 ut multa alia transeam scripturae loca, nonne S. Petrus baptismo consecratus fuit
525 522 2167 590 deo: an nen bonam dei gratiam gustauerat? Certe cum praeclaram fecisset confessionem
513 571 2178 647 audit a domino, Beatus es Simon Bar lona. Caro & sanguis non reuelauit tibi, sed
521 642 2177 717 pater meus qui est in coelis. Idem roganti domino, Num & uos uultis abire : om-
531 698 2177 759 nium nomine respondens, dixit, Domine ad quem ibimus? Verba uitae aeternae
521 738 2182 818 habes : & nos credimus & cognouimus quod tu es Christus filius dei uiui. At idem
536 793 2183 884 hic Petrus, post baptismum & gustatam dei gratiam, peccat, nec leuiter quidem
531 853 2185 940 peccat, sed grauissime, ipsum abnegans & abiurans dominum. An uero propter
534 905 2185 991 peccatum eius omni uenia excidit: an praeclusus est ipsi ad deum reditus? Minime
535 962 2189 1036 Gentium. Audito enim galli gallinacei cantu, uerborum domini recordatur, in se
539 1017 2187 1096 descendit, & quid egerit expendit, sset amare, & in grauem se luctum tradit. Non
528 1080 2197 1150 tamen diu in ipso conficiebatur sine consolatione. Tertia enim mox insequenti die
541 1128 2191 1206 angeli, mulierculis ad sepulchrum domini uenientibus, dicunt Dicite discipulis
529 1193 2191 1265 eius & Petro, quod resurrexerit, & praecedat uos in Galilaeam. En singulariter uult
544 1254 2202 1317 dominus innotescere Petro quod resurrexerit. Cur autem singulariter Petro. Quia
532 1303 2195 1375 reliquis peccarat grauius: non quod peccatum Petri probaret dominus, sed quod
547 1355 2195 1431 nobis declarare uellet ueniam consequi poenitentes, quoties conuertuntur ad gra
543 1418 2189 1486 tiam dei coelestem. Nec uero multos post dies restituit Petrum ministerio, com¬
537 1467 2206 1542 mendatis ipsi ouibus suis, Praeterea dicit dominus apud Ieremiam ad populum
540 1537 2197 1600 liraelis, Si quisquam uxorem suam dimittat, & illa ab ipso diuertens alteri nupse¬
537 1588 2194 1658 rit, nunquid ille ad ipsam reuertetur? An uero non est polluta terra illa?: An non
541 1634 2195 1709 cum multis fornicata es? Sed reuertere ad me, dicit dominus. Et Galatae recte insti
548 1705 2207 1761 tuti ab apostolo Paulo, per pseudoapostolos seducti, defecerant a ueritate euange
547 1761 2197 1819 lica: & tamen ueniam consequuntur. Corinthij quoque in multis scientes & uolen
551 1803 2203 1873 tes post acceptam gratiam peccauerunt : sed resipiscentibus promittit nihilo mi-
548 1866 2208 1930 nus S. apostolus condonationem delictorum a domino. Quid uero manifestius
550 1927 2200 1991 est, quam quod omnes sancti quotidie & serio uereque, non hypocritice uel menda¬
560 1983 2202 2044 citer, orant. Dimitte nobis debita nostra. Hoc qui orant, fatentur se esse peccato¬
549 2025 2196 2107 res. Interim promittit dominus se exauditurum orantes fide, remittuntur ergo e¬
555 2096 2205 2154 tiam illa peccata orantibus, quae homines post cognitam uel indeptam patrarunt
553 2132 2214 2222 gratiam. Loca uero ex epistola ad Hebraeos, quae pro suo dogmate confirman¬
564 2190 2217 2271 do producunt Nouatiani, alias excussimus, ut hic nihil sit necesse ijs inhaerere
566 2257 791 2335 operosius,
648 2311 2206 2381 lam uero, ut summam colligamus eorum quae hactenus disputauimus de Poe
566 2371 2206 2439 nitentia, teneamus poenitentiam esse conuersionem ad deum, quam etsi uerbo suo
557 2416 2202 2489 & alijs rationibus excitet, praecipue tamen spiritu suo efficit ut reuereamur ip¬
563 2487 2199 2545 sum, deum, inquam, iustum, a quo auersi fueramus, dolentes ex animo patrem op
560 2547 2214 2605 timum peccatis nostris esse offensum. Nam humiliati coram aeterna sanctissimaque
568 2599 2200 2661 maiestate eius, agnoscimus quae nobis obijciuntur per uerbum dei peccata: agno
560 2649 2206 2717 scimus nihil esse in nobis integri. Cupimus autem reconciliari cum deo: quod cum
569 2699 2211 2773 non possit fieri, nisi per solum mediatorem Christum dominum, hunc fide appre
570 2772 2202 2824 hendimus, per quem ab omnibus peccatis absoluti, sancti & iusti a deo reputamur.
562 2815 2210 2880 Hoc beneficium quicunque synceriter agnoscunt, non possunt non odisse pecca¬
561 2867 2212 2942 tum, ueteremque mortificare hominem. Subiungerem ergo nunc alia membra ad
568 2943 2214 3016 poenitentiam pertinentia, uidelicet mortificationem ueteris hominis & innoua¬
