2288 3632
74 388 1744 483 ea faceres. Et idem iterum alicubi, Non te in conseruorum tuorum theatrum te
73 448 1745 538 duco: non hominibus peccata tua detegere cogo. Repete coram deo conscientiam
68 512 1736 596 tuam, & explica. Ostende domino praestantissimo medico tua uulnera, & pete ab
77 564 1747 645 eo medicinam. Item, Caue homini dixeris, ne tibi opprobret. Neque enim conseruo
70 624 1750 701 est confitendum, qui in publicum proferat, sed domino, qui tui curam gerit, qui
75 666 1741 759 & humanus est & medicus: ei ergo ostendes uulnera. Sed & dominum idem ille
77 724 1734 815 loquentem inducit, Non cogo te in medium prodire theatrum, ac multos adhibere te¬
75 780 1739 872 stes: mihi soli dic peccatum tuum priuatim, ut sanem ulcus. Haec Chrysost, omnia
77 838 1745 931 arguunt clare satis ritualem illam poenitentiam ( sicuti aliquando usurpata est in
76 901 1739 989 ecclesia) non a deo institutam, denique nulla iniuria ex ecclesia submotam, neque
67 961 1742 1037 mox a sanctis episcopis restitutam fuisse. In Romana ecclesia multas remansisse
80 1011 1737 1085 reliquias illius non omnino uane perhibent. Sed quid ad nos quid ecclesia quaeli¬
65 1058 1739 1145 bet sibi sumpserit uel seruandum uel deponendum: Hoc magis inquiramus quid
79 1121 1741 1216 tradiderit nobis Christus, quidue docuerint apostoli. De quorum doctrina iam sa
78 1167 480 1236 tis dictum arbitror.
137 1230 1758 1310 Priuata uel arcana confessio peccatorum fieri consueuit remotis arbitris solis
73 1270 1724 1374 sacerdotibus. Insusurrat enim aliquis clanculum peccata sua in aurem sacerdotis,
73 1345 1738 1438 confessionibus clancularijs deputati, absolutusqe ab hoc, conceptis uerbis, existi¬
77 1397 1737 1488 mat se purgatum esse ab omnibus peccatis. Ideoque Auricularem appellaui. Hanc
67 1451 1731 1545 ignorauerunt tempora apostolica, & quanquam olim radices agere coeperit, libe¬
77 1516 1730 1596 ra tamen ab initio fuit. Praecepta demum & rigide extorta legitur a Rom. Pont.
76 1561 1730 1660 in longe corruptissimo ecclesiae statu, nempe cum numeraretur annus domini
73 1632 1732 1706 millesimus ducentesimus decimusquintus, aut circiter. Disputatum est tamen per
79 1673 1736 1772 80. annos aut plures priusquam lege certa imponeretur omnibus, deo ne confi¬
68 1729 1724 1826 teri satis sit, an sacerdoti quoque confiteri oporteat ad repurganda peccata? Hugo
73 1789 1726 1878 in libro de Ecclesiastica potestate ligandi & soluendi sic reliquit scriptum, Auda¬
62 1853 1717 1928 cter dico, si ante sacerdotis absolutionem ad communionem corporis & sanguinis
67 1901 1731 1985 domini quis accesserit, pro certo sibi manducat & bibit iudicium, etiamsi eum mul
68 1966 1725 2041 tum poeniteat & uehementer doleat & ingemiscat. Haec Hugo certe audacter di-
67 2009 1718 2097 xit, nisi falsum nos doceat uerbum dei. Floruit hic author circa annum domini
74 2070 1725 2147 1130. Secutus est hunc non ita longo interuallo Petrus Lombardus, uulgo Magi¬
67 2123 1726 2205 ster sententiarum appellatus, nimirum quod sententias patrum collegerit, & do¬
71 2176 1727 2273 ctrinam patrum ueluti per compendium mundo proposuerit: de cuius opere quale
62 2231 1723 2327 sit nunc non pronuncio. Eloruisse putatur circa annum domini 1150. Is Sententia¬
58 2302 1723 2368 rum lib. 4 distinct. 17. & 18. ex patrum authoritate primum indicat sufficere con¬
62 2346 1730 2434 fessionem peccatorum soli deo factam. Deinde alias subijcit sententias contrarium
78 2398 1717 2491 docentes. Postremo sua etiam interposita sententia concludit, Ex his indubitanter
75 2464 1714 2551 ostenditur, oportere deo primum, & deinde sacerdoti offerre confessionem, nec
58 2512 1724 2602 aliter posse perueniri ad ingressum paradysi, si adsit facultas. Item, Certificatum
61 2572 1712 2650 est, quod non sufficit confiteri deo sine sacerdote : nec est uere humilis & poeni¬
73 2636 1714 2707 tens, si non desiderat & requirit sacerdotis iudicium. Petro Lombardo fuit magis
58 2676 1717 2765 ingenuus Gratianus Decretorum consarcinator, qui eodem cum Lombardo cla
64 2738 1716 2827 ruit tempore. Nihil is certi definit, sed proposits in utranque partem sententijs, &
74 2794 1715 2883 quod peccata oporteat confiteri sacerdoti, & quod non oporteat, iudicium lectori
59 2852 1719 2942 liberum permittit. Sic enim concludit, Quibus authoritatibus uel rationibus u¬
71 2917 1718 2985 traque sententia confessionis & satisfactionis innitatur, in medium breuiter ex-
55 2966 1709 3050 posuimus. Cui autem horum potius adhaerendum sit, lectoris iudicio reserua¬
61 3030 1715 3124 tur. Vtraque enim fautores habet sapientes & religiosos uiros. Haec Gratia¬
