2288 3632
58 289 1708 382 monet, uenturos in fine saeculi homines qui dicturi sint, Nos sumus Christi, id est,
57 347 1713 433 qui ea sibijpsis tribuant quae solius sunt Christi, qualis praecipue est peccatorum re¬
52 399 1713 503 missio. At ab his fugere, eosque ueluti seductores modis omnibus cauere praecipit.
50 440 1722 547 Eadem ueritas euangelica docet fideles solo sanguine filij dei mundari. Indulgen
59 508 1716 605 tiae illorum promittunt hominibus emundationem per sanguinem S. Petri & Pauli
46 556 1705 655 beatorumque martyrum. Sunt ergo prophanatio sanguinis filij dei. Sancti lauant sto
58 612 1714 723 las suas in sanguine agni, non in bulla uel arca indulgentiaria, non in sanguine mar
59 678 1716 781 tyrum. Imo negat ipse Paulus. nec se, nec Petrum, nec ullum alium sanctorum pro ec
51 740 1711 824 clesia dei crucifixum. Indulgentiae uero ita proponuntur nobis, ut uideatur deus no
44 783 1716 897 bis propter sanguinem martyrum placatus esse. Pugnant ergo indulgentiae cum scri
49 849 1700 946 ptura apostolica. Monui aunt in Sermone de Bonis operibus in his Pauli uerbis,
43 901 1699 997 Suppleo in corpore meo, ea quae supersunt passionibus Christi, pro corpore eius,
47 967 1699 1058 quod est ecclesia, supplementum illud non referri ad opus expiationis Christi, quod
56 1015 1702 1112 consummatum est, nisi falsum testificatus sit ultimum exhalans spiritum, dicens, Con
47 1062 1700 1175 summatum est, sed ad eas afflictiones quibus Christi membra, id est fideles, exer¬
56 1126 1694 1224 centur cruce, quoad uiuunt, in hac carne. Certe dominus afflictiones illatas fide¬
52 1176 1701 1284 libus habet pro suis. Dixit enim Paulo, Saule Saule, quid me persequeris ? Praete¬
52 1242 1702 1329 rea cum dicit, Pro ecclesia, non intelligit pro expiatione ecclesiae, sed pro aedificatio
55 1296 1695 1389 ne atque profectu. Et graues a ludaeis persecutiones sustinuit Paulus quod Gentibus
36 1358 1696 1445 praedicaret euangelium. Sed & exemplum rarissimae patientiae in ipso ecclesiae exhi
49 1406 1684 1494 beri oportuit. Quid quod iam dudum ab alijs obiecta est indulgentiarum asserto
41 1463 1688 1557 ribus pia haec beati Leonis Papae sententia ex epist. Si. Quamuis multorum sancto¬
34 1519 1691 1607 rum in conspectu domini mors pretiosa fuerit, nullius tamen sontis occisio propi
38 1565 1695 1674 tiatio fuit mundi. Item, Accepere iusti, non dederunt coronas: & de fortitudine fi-
43 1627 1679 1727 delium nata sunt exempla patientiae, non dona iustitiae. Singulares quippe eorum
38 1685 1689 1783 mortes fuere: nec alterius quispiam debitum suo sine persoluit, cum unus extite¬
29 1742 1686 1838 rit dominus Christus, in quo omnes crucifixi, omnes mortui, sepulti, suscitati.
37 1786 1679 1901 Haec ille. Diuino ergo & humano testimonio euicimus euidentissime, indulgen¬
40 1852 1691 1959 tias collatas peccatoribus ex merito uel thesauro sanguinis martyrum, meras esse
43 1900 1261 1987 in deum blasphemias & apertas in beatos martyres iniurias.
106 1951 1697 2073 Dixi hactenus de Indulgentijs gratis quondam collatis a pontificibus, quam¬
32 2019 1697 2130 uis hae sint hodie rarae & praetenues: dicam modo paucula de lndulgentijs quas lon s
28 2077 1683 2175 ge maiore parte diuendunt. Vendere indulgentias nepharium est in ecclesia dei fa¬
25 2135 1686 2228 cinus, quo non multa inuenias atrociora. Atqui hoc uulgare est, & fuit iam annis
18 2189 1678 2286 multis Romanis Pontificibus & ipsorum nuncijs, quos appellarunt apostolicos.
27 2232 1675 2342 Nec habent ex scripturis sanctis uerbum quod praetexant facinori nephandissi¬
18 2300 1665 2396 mo. Et ut iam non commemorem quod Indulgentiae nihil sunt nisi nomen sine re,
17 2354 1666 2443 quodque eo nomine foede imponitur miseris mortalibus : certe Christus summus
32 2404 1670 2505 & unicus ecclesiae suae catholicae sanctaeque pontifex, in diebus carnis sues, uendentes
20 2456 1671 2564 & ementes flagello, ceu impudentes e templo dei canes, exturbauit. Idque fecit bis.
19 2507 1664 2617 Semel in principio concionis uel praedicationis suae: iterum autem sub finem fere¬
14 2565 1675 2678 Principio haec addidit uerba, Auferte ista hinc. nec facite domum patris mei, do¬
22 2636 1675 2729 mum mercatus. Posterius adiecit haec, Scriptum est, Domus mea domus orationis
11 2695 1664 2789 uocabitur: at uos fecistis illam speluncam latronum. Iam uero Simon magus in Actis
8 2753 1671 2839 apost, uidens quod per impositonem manuum apostolorum daretur spiritus san
14 2797 1661 2889 ctus, obtulit eis pecunias, dicens, Date & mihi potestatem istam, ut cuicunque impo
7 2846 1658 2957 suero manus, accipiat spiritum sanctum. Audi uero quomodo hanc petitionem ab
16 2902 1660 3006 ipso exceperit Petrus, Pecunia tua, inquit, tecum sit in perditionem : quoniam
