2288 3632
575 295 2236 410 donum dei existimasti pecunijs parari. Non est tibi pars neque sors in ratione hac.
581 369 2229 469 Cor enim tuum non est rectum coram deo. En dona dei non parantur pecunijs,
582 430 2236 525 En cor eorum non est rectum, qui negotiationem exercent in rebus religionis. En
579 495 2228 583 non habent sortem ullam in regni coelorum haereditate, uel in euangelica ratione.
575 539 2235 634 Quid ergo iam dicemus de lndulgentijs, quas redemptum uenales exponunt nun¬
576 599 2231 698 cij apostolici? Quid dicemus de ipsis nuncijs, & nuncios mittente Papa? Socios
587 647 2229 746 uidelicet esse Simonis, non Petri, sed magi. Petrus enim, ex iusta dei sententia, ta¬
591 713 2243 803 libus maledixit. Pecunia, inquit, uestra uobiscum sit in perditionem. Grauissimum
590 766 2243 861 & horrendum, sed iustissimum est hoc dei iudicium. Idem apostolus Petrus prae¬
595 815 2245 921 uidens tales in ecclesia aliquando futuros mercatores, in epist. su. posteriore, Fue¬
587 875 2239 972 runt, inquit, & pseudoprophetae in populo, quemadmodum & inter uos erunt
584 927 2242 1026 falsi doctores, qui clam inducent sectas perniciosas, etiam dominum qui illos mer
593 987 2235 1086 catus est, abnegantes, accersentes sibi celerem interitum, & plerique sequentur il¬
600 1042 2242 1137 lorum exitia, per quos uia ueritatis blasphemabitur: & per auaritiam factitijs ser¬
591 1109 2244 1201 monibus de uobis negotiabuntur. Quid enim est factitijs sermonibus per auari¬
603 1153 2239 1252 tiam negotiari, lucrumque facere ex misera plebecula, si hoc non est, quod aiunt isti
602 1216 2239 1308 se plenariam peccatorum remisionem conferre confessis & contritis? Si enim quis
590 1268 2244 1374 agnoscat peccata sua & uera fide conuertatur ad deum per Christum, etiam sine
596 1326 2253 1419 istorum indulgentijs consequitur plenariam peccatorum condonationem. Fucum
609 1387 2254 1473 ergo faciunt simplicibus uersutissimi, & pro pecunia diuendunt quod nunquam
605 1434 2247 1533 habuerunt neque ulla pecunia unquam comparari potest. Et haec de Indulgentijs
593 1489 2245 1584 illis hucusque. De quibus alij disputarunt copiosius. Ego ex paucis illis arbitror
600 1562 1775 1663 quemuis nullo negotio intellecturum quid de eis iudicet.
681 1607 2250 1702 Enauigauimus tandem ex cautibus illis scopulisque, quos eam ob caussam ac¬
600 1661 2256 1758 cessimus, ut omnia periustrantes loca periculosiora, admoneremus imperitiores
606 1721 2256 1807 ne impingant alicubi, faciantque naufragium, existimantes in illis esse neruos poe¬
606 1768 2245 1869 nitentiae ueros, in quibus plurimum est diuinae offensionis, Relictis ergo illis, re¬
608 1834 2253 1921 dimus ad illustrandum postremum poenitenties membrum, quo comemorauimus
597 1881 2257 1985 poenit: ntes ueterem hominem mortificare, spiritualiter autem innouari. Ante om-
606 1940 2259 2027 nia e go dicendum esse uidetur, quis sit uetus homo, quis homo nouus uel regeni
602 1995 2252 2083 tus, quae sint hominis uires. Deinceps enim rectius intelligemus quid sit mortifi¬
608 2058 2259 2141 ca e ueterem hominem, quid renouari spiritu. Veterem hominem totum hoc
612 2112 2256 2197 esse dicimus, quod habemus ex natura, uel ab ipso primo parente nostro, non cor¬
614 2167 2266 2266 pus duntaxat intel igentes, uel carnem corporis crassiorem partem, sed ipsam ani¬
609 2220 2256 2317 mam, cum suis uiribus potentijs uel facultatibus. Ergo dum alicubi in sacris lite¬
609 2275 2264 2367 ris Caro ponitur pro homine, non intelligere licet tantum corporis partem cras¬
602 2335 2265 2431 siorem, sed iunctam simul cum anima, eiusque facultatibus, hoc est totum nondum
609 2388 2263 2481 regeneratum hominem Dominus enim in euangelio, Qued natum est, inquit, ex
609 2438 2262 2532 carne caro est: & quod nascitur ex spiritu spiritus est. Atque haec quidem profert de
609 2494 2259 2594 hominis renascentia, quae non fit secundum carnem (uti falso imaginabatur Nico
615 2553 2269 2643 demus) sed secundum spiritum. Caro ergo comprehendit naturales animae uires
611 2610 2270 2700 siue potentias, adeoque totum illud quod ab Adamo parente omnium nostrum ha
609 2662 2263 2765 bemus. Nouus homo dicitur regeneratus per spiritum dei in Christo, uel reforma
604 2724 2267 2812 tus ad imaginem Christi, cum omnibus spiritus diuini donis & uirtutibus. Alicubi
606 2782 2262 2870 & fere in antithesi significatur idem per uocabulum Spiritus. Atque hic locus re¬
613 2831 2269 2933 quirit dissertationem de Viribus hominis. De quibus etiamsi disputarim nonihil
603 2900 2272 2992 in Sermone de Libertate & Seruitute, item de Peccato, proferam tamen hic quae
613 2960 1337 3067 praesenti caussae putauero sufficere.
