2288 3632
536 344 2200 502 SLICENIOSIMO ANGLIAL
526 462 2201 591 ET ERANOIAE REG. HVEERNIAE DoMi
577 540 2150 639 NO, VVALLIAE ET CORNVBIAE PRINCIPI, CHRI¬
745 607 2003 707 stianae fidei defensori, Eduardo eius nominis Sexto, Gratiam
906 670 1846 756 & pacem a deo patre, per dominum nostrum
1203 734 1550 818 Iesum Christum
838 827 2194 936 VOD non ita pridem R.T. M. pollicitus sum, in praesentiarum praesto, offerens Sermo¬
851 897 2202 981 nes Decadis quartae reliquos octo, quos R.T. M. dedico, ut habeat ex me Decades Sermonum
849 947 2207 1035 integras duas. Misi mense Martio Sermones Xxli. Eos perbenigne acceptos esse aR.T. M.
853 1015 2200 1108 scribit spectatiss, pietatis & eruditionis uir D. Ioan. Hopperus, uigilantiss. Glocestriae episco¬
853 1065 2212 1146 pus, frater & compater meus in Christo colendissimus. Qui & comendatione R. T. M. erga
560 1121 2209 1214 me beneuolentiae effecit, ut modo maiore fiducia & libertate quam antea reliquam hanc operis partem, de rebus
564 1177 2209 1276 longe maximis & sanctissimis scriptam, submittam. Dedicatione hac mea nihil aliud specto, quam quod exposui
565 1231 2198 1339 epistola priore, ut iuuem, pro meo mihi dono a domino concesso, pietatis Christianae negotium, feliciter iam m
559 1283 2206 1383 inclato Anglie regno, R.T. M. auspicijs optimorumque principum consilijs renascens. Gratulantur ob renascen¬
563 1343 2196 1433 tiam illam &R. T. M. & fiorentissimo regno tuo omnes omnium in toto orbe Christiano nationum uere Chri-
568 1417 2184 1493 sto credentes, orantque Christum dominum, ut ipse feliciter in eius timore coepta, ad felicissimum perducat finem.
631 1453 2200 1550 Aggressa est sane R. T. M. opus & ingens & laboribus molestijsque refertissimum: sed non deerit interim
575 1509 2200 1613 bijs conatibus, qui dixit : Ecce ego uobiscum sum omnibus diebus usque ad consummationem saeculi. Obijciunt se
561 1579 2200 1658 nunc quoque, ut ab ecclesiae initio semper, sanctissimis & saluberrimis institutis remorae permultae et impediment
567 1619 2216 1724 grauia, coeptam interturbare satagentes religionis repurgationem, & istud in primis, quod &x prudentioribus non
573 1673 2206 1777 paucis n ore est, non ita accelerandum authoritate priuata, sed omnino expestandam esse generalis Concilij in
573 1729 2215 1829 controuersa religione determinationem, absque cuius iudicio non liceat ne regno quidem, nedum reipublicae alicui
561 1788 2214 1879 uel tantillum in semel recepta & hactenus usurpata religione immutare. Caterum prophetae & apostoli, non ad
566 1841 2207 1939 Concilia seniorum aut sacerdotum, sed ad uerbum dei nos remittunt, imo legimus apud leremiam. Quomodo di-
564 1897 2203 1988 citis, Sapientes sumus, & lex domini apud nos est: Vere mendacium operatus est stilus mendax scriburum. Pude¬
564 1951 2213 2057 facti sunt sapientes, expauerunt & capti sunt. Ecce uerbum domini proiecerunt, quae ergo in illis potest esse sa¬
571 2025 2206 2113 pientias Rursus legimus in euagelio: Nemo qui manu sua admota aratro respexit a tergo, aptus est regno dei. Pro¬
576 2066 2210 2158 inde suadet prophetica & euangelica authoritas, semel coeptam cum timore dei ex uerbo dei reformationem re¬
568 2127 2213 2214 ligionis, iustis absoluere incrementis, nec respecture ad Concilia, quae affectibus hominum non uerbo dei di-
566 2213 716 2283 riguntur.
648 2224 2221 2331 Nam quid expectemus ex generalium Conciliorum determina tionibus, docent nos proxima aliquot saecu¬
568 2283 2214 2380 lorum exempla iam inde ab annis quadringentis aut amplius. Caussae Conciliorum fuere quondam morbi uel do¬
570 2365 2221 2444 ctrinae uel docentium, aut collapsa disciplina ecclesiaftica. Et clamatum est quidem acriter ab optimis e religio¬
570 2399 2221 2508 sissimis quibusque annis iam quingentis & amplius, irrepsisse in ecclesiam superstitiones errores atque abusus, sal
571 2458 2222 2550 terrae esse infatuatum, hoc est, ministros ecclesiarum ignauia inscitia & sceleribus computruisse, omnemque m ec¬
571 2528 2214 2609 clesia disciplinam cecidisse. Vnus inter multos bernordus Clareuallensis, huius rei loquupletissimus est testis.
576 2564 2228 2666 ideoque celebrata sunt non raro Concilia sacerdotum, conuocante eos pontifice Rom, operamque suam mutuam col
582 2622 2228 2713 locantibus non paucis principibus. Verum quid effectum, & quae emendatio doctrinae, docentium & disciplinae
570 2677 2223 2777 obtenta sit, ipsa loquitur, proh dolor, res. Quo enim crebriora coiere Concilia, tanto magis inualuit superstitio
577 2753 2216 2832 & error in doctrina, abulus in ritibus, superbia, luxus, auaritia, omnisque corruptio m docentibus uel sacerdoti
574 2800 2222 2884 bus, denique foedissima omnis disciplinae oblieratio. Praefuerunt enim Concilijs isti, quos aut primum in ordinem
571 2861 2227 2950 redigi, aut protinus e sanctorum coetu proscribi oportuerat, sed et caussas in Concilijs non legitimas neque legitime
569 2907 2216 2993 tractuuerunt. Nam uerbum dei nec authoritatem nec dignitatem suam apud eos habuit, neque admiserunt ad caus¬
571 2957 2217 3066 sarum discussionem quos in primis admittere decebat, sed quos ipsi uoluerunt, neque his dei gloriam e ecclesia
