2288 3632
540 329 2204 427 deligit, sed in omnibus os dei obseruat, reuelationemque dei sequitur. Proinde ue¬
547 410 2205 482 luti lege certa constitutum sit, non posse deum recte cognosci nisi ex uerbo dei-
555 469 2209 544 & deum talem esse credendum uel recipiendum, qualem se ipse nobis in uerbo suo
542 523 2080 594 reuelat. Nemo certe melius quid & qualis sit deus dixerit, quam ipse deus.
620 559 2210 641 Hic deus cum in uerbo suo & per ipsam mundi machinam, per scripturas sa¬
551 640 2213 709 cras & per oracula ex ore patriarcharum prophetarum & apostolorum pronun
562 697 2217 755 ciata, in animis denique seu conscientijs hominum testetur se esse, merito regius
561 744 2227 827 propheta Dauid cecinit, Dixit insipiens in corde suo non est deus. Amentem enim
559 795 2221 870 esse necesse est eum, qui negat quod omnibus in mundo non destitutis sana ratio
555 847 2225 926 ne est perspicuum, esse uidelicet deum : cum & Cicero author ethnicus lib. de Na
562 906 2230 990 tura deorum, inter alia dicat. Omnibus innatum & in animis quasi insculptum est
565 969 2222 1050 esse deum. Certe qui negant deum esse, quem negant nihilo minus metuunt, me¬
575 1018 2115 1104 tuendo ergo confitentur, ac seipsos ueluti redarguunt mendacij & perfidiae.
648 1075 2228 1161 Rursus sciendum est, in quaestione, Quid uel quis sit deus, licet haec institua¬
582 1112 2230 1206 tur ex scripturarum discussione, modum omnino esse seruandum. Etenim curio¬
562 1202 2222 1279 sius uelle inquirere, scrutari aut inspicere ipsam dei aeternam essentiam, non mo¬
584 1260 2231 1315 do periculosum, sed & modis omnibus est prohibitum. Solomon clamat, Quem¬
580 1298 2224 1380 admodum multum mellis edere non est bonum, sic qui scrutator est maiestatis, op
570 1361 2234 1439 primetur a gloria. Ante colloquium illud singulare & excellentissimum, quo deus
579 1413 2224 1489 noster in monte Sina congreditur cum uniuerso populo lsraelis, audit Moses, Cir¬
578 1474 2235 1547 cumscribe terminum populo circum montem dicens, Cauete uobis ne ascenda¬
580 1521 2223 1602 tis in montem, neque extremitatem eius attingatis. Quicunque montem attigerit, mor,
577 1584 2232 1654 te moriatur, &c. En capitale erat praescriptos transcendere limites uel terminos.
570 1633 2238 1708 Sunt ergo definita studia nostra. Certe legimus passim in sacris literis excellentis¬
580 1696 2237 1764 simos dei amicos trepidasse plane consternatos, quoties ipse deus spectro aliquo
586 1758 2233 1813 se ipsorum oculis sua sponte ingessit. Exempla non est quod copiosius tractem. No¬
585 1805 2239 1874 stis quomodo se gesserit Abraham in colloquio suo cum deo habito Gene. 18. Quid
590 1856 2237 1927 dixerint parentes Gedeonis, in libro ludicum, Quid Helias 3. Reg. 19. Petrus post
592 1913 2237 1993 quam ex miraculosa piscium captura intellexisset Christum amplius quiddam esse
579 1979 2239 2039 quam hominem, exclamauit, Exi a me domine, quia homo peccator sum. Proinde
586 2022 2238 2092 sancti sicubi alias in dei negotijs, hic maxime sunt humiles, modesti & religiosi,
582 2077 2244 2162 intelligentes aeternam & immensam potentiam maiestatemque ineffabilem, nulla
595 2132 1806 2230 posse definitione circumscribi, nullo comprehendi nomine
671 2183 2242 2264 Eleganter, pie & uere Tertullianus in libro suo de Trinitate, Nomen dei pro¬
592 2246 2248 2330 prium, inquit, edici non potest, quia concipi non potest. Id enim nomine contine¬
594 2297 2233 2376 tur quicquid etiam ex naturae suae conditione comprehenditur. Nomen enim si-
589 2356 2245 2446 gnificantia est eius rei, quae comprehendi potuit ex nomine. At quando id de quo
589 2422 2236 2491 agitur tale est, ut condigne nec ipsis intellectibus colligatur, quomodo appella¬
592 2469 2247 2539 tionis digne uocabulo pronunciabitur? Quod dum extra intellectum est, etiam
590 2537 2248 2596 supra appellationis significantiam sit necesse est: ut merito quando nomen suum
587 2586 2247 2654 deus ex quibusdam rationibus aut occasionibus aut adiincit & praefert, non tam le
595 2632 2240 2724 gitimam proprietatem appellationis sciamus esse depromptam, quam significan¬
595 2690 2238 2762 tiam quandam constitutam, ad quam dum homines decurrunt, dei misericordiam
593 2744 2235 2830 per ipsam impetrare posse uideantur. Et idem iterum, De deo & ijs quae sunt ip¬
594 2811 2251 2876 sius & in eo sunt, nec mens hominis quae sint, quanta sint, & qualia sint, digne con
597 2871 2242 2930 cipere potest: nec eloquentia sermonis humani aequabilem maiestati eius uirtu¬
595 2927 2248 2991 tem sermonis expromit. Ad cogitandam enim & ad eloquendam eius maiestatem
608 2972 2247 3042 & eloquentia omnis merito mutaest, & mens omnis exigua est. Maior est enim
