2288 3632
59 313 1715 411 mente ipsa: nec cogitari possit quantus sit: quia si cogitari poterit, mente humana
71 379 1718 475 minor sit oportet, qua concipi possit. Maior est quoque omni sermone, nec dici pos
68 424 1720 514 sit. Quia si potuerit edici, humano sermone minor sit oportet, quo cum dicitur cir
64 492 1721 577 cumiri & colligi posset. Quicquid autem de illo cogitatum fuerit, minus ipso erit:
67 539 1715 634 & quicquid enunciatum fuerit, minus illi comparatum circum ipsum erit. Sentire
67 601 1717 699 enim illum taciti aliquatenus possumus: ut autem ipse est, sermone explicare non
66 665 1712 754 possumus. Siue enim illum dixeris lucem, creaturam ipsius magis, quam ipsum di-
54 722 1702 802 xeris, ipsum non expresseris. Siue illum dixeris uirtutem, potentiam ipsius magis,
62 771 1708 854 quam ipsum dixeris & deprompseris. Siue dixeris maiestatem, honorem ipsius
62 833 1713 913 magis quam illum ipsum descripseris. Et quid per singula quaeque percurrens lon¬
52 876 1704 977 gum facio? Semel totum explicabo, Quicquid omnino de illo retuleris, rem ali¬
61 946 1706 1030 quam illius magis, quam ipsum explicaueris. Quid enim de eo condigne dicas aut
60 989 1702 1089 sentias, qui omnibus & sermonibus & sensibus maior est: nisi quod uno modo &
58 1048 1703 1149 hoc ipsum, quomodo possumus, quomodo capimus, quomodo intelligere licet,
52 1110 1705 1205 quid sit deus mente capiemus, si cogitauerimus id illum esse, quod quale et quan
52 1167 1699 1251 tum sit non possit intelligi, nec in ipsam quidem cogitationem possit uenire. Nam
53 1216 1704 1305 si ad solis aspectum oculorum nostrorum acies hebescit, ne orbem ipsum obtutus
58 1272 1704 1354 inspiciat obuiorum sibi superatus fulgore radiorum: hoc idem mentis acies pa¬
58 1338 1707 1415 titur in cogitatione omni de deo: & quanto ad considerandum deum plus inten¬
58 1385 1693 1466 ditur, tanto magis ipsa cogitationis suae luce caecatur. Quid enim de eosut iterum
48 1450 1703 1532 repetam) condigne dicas, qui est sublimitate omni sublimior, & altitudine omni
47 1508 1695 1588 altior, & profundo omni profundior, & omni luce lucidior, & omni claritate cla¬
52 1553 1703 1647 rior, omni splendore splendidior, omni robore robustior, omni uirtute uiritior, o¬-
49 1613 1692 1703 mni pulchritudine pulchrior, ueritate omni uerior, & fortitudine omni fortior,
52 1662 1685 1758 & maiestate omni maior, & omni potentia potentior, & omnibus diuitijs ditior.
48 1730 1693 1804 omni prudentia prudentior, & omni benignitate benignior, omni bonitate melior,
55 1783 1698 1858 omni iustitia iustior, omni clementia clementior. Munera enim sunt necesse est
53 1830 1696 1927 omnium genera uirtutum eo ipso qui uirtutum omnium & deus & parens est: ut
54 1892 1709 1996 uere dici possit id deus esse quoddam eiusmodi esse cui comparari nihil potest. Su
49 1947 1546 2030 per omne est enim quod dici potest. Hactenus Tertulliani uerba recensui,
142 1994 1709 2087 Quamuis autem haec se omnino sic habeant nec ulla uel angelorum uel homi
49 2056 1706 2143 num lingua plene explicauerit quid, quis, uel qualis sit deus, cum eius maiestas sit
44 2115 1707 2208 immensa & ineffabilis, scriptura tamen, quae uerbum dei est, attemperans se no¬
36 2162 1689 2261 strae imbecillitati, modos, formas uel rationes aliquot nobis suppeditat, per quas
49 2220 1694 2309 saltem in aliquam dei cognitionem, quae interim nobis sufficiat donec hic in ter¬
47 2286 1692 2369 ris uiuimus, inducamur: ita tamen ut cogitemus perpetuo immensum definiri non
39 2335 1684 2417 posse, sed occasionem duntaxat aliquam praeberi, qua ad maiora perspiritus illu
47 2401 1676 2478 minationem efferamur: semperque in hac disputatione ob oculos nobis praefixum
45 2446 1682 2538 teneamus hoc uerissimum aeterni dei dictum, ad Mosen prolatum, Non poteris
53 2508 1682 2597 uidere faciem meam. Non enim uidebit me homo & uiuet. Vbi enim hinc mi-
43 2563 1682 2652 grauerimus exuti mortalitate & infirmitate humana, diuinam uidebimus maie¬
43 2618 1674 2702 statem. Nam Ioannes apostolus dixit, Scimus quoniam si apparuerit, similes ei e¬
43 2678 1682 2753 rimus: quoniam uidebimus eum sicuti est. Cum his meminerimus & uerborum
46 2717 1684 2816 Pauli apostoli dicentis, Cernimus nunc per speculum in aenigmate, tunc autem
42 2778 1684 2870 facie ad faciem. Proinde nemo praescriptos terminos transilire, aut tempus desti¬
45 2850 1674 2930 natum praeuertere, & dei faciem, ipsam inquam dei essentiam, intueri in hac car¬
37 2902 1680 2996 ne & in hoc saeculo uiuens, impia curiositate audaciaque praesumat. Sufficiat cuique
39 2953 1688 3048 illa dei reuelatio, quam ipse nobis in uerbo suo dignatur aperire, nimirum pro bona
