2288 3632
503 327 2185 421 spectri, uel posteriora mea. Caeterum posteriora dei sunt dicta & facta dei, quae
508 392 2167 483 post se relinquit, ut ex ipsis eum aestimemus, Rursus contemplatio faciei sumitur
525 459 2173 531 pro exactissima cognitione. Qui autem in tergum duntaxat aspiciunt, minus exa
519 510 2175 579 cte cognoscunt. Preterea posterioribus temporibus misit deus filium suum in mun
517 562 2179 646 dum, natum ex muliere. Quem qui fide contemplantur, diuinitatem quidem in hu
517 618 2182 706 manitate non uident, ex dictis tamen & factis cognoscunt quis sit deus, adeoque pa
531 675 2186 758 trem cernunt in filio. Discunt enim quod deus summum bonum est, & quod fi-
529 749 1581 815 lius dei deus est, patri coaequalis & consubstantialis,
610 787 2183 860 Videamus iam quomodo se exhibuerit deus Mosi ( iuxta promisionem au¬
528 843 2180 920 ditam hactenus) uisendum. Diluculo surgens Moses ascendit in montem alacris
526 915 2182 978 ad petram, quam indicauerat dominus, & recipit se in cauernam, cupideque uisio¬
532 966 2184 1031 nem siue reuelationem dei expectat. Dominus uero descendit in nube, uenitque in
532 1013 2188 1085 montem ad cauernam petrae, in qua expectabat Moses. Mox uero obtecta facie
523 1072 2188 1139 Mosis, transijt spectrum dei, id est species illa humana a deo assumpta : cumque iam
522 1127 2178 1195 tergum Mosi obuerteret spectrum, nec in uultum aspicere amplius posset Moses,
528 1196 2188 1255 remouit dominus manum, ac Moses aspiciebat in posteriora domini. Vnde colli¬
523 1232 2181 1319 gebat deum aliquando, hoc est posterioribus saeculis, fore incarnandum atque ita
535 1304 2191 1371 reuelandum orbi. De qua reuelatione dicemus paulo post plura. Simul etiam cla¬
531 1353 2187 1421 mauit dominus, & catalogo quodam uti promiserat nomina sua recensuit, quibus
533 1416 2185 1478 naturam suam ueluti adumbrauit. Dixit enim, Iehouah Iehouah, deus misericors,
538 1464 2194 1531 & beneficus, longanimis, immensae bonitatis & ueritatis, custodiens beneficen¬
551 1532 2194 1595 tiam in mille, auferens uel condonans iniquitatem transgressionem & peccatum¬
542 1582 2200 1643 attamen sceleratum non dimittens impunitum, uisitans iniquitatem patrum in fi
535 1638 2201 1705 lijs & nepotibus in tertiam & quartam generationem. Hoc quid aliud est quam
545 1693 2190 1762 si dixisset? Ego sum essentia illa increata, ex meipso ab eterno existens, quae omni-
541 1747 2197 1809 bus esse confert, quae omnia in esse conseruat. Ego sum deus fortis & omnipotes.
541 1805 2197 1864 Non abutor mea potentia. Sum enim clemens & misericors, qui meas amo crea¬
549 1872 2202 1927 turas, hominem in primis, in quem totis incalesco uisceribus. Sum diues & bene¬
551 1918 2198 1989 ficus creaturisque meis iuuandis promptissimus. Gratis omnia confero. Sum lon¬
540 1981 2204 2048 ganimis minimeque hominum more irritabilis, praecepsque ad uindictam. Neque ue¬
541 2031 2203 2094 ro parcus aut malignus sum, ut solet uulgus diuitum in hoc saeculo. Sum libera¬
543 2080 2209 2143 lissimus & beneficentissimus, gaudens distrahi & beneficijs adoperire fideles.
545 2140 2207 2207 Sum praeterea fidelis & uerax. Nec fallo quenquam, nec mentior quicquam: quod
541 2194 2207 2269 promitto, fideliter praesto. Neque uero opes meas prodigo, aut has spargens in ho¬
553 2254 2197 2317 mines, deficio tandem exhaustus. Custodio enim beneficentiam in mille genera¬
551 2299 2202 2365 tiones: ut quanquam prius saeculum ex meis opibus splendide uixerit, posteri ta¬
553 2366 2203 2433 men ad finem usque saeculi nihilominus in me inueniant quod ad iucundam satie¬
548 2418 2204 2491 tatem exaturet. Sum enim fons bonorum inexhaustus. Si quis uero in me pecca¬
541 2473 2201 2537 rit, ipsumque sceleris pigeat, non sum implacabilis, Sponte enim condono errores
549 2530 2199 2604 peccata ac scelera. Ideo tamen nemo existimet me peccatis oblectari aut patronum
544 2590 2212 2653 esse sceleratorum. Idem enim sceleratos & impoenitentes punio: meos item, ut re¬
559 2642 2209 2710 tineam in officio, castigo. Nemo autem putet se impune peccaturum, quod uidet
541 2696 2207 2773 maiores suos impune peccasse, hoc est non protinus esse deletos, Reseruo enim
547 2749 2205 2822 uindictam in tempus iustum, modisque omnibus ita me gero, ut omnes fateri co¬
542 2813 2210 2883 gantur me esse deum iudicij. Haec cum audisset ac uidisset seruus dei Moses, festi¬
552 2880 2210 2941 nauit prociditque in terram ac adorauit. Idem faciamus & nos, certi quod dominus
557 2922 2213 2994 non dignabitur se & gloriam suam, quoad in hisce terris uixerimus, plenius nisi
557 2981 2213 3052 in exhibito Christo reuelare. Quae itaque sufficiebant Mosi, sufficiant & nobis, suffi
555 3028 981 3119 ciat cognitio Christi.
