2288 3632
544 341 2191 438 quis sit deus. Talis enim est deus, qualem se nobis in Christo exhibet cognofeen¬
549 411 2201 493 dum: atque in hoc ipso alibi constituit uitam aeternam, dicens, Haec est autem uita
540 482 2194 551 aeterna, ut cognoscant te solum deum uerum, & quem misisti Iesum Christum. Ca¬
544 528 2200 598 ueat qui sibi consultum cupit, ne quid amplius scire uelit, quam in Christo ab ipso
547 572 2198 653 deo nobis traditum est. Quisquis autem Christo neglecto, dictamem & subtilitates
556 632 1996 718 ingenij humani sequitur, euanescit certe & perit in suis cogitationibus,
628 698 2200 772 Quarta cognoscendi dei ratio petitur ex contemplatione operum eius. Nam
559 742 2208 829 Dauid canit, Coeli enarrant gloriam dei, & opera manuum eius annunciat firma¬
546 801 2197 875 mentum. Sed & Paulus apostolus, Quae sunt inuisibilia dei, inquit, ex creatione
546 862 2207 941 mundi dum per opera intelliguntur, peruidentur, ipsa nempe aeterna eius poten¬
561 910 2202 991 tia ac diuinitas. En aeterna dei potentia & diuinitas, inuisibilia illa dei sunt, sed ea
563 992 2214 1049 intelliguntur ex consideratione operum dei : ex operibus ergo dei deus ipse cog¬
560 1036 2208 1107 noscitur. Considerantur autem opera dei bifariam. Vel enim proponuntur nobis
563 1075 2218 1162 contemplanda in rebus propter hominem conditis, ut in coelo & in terra, & in ijs
557 1132 2208 1223 quae sunt in coelo & in terra, prouidentiaque dei & gubernantur & conseruantur,
561 1206 2211 1275 cuius generis sunt astra astrorumque motus siue cursus, influentiae coelestes, tempo
554 1257 2209 1328 ris uicissitudo, animantia omnis generis, arbores, plantae, fructus terrae, mare &
559 1301 2208 1379 quae in mari sunt, lapides, & quae in terris latitant effodiunturque ad hominum usum,
564 1356 2217 1445 De his scripserunt doctissime & pijssime S. Basilius & S. Ambrofius in opere sex
565 1408 2222 1501 dierum, quod appellarunt Hexameron. Hic habet locum historia illa naturalis, quam
568 1469 2224 1556 gloria excellentissimus rex Dauid in Psalmis, maxime post centesimum, apposits¬
571 1543 2226 1607 sime accomodat instituto nostro. Verum ne inuoluamus res, dicemus quaedam
571 1599 2226 1671 paulo post de Creatione mundi, diuina quoed gubernatione & prouidentia. In praesen
574 1647 2212 1730 ti satis fuerit agnoscere coelum ac terram, & ea quae in his sunt, nobis enarrare &
578 1691 2216 1773 quasi ob oculos statuere deum ut sapientissimum ita potentissimum esse, admiran¬
571 1756 2217 1826 dum, infinitae maiestatis, gloriae immensae, iustissimum, beneficentissimum, opti¬
566 1806 2215 1880 mum, maximum. Optime ergo rebus humanis consulens lsaias fidelissimus eccle
577 1876 2231 1942 siae doctor, Attollite, inquit in sublime oculos uestros, & contemplamini quis crea
570 1928 2213 1996 uerit ista, producens in numero exercitum eorum, singula suis nominibus uocans,
577 1972 2230 2051 cuius tanta est uirtus, ut nullum quidem illorum desit. Quanquam enim ab exor
577 2040 2229 2104 dio astra mundo illuxerint, & suo cursu ad quod creata sunt perfecerint, usu ta¬
570 2094 2223 2170 men neque contrita, neque uetustate consumpta aut obscurata sunt. Nam uirtute crea
580 2158 2233 2221 toris conseruantur integra. Ieremias quoque clamat, Domine nemo est sicut tu. Ma
572 2206 2224 2281 gnus es tu, & magnum est nomen tuum cum potentia. Quis te non metuat, o rex
580 2248 2220 2337 gentium. Quia tibi est decor: quia inter omnes gentium sapientes, & in omni re¬
577 2315 2223 2391 gno eorum nemo est tibi similis. Et mox. Dominus deus uerus deus & uiuus est,
587 2373 2227 2447 deus & rex sempiternus: ab ira eius contremiscit terra, nec possunt gentes susti¬
587 2417 2221 2489 nere indignationem illius. Qui terram condit sua uirtute, sapientia sua orbem di-
577 2476 2226 2561 sponit, prudentia sua coelos extendit. Cum ille uocem dat, ingens aquarum uis in
579 2547 2221 2611 aere coit, & eleuat nubes ab extremitate terrae, fulgura in pluuiam uertit, atque
583 2600 2223 2667 educit uentos de receptaculis suis. Vel proponuntur nobis opera dei contemplan
583 2646 2223 2718 da in ipso omnium creaturarum domino, homine: non tam in opificio eius quod
579 2716 2229 2773 spectandum pulcherrime depinxit Lactantius & Andreas Vuesalius, quam in
578 2753 2223 2830 operibus, quae erga hominem uel in homine aut per hominem fiunt ab ipso do¬
588 2823 2226 2886 mino. Alios enim iuste punit deus homines, puniendoque declarat se nouisse res
584 2883 2235 2950 mortalium, & odisse omnem iniuriam & iniustitiam. Alios cumulat beneficijs ma
585 2936 2236 2996 ximis, benefaciendoque demonstrat se esse diuitem, imo fontem bonorum inexhau
572 2974 2223 3077 stum, beneficum, bonum & misericordem, clementem & longanimem. Huius ge
