2288 3632
106 292 1752 380 nam necsemel, sed ter ad singula nomina, in personas singulas, tingimur. Haec il¬
109 341 1751 444 le. Vt autem singulae personae singulariter exprimuntur, ita diuinitas omnium ea¬
116 397 1758 497 dem & communis singulariter in eo docetur, quod iubet baptizare non tantum
115 458 1757 558 in nomen patris, sed & filij, & spiritus sancti. Negat enim & pernegat apostolus
104 513 1758 612 Paulus electionis uas: quenquam in ullius hominis, qui nihil aliud quam homo
109 568 1765 658 est, nomen esse baptisandum, aut ab apostolis baptizatum. An, ait, in nomine Pau
111 626 1757 711 li baptisati fuistis? Deus est itaque pater, filius, & spiritus sanctus, in quorum no¬
103 680 484 761 men baptizamur.
194 734 1764 829 ldem dominus in euangelio secundum Ioannem dicit: Cum uenerit paracle¬
109 805 1741 882 tus, quem ego mittam uobis a patre, spiritus ueritatis, is inducet uos in omnem ue¬
103 864 1751 944 ritatem. Non a semetipso loquetur, sed quaecunque audierit loquetur. Ille me glori-
104 905 1744 1006 ficabit, quia de meo accipiet, & annunciabit uobis. Omnia quaecunque habet pa¬
107 975 1749 1050 ter, mea sunt : propterea dixi quod de meo accipiet, & annunciabit uobis. Habes
107 1024 1751 1112 in his domini uerbis personam patris a quo mittitur spiritus, personam filij qui
101 1089 1741 1171 mittit, & personam spiritus sancti qui uenit: habes item communionem diuinita¬
106 1140 1748 1222 tis & omnium bonorum inter se mutuam & aequalem. Spiritus enim non a semet
97 1193 1751 1281 ipso loquitur, sed quod audierit. De meo, inquit filius, accipiet. Et iterum. Omnia
102 1253 1736 1340 quaecunque habet pater, mea sunt : ergo & quae filius habet, patris sunt: estque coae¬
113 1292 1016 1382 qualis omnium diuinitas, gloria, & maiestas.
193 1350 1736 1436 Congruit cum his apertissimis elogijs, testimonium euidentissimum beatissi
94 1424 1735 1501 mi Ioannis baptistae, & hoc quidem duplex. Principio, Quem misit deus, inquit,
89 1475 1735 1555 is uerba dei loquitur. Non enim ad mensuram huic dat deus spiritum. Pater dili¬
98 1537 1729 1614 git filium, & omnia dedit ei in manum. Qui credit in filium, habet uitam aeternam,
101 1576 1732 1665 &c. Iterum habes in una diuinitate tres personas distinctas proprietatibus. Pa¬
97 1641 1735 1730 ter enim diligit, mittitque filium, & omnia dat ei in manum. Filius mittitur, accipit
91 1706 1731 1777 omnia, sed spiritus sanctus datur at patre, & accipitur a filio iuxta plenitudinem,
90 1741 1729 1836 Deinde clamat idem ille Baptista & ait, Vidi spiritum descendentem specie co¬
93 1802 1727 1892 lumbae de coelo, & mansit super eum. Et ego non noueram eum: sed qui misit me,
94 1866 1723 1941 ut baptizarem aqua, is mihi dixit: Super quem uideris spiritum descendentem
95 1917 1722 1994 & manantem super eum, hic est qui baptizat spiritu sancto. Et ego uidi, & testa¬
88 1982 1736 2056 tus sum hunc esse filium dei, Rursus demonstrantur nobis luce clarius tres perso
87 2039 1735 2116 nae distinctae, non confusae. Est enim qui Ioannem mittit pater. Spiritus sanctus
94 2094 1723 2165 non est pater uel filius, sed apparet super capite Christi, sub specie columbae. Fi¬
88 2133 1734 2217 lius autem, filius, non pater, & patris quidem filius est, cuius capiti insidet spiri¬
92 2205 1736 2278 tus sanctus. Huc iam pertinet ipsum patris coelitus super Christum delatum testi
88 2262 1726 2330 monium. Dicit enim, Hic est filius meus dilectus, in quo placata est anima mea.
79 2305 1723 2390 Non potest autem idem sibi esse pater & filius : sed alius est pater, alius est filius:?
85 2370 1717 2460 uerum non aliud, sed idem deus, eiusdem naturae. Filius enim alibi clarissime di-
85 2409 709 2500 cit, Ego & pater unum sumus,
161 2470 1713 2565 Porro quid clarius dici poterat pro personarum in adoranda trinitate expre
83 2503 1729 2620 sa distinctione proprietateque, quam quod archangelus Gabriel apud S. Lucam do
79 2597 1716 2678 minicae incarnationis sacramentum explanans, manifeste uirgini deiparae dicit,
82 2642 1716 2731 Spiritus sanctus superueniet in te, & uirtus altissimi obumbrabit tibi. Quapropter
89 2697 1728 2788 & quod nascetur sanctum, uocabitur filius dei. His quid obsecro poterat uel fin¬
85 2765 1719 2844 gi manifestius & euidentius? Habes altissimi personam, nimirum patris. Nam prae
80 2824 1720 2899 cessit in uerbis angeli, Is erit magnus, & filius altissimi uocabitur. Est autem filius
76 2871 1716 2956 patris filius. Habemus & filij & sancti spiritus expressas personas, cum suis pro¬
86 2932 1724 3018 prietatibus. nec immixtas nec confusas. Pater non incarnatur nec spiritus sanctus,
