2288 3632
524 286 2179 365 sed filius. Patri nascitur e uirgine filius, is qui erat aeterna & ineffabili generatione
521 351 2165 426 filius, Spiritus sanctus autem, qui est uirtus altissimi, obumbrat uirginem, redditque
526 422 2170 488 foecundam. Ita uero distinctas non diuisas uidere licet personas, proprietatibus,
527 460 1432 542 non essentia diuinitatis uel natura distantes,
609 488 2170 583 Subiiciam alia quoque (quamuis haec abunde satisfacere poterant) sanctorum
540 565 2169 650 apostolorum testimonia, & trium quidem in toto choro praeclarissimorum. Bea¬
542 638 2176 710 tus Petrus coram ecclesia lsraelis praedicans uerbum euangelij, sicuti testatur Lu
541 679 2179 765 cas in Actis, inter alia dicit, Iesum hunc excitauit deus, exaltauitque ad dexteram, ac
545 752 2179 823 promisione spiritus sancti accepta a patre, effudit hoc quod uos iam cernitis & au¬
536 793 2173 869 ditis. En deus pater excitat filium & exaltat. Filius excitatur & exaltatur: sedet ad
541 849 2183 931 dexteram patris. Ab hoc filius accepto spiritu sancto donat hunc apostolis, Spiri-
534 901 2167 981 tus ergo prodit a patre & filio, in propria subsistens persona, sed unus amborum
544 970 2176 1033 spiritus. Porro in Sermone habito Caesareae in ecclesia gentium, hoc est in domo
543 1014 2176 1089 familiaque Cornelij Centurionis, idem apostolus non minus obscure patris filij
543 1085 2179 1143 & spiritus sancti personam exprimit, ac trinitatem in unam diuinae naturae essen
536 1136 860 1209 tiam connectit.
625 1188 2175 1261 Sanctus Paulus apostolus in principio epistolae ad Romanos dicit se ordina¬
541 1238 2183 1310 tum ad praedicandum euangelium dei, quod promiserit per prophetas suos in scri-
550 1308 2186 1382 pturis sanctis de filio suo, qui sit genitus ex semine Dauid, secundum carnem, de¬
552 1351 2182 1425 claratus autem dei filius per potentiam & spiritum sanctificantem. Idem in episto
540 1408 2179 1480 la ad Galatas, Deus, inquit, misit filium suum, factum ex muliere: ut adoptione ius
550 1464 2188 1536 filiorum acciperemus. Quoniam autem filij estis, emisit deus spiritum filij sui in
541 1537 2187 1605 corda nostra clamantem, Abba pater. Et iterum ad Titum, Deus secundum suam
540 1588 2184 1650 misericordiam, inquit, saluos nos fecit per lauacrum regenerationis ac renouatio¬
555 1630 2181 1714 nis spiritus sancti, quem effudit in nos opulente per Iesum Christum seruatorem
545 1703 2181 1768 nostrum. Verissime ergo de S. Paulo loquens beatus Cyrillus libro in Ioan. 9.
547 1752 2179 1823 cap. 45. scribit, Cognouit rectissime diuinus ille uir sanctae trinitatis enumeratio.
553 1805 2191 1873 nem: ac ideo singulas personas proprie atque, distincte subsistere docet: & tamen in¬
553 1850 2195 1929 commutabilem identitatem trinitatis aperte praedicat. Testimonia eius rei si quis
554 1912 2188 1982 omnia colligere enumerareque uellet, omnes Pauli epistolas haud dubie recitaret.
621 1967 2187 2037 Beatus Ioannes apostolus & euangelista mysterium trinitatis & distinctionem
541 2020 2182 2104 personarum prae caeteris fortissime & euidentissime asserens proponit : cum in e¬
560 2078 2179 2144 uangelica historia, tum in sua epistola. Vnum ex multis proferam testimonium,
546 2137 2196 2206 In canonica sua dicit: Quis est mendax, nisi is qui negat Iesum esse Christum: Hic
559 2188 2185 2272 est antichristus, qui negat patrem & filium. Quisquis negat filium, is ne patrem
555 2246 2185 2313 quidem habet. Vos igitur quod audistis ab initio, in uobis permaneat. Et mox,
549 2315 2196 2374 Non necesse habetis ut quisquam doceat uos : sed sicut ipsa unctio docet uos de
549 2355 2193 2426 omnibus, & uerax est, & non mendacium. Audis in his patrem, audis filium, au¬
555 2413 2197 2486 dis unctionem, id est spiritum sanctum. Pater non est filius, nec hic pater, nec spi¬
556 2476 2196 2540 ritus sanctus pater uel filius: sed pater filij pater est, & filius patris filius, unctio au
553 2532 2189 2594 tem proficiscitur ab utroque. Sunt autem illae personae sic coniunctae & unitae, ut
552 2594 2190 2663 qui unam ex eis neget, nullas habeat. Imo quisquis negat hanc trinitatem, anti¬
559 2632 2187 2705 christus esse pronunciatur. Deum enim, qui unus est in trinitate, & trinus in uni¬
560 2711 2183 2778 tate, negat, adeoque proprietates dei confundens aut auferens, ipsum deum talem
530 2755 877 2837 s qualis est negat.
624 2787 2187 2885 Haec autem testimonia & multiplicia & clarissima arbitror satisfacere pijs.
532 2861 2191 2955 Credunt enim scripturis, nec curiosius in diuinam inquirunt maiestatem, his solis
555 2913 2190 3003 contenti quibus bonitati dei uisum est illucescere hominibus. Sunt qui hanc rem,
