2288 3632
530 224 2190 341 Nam & Ioannes apostolus dixit. Qui habet filium, uitam habet: qui nonhabet fi-
525 305 2183 394 lium dei, uitam non habet. Cum apostolica doctrina congruit euangelica. Nam
545 364 2184 452 in euangelio dicit dominus: Haec est uoluntas eius qui misit me patris, ut omnis
548 422 2182 522 qui uidet filium & credit in eum, habeat uitam : & ego suscitabo eum in nouissi¬
538 481 2196 564 mo die. En haec est uoluntas siue decretum dei aeternum, ait, ut in filio per fidem
539 532 2185 623 salui fiamus, Rursus & ex contrario de praedestinatis ad mortem, dicit dominus:
540 588 2190 673 Qui non credit, iam condemnatus est, quia non credidit in nomen unigeniti filij
548 643 2197 733 dei. Haec est autem condemnatio, quod lux uenit in mundum, & dilexerunt ho¬
546 714 2187 797 mines magis tenebras quam lucem. Proinde si me roges, an electus sis ad uitam,
546 769 2191 846 an praedestinatus ad mortem, hoc est, an sis de damnandorum, an saluandorum
547 810 2186 900 numero, simpliciter ex scriptura euangelica & apostolica respondeo: Si commu¬
552 864 2194 955 nionem cum Christo habes, praedestinatus es ad uitam, & es de numero electo¬
539 918 2193 1021 rum: si uero alienus es a Christo, utcunque uidearis pollere uirtutibus, praedestina
550 976 2197 1069 tus es ad mortem, ac praescitus, ut aiunt, ad damnationem. Altius & penitius in
553 1040 2192 1121 consessum diuini consilij subrepere nolo. Atque hic repeto superiora scripturae te¬
549 1104 2194 1181 stimonia: Deus praedestinauit nos, ut adoptaret in filios per Iesum Christum. Haec
552 1144 2200 1239 est uoluntas dei, ut qui credit in filium, uiuat: qui uero non credit, moriatur, Fides
551 1215 2193 1286 ergo certissimum signum est quod electus sis, dumque uocaris ad communionem
557 1283 2206 1349 Christi, & fidem doceris, electionem & beneuolentiam suam erga te declarat be-
555 1342 829 1420 nignus deus.
652 1380 2208 1469 Sane perquam grauiter tentantur & exagitantur quaestione electionis sim¬
571 1427 2206 1530 pliciores. Conatur enim diabolus ingerere ipsorum mentibus odium dei, quasi
559 1487 2204 1573 inuideat nobis salutem destinaritque morti. Hoc ut facilius persuadeat nobis im¬
564 1540 2201 1639 probe fidem nostram labefactare contendit, quasi dubia sit nostra salus, quae incer¬
554 1594 2202 1683 tae dei electioni innitatur. Contra ignita haec tela muniant serui dei pectora, hu¬
553 1651 2213 1739 iusmodi ex scriptura petitis cogitationibus, adeoque consolationibus. Prae destina¬
554 1717 2205 1793 tio dei nulla innititur aut mouetur uel dignitate uel indignitate nostra: sed ex me
557 1773 2212 1853 ra gratia & misericordia dei patris, in solum respicit Christum. Et quoniam in
565 1818 2200 1907 hunc innititur salus nostra tantum, non potest non esse certissima. Nam halluci¬
552 1870 2215 1958 nantur qui existimant praedestinari a deo ad uitam saluandos propter merita uel
563 1949 2212 2014 bona opera quae in ipsis prouidet deus. Nam apostolus Paulus diserte dicit: Ele¬
556 1984 2211 2079 git nos in Christo, in sese, iuxta beneplacitum uoluntatis suae, ut laudetur gloria
558 2040 2206 2143 gratiae suae. Et iterum: Non est uolentis neque currentis, sed miserentis dei, Rur¬
569 2097 2204 2180 sus, Deus saluos nos fecit, & uocauit uocatione sancta, non secundum opera no¬
565 2149 2214 2236 stra, sed secundum suum propositum & gratiam, quae data est nobis per Christum
563 2207 2207 2293 Iesum, ante tempora aeterna, sed reuelata est modo per apparitionem domini no¬
562 2265 2206 2345 stri Iesu Christi. Gratis ergo nos ex mera sua misericordia, non propter merita no
558 2334 2205 2408 stra, sed propter Christum, & non nisi in Christo elegit, & propter Christum com
574 2376 2215 2467 plectitur. Quia pater est, & hominum amator. De quo & propheta Dauid cecinit:
559 2432 2202 2521 Misericors & clemens est dominus, longanimis & multae pieatis. Et quemadmo¬
566 2485 2215 2577 dum miseretur pater filiorum, ita misertus est dominus timentibus se. Ipse enim
560 2542 2211 2632 nouit figmentum nostrum, recordaturque quod puluis sumus,. Quinimo apud lsa¬
573 2597 2218 2692 iam legimus: Nunquid obliuiscetur mulier insantis sui, ut non misereatur filij ute
572 2651 2209 2737 ri sui? Vtcunque uero illa obliuiscatur, ego tamen tui non obliuiscar. Certe in Chri
563 2709 2211 2805 sto filio dei unigenito nobis exhibito, declarauit deus pater quanti nos faciat. In¬
565 2781 2214 2853 de colligit apostolus: Qui proprio filio suo non pepercit, sed pro nobis omnibus
574 2825 2215 2915 dedit illum, qui fieri potest, ut non & cum eodem omnia donet? Quid ergo non
545 2893 2217 2989 polliceamur nobis de tam benefico patre? Neque enim conqueri poteris tibi non
