<?xml version="1.0" encoding="UTF-8" standalone="yes"?>
<PcGts xmlns="http://schema.primaresearch.org/PAGE/gts/pagecontent/2013-07-15" xmlns:xsi="http://www.w3.org/2001/XMLSchema-instance" xsi:schemaLocation="http://schema.primaresearch.org/PAGE/gts/pagecontent/2013-07-15 http://schema.primaresearch.org/PAGE/gts/pagecontent/2013-07-15/pagecontent.xsd">
    <Metadata>
        <Creator>prov=University of Rostock/Institute of Mathematics/CITlab|PLANET AI GmbH/Gundram Leifert/gundram.leifert@planet-ai.de:name=cod-a3V3DV-m3(htr_id=25165)::::v=2.6.6
prov=University of Rostock/Institute of Mathematics/CITlab|PLANET AI GmbH/Tobias Gruening/tobias.gruening@planet-ai.de:name=de.uros.citlab.module.baseline2polygon.B2PSeamMultiOriented:v=2.6.6
prov=University of Rostock/Institute of Mathematics/CITlab|PLANET AI GmbH/Tobias Gruening/tobias.gruening@planet-ai.de:name=/net_tf/LA73_249_0mod360.pb:de.uros.citlab.segmentation.CITlab_LA_ML:v=2.6.6
Transkribus</Creator>
        <Created>2019-12-04T11:29:22.747-05:00</Created>
        <LastChange>2020-07-05T15:39:25.111+02:00</LastChange>
        <TranskribusMetadata docId="284697" pageId="11501947" pageNr="466" tsid="33487948" status="IN_PROGRESS" userId="25065" imgUrl="https://files.transkribus.eu/Get?id=XQHYAVJLCEZAYDKRBZZXAJGY&amp;fileType=view" xmlUrl="https://files.transkribus.eu/Get?id=TPGGNKJFQLSYUZVRGTTQXTOB" imageId="7898432"/>
    </Metadata>
    <Page imageFilename="465.jpg" imageWidth="2288" imageHeight="3632">
        <ReadingOrder>
            <OrderedGroup id="ro_1596925410806" caption="Regions reading order">
                <RegionRefIndexed index="0" regionRef="r2"/>
            </OrderedGroup>
        </ReadingOrder>
        <TextRegion orientation="0.0" id="r2" custom="readingOrder {index:0;}">
            <Coords points="527,216 527,3003 2207,3003 2207,216"/>
            <TextLine id="r2l2" custom="readingOrder {index:0;}">
                <Coords points="610,333 2187,325 2186,248 609,267"/>
                <Baseline points="620,315 697,315 775,315 853,315 931,315 1009,315 1087,314 1164,314 1242,314 1320,312 1398,312 1476,311 1554,311 1632,311 1709,309 1787,309 1865,309 1943,309 2021,309 2099,309 2177,309"/>
                <TextEquiv>
                    <Unicode>Haec diximus hactenus de adorando deo, dicemus porro de inuocando deo, </Unicode>
                </TextEquiv>
            </TextLine>
            <TextLine id="r2l3" custom="readingOrder {index:1;}">
                <Coords points="524,384 2184,373 2123,311 523,332"/>
                <Baseline points="533,374 615,374 697,372 779,371 861,371 943,370 1025,369 1107,369 1189,368 1271,368 1353,368 1435,366 1517,366 1599,366 1681,365 1763,365 1845,365 1927,363 2009,363 2091,362 2174,362"/>
                <TextEquiv>
                    <Unicode>secundo utique loco de quo me dicturum promisi. Inuocare &amp; inuocatio in scri-</Unicode>
                </TextEquiv>
            </TextLine>
            <TextLine id="r2l4" custom="readingOrder {index:2;}">
                <Coords points="518,459 2107,446 2196,437 2196,389 517,401"/>
                <Baseline points="527,431 614,429 701,429 788,428 876,428 963,426 1050,426 1138,426 1225,425 1312,425 1400,423 1487,423 1574,422 1662,422 1749,422 1836,420 1924,420 2011,420 2098,419 2186,419"/>
                <TextEquiv>
                    <Unicode>pturis uaries usurpatur. Significat enim in testem uel testimonium dicendum pro¬</Unicode>
                </TextEquiv>
            </TextLine>
            <TextLine id="r2l5" custom="readingOrder {index:3;}">
                <Coords points="530,505 2178,490 2165,432 530,453"/>
                <Baseline points="540,486 621,485 702,485 784,483 865,483 947,482 1028,482 1109,480 1191,480 1272,479 1354,479 1435,479 1516,477 1598,477 1679,477 1761,477 1842,477 1923,476 2005,476 2086,476 2168,476"/>
                <TextEquiv>
                    <Unicode>ducere. Sic inuocat Moses in testimonium contra filios lsraelis coelum &amp; terram, </Unicode>
                </TextEquiv>
            </TextLine>
            <TextLine id="r2l6" custom="readingOrder {index:4;}">
                <Coords points="529,567 2181,548 2180,492 2066,485 529,507"/>
                <Baseline points="540,543 621,542 703,540 784,540 866,539 947,539 1029,537 1110,537 1192,536 1273,536 1355,536 1437,535 1518,534 1600,534 1681,534 1763,533 1844,533 1926,531 2007,531 2089,530 2171,530"/>
                <TextEquiv>
                    <Unicode>per prosopopoeiam, Rursus inuocari nomen alicuius super aliquo, est eius nomi¬</Unicode>
                </TextEquiv>
            </TextLine>
            <TextLine id="r2l7" custom="readingOrder {index:5;}">
                <Coords points="529,611 2187,596 2186,548 2027,539 529,569"/>
                <Baseline points="539,599 620,597 702,596 784,596 866,594 948,594 1030,593 1112,593 1194,591 1276,591 1358,591 1439,591 1521,590 1603,590 1685,590 1767,590 1849,588 1931,588 2013,588 2095,587 2177,587"/>
                <TextEquiv>
                    <Unicode>ne appellari. Inuocetur nomen meum, inquit Iacob, super eos, id est, super Ephraim </Unicode>
                </TextEquiv>
            </TextLine>
            <TextLine id="r2l8" custom="readingOrder {index:6;}">
                <Coords points="530,675 2190,649 2092,593 529,611"/>
                <Baseline points="540,654 622,653 704,651 786,651 868,651 950,650 1032,650 1114,648 1196,648 1278,648 1360,648 1442,647 1524,647 1606,646 1688,645 1770,645 1852,644 1934,644 2016,642 2098,642 2180,641"/>
                <TextEquiv>
                    <Unicode>&amp; Manasse, hoc est, appellentur meo nomine, perinde ac si mei filij sint, dican¬</Unicode>
                </TextEquiv>
            </TextLine>
            <TextLine id="r2l9" custom="readingOrder {index:7;}">
                <Coords points="532,722 2132,723 2188,708 2188,644 532,675"/>
                <Baseline points="542,710 623,710 705,708 787,707 869,707 950,705 1032,705 1114,704 1196,704 1277,704 1359,702 1441,702 1523,701 1604,701 1686,701 1768,699 1850,699 1931,699 2013,699 2095,698 2177,698"/>
                <TextEquiv>
                    <Unicode>turque non filij quidem Iosephi, sed filij Iacobi lsraelis. Sic mulieres dicunt ad mari¬</Unicode>
                </TextEquiv>
            </TextLine>
            <TextLine id="r2l10" custom="readingOrder {index:8;}">
                <Coords points="528,777 2188,769 2187,707 527,721"/>
                <Baseline points="539,767 620,765 702,764 784,762 866,762 948,761 1030,761 1112,759 1194,759 1276,759 1358,758 1439,758 1521,758 1603,758 1685,758 1767,756 1849,756 1931,756 2013,756 2095,755 2177,755"/>
                <TextEquiv>
                    <Unicode>tum : Inuocetur nomen tuum super nos: id est, sine ut appellemur tuo nomine,</Unicode>
                </TextEquiv>
            </TextLine>
            <TextLine id="r2l11" custom="readingOrder {index:9;}">
                <Coords points="528,835 2182,823 2181,769 2040,763 528,787"/>
                <Baseline points="539,822 620,821 702,819 783,819 865,818 947,817 1028,816 1110,816 1191,815 1273,815 1355,815 1436,815 1518,813 1599,813 1681,813 1763,813 1844,813 1926,812 2007,812 2089,810 2171,810"/>
                <TextEquiv>
                    <Unicode>tuaeque fiamus uxores. Hae enim per coniugij copulam maritorum indipiscuntur</Unicode>
                </TextEquiv>
            </TextLine>
            <TextLine id="r2l12" custom="readingOrder {index:10;}">
                <Coords points="535,891 2108,888 2197,877 2197,821 535,843"/>
                <Baseline points="545,878 627,876 709,876 791,875 873,874 955,873 1037,873 1119,872 1201,872 1283,870 1365,870 1447,870 1529,869 1611,869 1693,869 1775,867 1857,867 1939,867 2021,867 2103,866 2186,866"/>
                <TextEquiv>
                    <Unicode>nomina. Ad eundem modum saepe legimus in prophetis &amp; sacra historia: Domus</Unicode>
                </TextEquiv>
            </TextLine>
            <TextLine id="r2l13" custom="readingOrder {index:11;}">
                <Coords points="541,957 2106,943 2199,933 2199,876 541,891"/>
                <Baseline points="551,935 632,933 714,932 796,930 878,930 960,929 1042,929 1124,927 1206,927 1288,926 1370,926 1451,926 1533,926 1615,926 1697,924 1779,924 1861,924 1943,924 2025,924 2107,923 2189,923"/>
                <TextEquiv>
                    <Unicode>super quam inuocatum est nomen tuum, id est, domus quae tuo nomine appella¬</Unicode>
                </TextEquiv>
            </TextLine>
            <TextLine id="r2l14" custom="readingOrder {index:12;}">
                <Coords points="532,997 2069,999 2196,952 531,951"/>
                <Baseline points="543,990 625,989 707,987 789,987 871,986 953,986 1035,984 1118,984 1200,984 1282,983 1364,983 1446,983 1528,983 1610,981 1693,981 1775,981 1857,980 1939,980 2021,978 2103,978 2186,977"/>
                <TextEquiv>
                    <Unicode>tur diciturque domus domini. Ioab quoque militiae princeps Dauidi dicit: Tu ca¬</Unicode>
                </TextEquiv>
            </TextLine>
            <TextLine id="r2l15" custom="readingOrder {index:13;}">
                <Coords points="539,1069 2178,1048 2194,993 538,1015"/>
                <Baseline points="548,1046 629,1045 711,1044 793,1043 875,1041 956,1041 1038,1040 1120,1040 1202,1040 1283,1038 1365,1038 1447,1038 1529,1037 1610,1037 1692,1037 1774,1036 1856,1035 1937,1035 2019,1035 2101,1034 2183,1034"/>
                <TextEquiv>
                    <Unicode>pe urbem,R abbam, Ammonitarum regiam) ne ego capiam, &amp; inuocetur nomen</Unicode>
                </TextEquiv>
            </TextLine>
            <TextLine id="r2l16" custom="readingOrder {index:14;}">
                <Coords points="541,1123 2024,1120 2196,1096 2196,1048 540,1071"/>
                <Baseline points="551,1103 632,1101 714,1100 796,1100 878,1098 959,1097 1041,1097 1123,1095 1205,1095 1286,1095 1368,1094 1450,1094 1532,1094 1613,1092 1695,1092 1777,1092 1859,1092 1940,1092 2022,1092 2104,1091 2186,1091"/>
                <TextEquiv>
                    <Unicode>meum super eam: id est, ne ego dicar Rabbae domitor. Scripturarum itaque &amp; lo¬</Unicode>
                </TextEquiv>
            </TextLine>
            <TextLine id="r2l17" custom="readingOrder {index:15;}">
                <Coords points="546,1184 2202,1166 2202,1108 546,1120"/>
                <Baseline points="557,1158 638,1157 720,1155 802,1154 884,1154 965,1152 1047,1152 1129,1151 1211,1151 1292,1151 1374,1149 1456,1149 1538,1149 1619,1149 1701,1149 1783,1149 1865,1148 1946,1148 2028,1148 2110,1148 2192,1148"/>
                <TextEquiv>
                    <Unicode>quutionum scripturae imperitissimi sunt, qui illam Iacobi sententiam, quam iam </Unicode>
                </TextEquiv>
            </TextLine>
            <TextLine id="r2l18" custom="readingOrder {index:16;}">
                <Coords points="543,1242 2052,1228 2199,1212 2199,1167 543,1179"/>
                <Baseline points="554,1214 635,1212 717,1211 799,1211 881,1209 962,1209 1044,1208 1126,1208 1208,1206 1289,1206 1371,1206 1453,1205 1535,1205 1616,1205 1698,1205 1780,1205 1862,1203 1943,1203 2025,1203 2107,1202 2189,1202"/>
                <TextEquiv>
                    <Unicode>produximus, citant pro asserendo patrocinio &amp; inuocatione sanctorum, quasi la</Unicode>
                </TextEquiv>
            </TextLine>
            <TextLine id="r2l19" custom="readingOrder {index:17;}">
                <Coords points="541,1279 2197,1270 2196,1211 541,1240"/>
                <Baseline points="551,1271 632,1268 714,1268 796,1266 878,1265 959,1264 1041,1263 1123,1263 1205,1262 1286,1262 1368,1262 1450,1262 1532,1261 1613,1260 1695,1260 1777,1260 1859,1260 1940,1260 2022,1260 2104,1259 2186,1259"/>
                <TextEquiv>
                    <Unicode>cob uoluerit nomen suum inuocari a nepotibus. In Daniele legis: Populus super</Unicode>
                </TextEquiv>
            </TextLine>
            <TextLine id="r2l20" custom="readingOrder {index:18;}">
                <Coords points="555,1346 2097,1339 2198,1329 2198,1270 555,1288"/>
                <Baseline points="566,1326 647,1325 728,1323 809,1322 890,1320 971,1320 1052,1320 1134,1319 1215,1319 1296,1319 1377,1318 1458,1317 1539,1317 1620,1317 1702,1317 1783,1317 1864,1317 1945,1316 2026,1316 2107,1316 2189,1314"/>
                <TextEquiv>
                    <Unicode>quem inuocatum est nomen dei: sed nihil aliud significat quam populus qui dici¬</Unicode>
                </TextEquiv>
            </TextLine>
            <TextLine id="r2l21" custom="readingOrder {index:19;}">
                <Coords points="547,1400 2181,1394 2197,1328 547,1346"/>
                <Baseline points="557,1380 638,1379 719,1379 801,1377 882,1377 964,1376 1045,1376 1127,1376 1208,1374 1290,1374 1371,1374 1452,1374 1534,1373 1615,1373 1697,1373 1778,1373 1860,1371 1941,1371 2023,1371 2104,1370 2186,1370"/>
                <TextEquiv>
                    <Unicode>tur dei populus. Nulla hic mentio inuocationis petitoriae. Praeterea usurpatur</Unicode>
                </TextEquiv>
            </TextLine>
            <TextLine id="r2l22" custom="readingOrder {index:20;}">
                <Coords points="550,1456 2208,1444 2207,1388 2083,1381 550,1398"/>
                <Baseline points="560,1436 641,1436 723,1434 805,1434 887,1433 969,1433 1051,1431 1133,1431 1215,1430 1297,1430 1379,1430 1460,1429 1542,1428 1624,1428 1706,1428 1788,1428 1870,1428 1952,1427 2034,1427 2116,1427 2198,1427"/>
                <TextEquiv>
                    <Unicode>inuocatio pro religione. Lucas enim in Actis dixit: Habuit Saulus potestatem </Unicode>
                </TextEquiv>
            </TextLine>
            <TextLine id="r2l23" custom="readingOrder {index:21;}">
                <Coords points="553,1504 2105,1507 2204,1494 2204,1446 553,1462"/>
                <Baseline points="563,1493 644,1491 726,1490 807,1490 889,1488 971,1488 1052,1487 1134,1487 1215,1487 1297,1485 1379,1485 1460,1485 1542,1485 1623,1485 1705,1485 1787,1485 1868,1484 1950,1484 2031,1484 2113,1484 2195,1484"/>
                <TextEquiv>
                    <Unicode>uinciendi omnes qui inuocant nomen domini. Et Paulus: Discedat ab iniquita¬</Unicode>
                </TextEquiv>
            </TextLine>
            <TextLine id="r2l24" custom="readingOrder {index:22;}">
                <Coords points="558,1559 2093,1564 2207,1548 2207,1497 557,1503"/>
                <Baseline points="569,1547 650,1547 731,1547 813,1545 894,1545 975,1544 1057,1544 1138,1544 1219,1542 1301,1542 1382,1542 1463,1541 1545,1541 1626,1539 1707,1539 1789,1539 1870,1539 1951,1538 2033,1538 2114,1538 2196,1538"/>
                <TextEquiv>
                    <Unicode>te omnis qui inuocat nomen domini. Item, Sectare pacem cum omnibus qui in¬</Unicode>
                </TextEquiv>
            </TextLine>
            <TextLine id="r2l25" custom="readingOrder {index:23;}">
                <Coords points="546,1614 2175,1609 2206,1553 546,1566"/>
                <Baseline points="557,1604 638,1602 720,1602 802,1601 884,1599 966,1599 1048,1599 1130,1598 1212,1598 1294,1598 1376,1598 1457,1598 1539,1596 1621,1596 1703,1596 1785,1596 1867,1596 1949,1595 2031,1595 2113,1593 2195,1592"/>
                <TextEquiv>
                    <Unicode>uocant nomen domini, id est, qui sunt uerae religionis Christianae. Postremo in¬</Unicode>
                </TextEquiv>
            </TextLine>
            <TextLine id="r2l26" custom="readingOrder {index:24;}">
                <Coords points="553,1674 2164,1669 2199,1600 553,1618"/>
                <Baseline points="563,1658 644,1658 725,1658 806,1656 888,1656 969,1655 1050,1655 1132,1655 1213,1655 1294,1654 1376,1653 1457,1653 1538,1653 1619,1653 1701,1652 1782,1652 1863,1652 1945,1652 2026,1652 2107,1650 2189,1650"/>
                <TextEquiv>
                    <Unicode>uocare significat in auxilium euocare, clamoribusque perpetuis aliquid postulare.</Unicode>
                </TextEquiv>
            </TextLine>
            <TextLine id="r2l27" custom="readingOrder {index:25;}">
                <Coords points="557,1726 2096,1726 2206,1721 2206,1663 556,1672"/>
                <Baseline points="566,1715 647,1713 728,1713 810,1712 891,1712 973,1712 1054,1710 1136,1710 1217,1710 1299,1709 1380,1709 1461,1709 1543,1709 1624,1707 1706,1707 1787,1707 1869,1707 1950,1707 2032,1706 2113,1706 2195,1706"/>
                <TextEquiv>
                    <Unicode>Est ergo inuocatio dei, de qua in praesenti disserimus, humani animi in summa</Unicode>
                </TextEquiv>
            </TextLine>
            <TextLine id="r2l28" custom="readingOrder {index:26;}">
                <Coords points="547,1784 2021,1786 2193,1772 2213,1727 547,1740"/>
                <Baseline points="557,1770 639,1769 721,1767 803,1767 886,1766 968,1766 1050,1764 1132,1764 1215,1764 1297,1764 1379,1763 1461,1763 1544,1763 1626,1763 1708,1763 1790,1761 1873,1761 1955,1761 2037,1760 2119,1760 2202,1758"/>
                <TextEquiv>
                    <Unicode>necessitate aut in desiderio aliquo, ad deum eleuatio, &amp; auxilij consilijue arden¬</Unicode>
                </TextEquiv>
            </TextLine>
            <TextLine id="r2l29" custom="readingOrder {index:27;}">
                <Coords points="546,1838 2141,1843 2216,1783 546,1784"/>
                <Baseline points="557,1824 639,1823 721,1823 804,1821 886,1821 969,1820 1051,1820 1133,1820 1216,1820 1298,1818 1381,1818 1463,1818 1545,1818 1628,1818 1710,1818 1793,1817 1875,1817 1957,1817 2040,1817 2122,1815 2205,1815"/>
                <TextEquiv>
                    <Unicode>tissima per fidem postulatio, adeoque in fidem dei deditio, ac ueluti receptus qui¬</Unicode>
                </TextEquiv>
            </TextLine>
            <TextLine id="r2l30" custom="readingOrder {index:28;}">
                <Coords points="558,1903 2204,1891 2203,1827 558,1841"/>
                <Baseline points="569,1880 650,1878 731,1878 812,1877 893,1877 975,1875 1056,1875 1137,1875 1218,1874 1299,1874 1381,1874 1462,1874 1543,1874 1624,1874 1705,1874 1787,1874 1868,1874 1949,1874 2030,1874 2111,1872 2193,1872"/>
                <TextEquiv>
                    <Unicode>dam tanquam ad asylum &amp; unicum praesidium. In inuocatione ergo uera requi¬ </Unicode>
                </TextEquiv>
            </TextLine>
            <TextLine id="r2l31" custom="readingOrder {index:29;}">
                <Coords points="553,1953 2034,1955 2213,1934 2213,1890 553,1907"/>
                <Baseline points="563,1935 649,1934 735,1934 821,1932 908,1932 994,1931 1080,1931 1166,1931 1253,1931 1339,1931 1425,1929 1511,1929 1598,1929 1684,1929 1770,1929 1856,1929 1943,1929 2029,1929 2115,1928 2202,1928"/>
                <TextEquiv>
                    <Unicode>ritur in primis animus fidelis, qui agnoscat deum esse omnium bomorum autho¬</Unicode>
                </TextEquiv>
            </TextLine>
            <TextLine id="r2l32" custom="readingOrder {index:30;}">
                <Coords points="551,2009 2174,1998 2203,1936 551,1957"/>
                <Baseline points="561,1992 642,1990 724,1989 805,1988 887,1986 969,1986 1050,1986 1132,1986 1213,1986 1295,1985 1377,1985 1458,1985 1540,1985 1621,1985 1703,1985 1785,1985 1866,1985 1948,1985 2029,1983 2111,1982 2193,1982"/>
                <TextEquiv>
                    <Unicode>rem ac datorem unicum, qui uelit inuocantes audire, &amp; possit omnia nobis uo¬</Unicode>
                </TextEquiv>
            </TextLine>
            <TextLine id="r2l33" custom="readingOrder {index:31;}">
                <Coords points="554,2060 2126,2063 2207,2050 2207,1994 553,2014"/>
                <Baseline points="563,2048 644,2046 726,2045 807,2043 889,2043 971,2043 1052,2042 1134,2042 1216,2042 1297,2042 1379,2042 1461,2042 1542,2040 1624,2040 1706,2040 1787,2040 1869,2040 1951,2039 2032,2039 2114,2037 2196,2037"/>
                <TextEquiv>
                    <Unicode>ta desideriaque largiri, Requiritur indesinens &amp; ardens petitio. Verum de hi plu¬</Unicode>
                </TextEquiv>
            </TextLine>
            <TextLine id="r2l34" custom="readingOrder {index:32;}">
                <Coords points="545,2114 1943,2127 2215,2105 2215,2049 544,2069"/>
                <Baseline points="554,2102 636,2100 719,2100 801,2100 884,2099 966,2099 1049,2099 1131,2099 1214,2099 1296,2097 1379,2097 1461,2097 1544,2097 1626,2097 1709,2097 1791,2097 1874,2096 1956,2096 2039,2094 2121,2093 2204,2091"/>
                <TextEquiv>
                    <Unicode>ra dicentur cum dominus dederit loqui de Oratione fidelium. Nam inuocatio est</Unicode>
                </TextEquiv>
            </TextLine>
            <TextLine id="r2l35" custom="readingOrder {index:33;}">
                <Coords points="557,2179 582,2174 619,2188 654,2167 717,2181 752,2169 773,2185 820,2164 885,2168 903,2163 903,2111 878,2122 776,2108 747,2123 702,2113 679,2128 652,2116 631,2130 614,2118 585,2131 556,2127"/>
                <Baseline points="567,2160 592,2159 617,2159 642,2157 667,2157 692,2157 717,2156 742,2156 767,2156 792,2156 817,2157 842,2157 867,2157 893,2156"/>
                <TextEquiv>
                    <Unicode>orationis species.</Unicode>
                </TextEquiv>
            </TextLine>
            <TextLine id="r2l36" custom="readingOrder {index:34;}">
                <Coords points="643,2231 2124,2234 2211,2217 2211,2167 643,2171"/>
                <Baseline points="654,2214 731,2213 808,2213 886,2213 963,2211 1040,2211 1118,2211 1195,2210 1272,2210 1350,2210 1427,2209 1504,2208 1582,2208 1659,2208 1736,2207 1814,2207 1891,2207 1968,2207 2046,2207 2123,2205 2201,2205"/>
                <TextEquiv>
                    <Unicode>lam uero ostendam deum in omnibus nostris uotis inuocandum, adeoque so¬</Unicode>
                </TextEquiv>
            </TextLine>
            <TextLine id="r2l37" custom="readingOrder {index:35;}">
                <Coords points="553,2296 2176,2276 2209,2217 553,2226"/>
                <Baseline points="563,2270 644,2270 726,2268 808,2268 890,2268 971,2267 1053,2267 1135,2267 1217,2267 1298,2267 1380,2265 1462,2265 1544,2265 1625,2265 1707,2265 1789,2264 1871,2264 1952,2262 2034,2262 2116,2261 2198,2261"/>
                <TextEquiv>
                    <Unicode>lum inuocandum esse. Certe sunt diserta dei mandata praecipientia inuocare no</Unicode>
                </TextEquiv>
            </TextLine>
            <TextLine id="r2l38" custom="readingOrder {index:36;}">
                <Coords points="557,2346 2200,2337 2212,2270 556,2292"/>
                <Baseline points="566,2327 647,2325 729,2325 811,2324 893,2323 974,2322 1056,2322 1138,2322 1220,2321 1301,2321 1383,2321 1465,2321 1547,2321 1628,2321 1710,2319 1792,2319 1874,2319 1955,2318 2037,2317 2119,2316 2201,2315"/>
                <TextEquiv>
                    <Unicode>men domini promittentis se uota nostra pro sua in nos bona uoluntate exaudi¬</Unicode>
                </TextEquiv>
            </TextLine>
            <TextLine id="r2l39" custom="readingOrder {index:37;}">
                <Coords points="562,2394 1927,2396 2217,2382 2217,2340 561,2346"/>
                <Baseline points="572,2382 653,2381 735,2381 817,2379 899,2379 980,2379 1062,2378 1144,2378 1226,2378 1307,2378 1389,2378 1471,2378 1553,2378 1634,2376 1716,2376 1798,2376 1880,2375 1961,2375 2043,2373 2125,2373 2207,2372"/>
                <TextEquiv>
                    <Unicode>turum, largiturumque nobis salutaria. Ex multis unum &amp; alterum profero testi¬</Unicode>
                </TextEquiv>
            </TextLine>
            <TextLine id="r2l40" custom="readingOrder {index:38;}">
                <Coords points="553,2465 2205,2436 2204,2382 553,2404"/>
                <Baseline points="564,2439 645,2438 727,2436 808,2435 890,2435 971,2435 1053,2433 1134,2433 1216,2433 1297,2433 1379,2433 1461,2433 1542,2433 1624,2432 1705,2432 1787,2432 1868,2432 1950,2430 2031,2430 2113,2429 2195,2429"/>
                <TextEquiv>
                    <Unicode>monium: Solomon omnium mortalium sapientissimus, docet deum inuocare in</Unicode>
                </TextEquiv>
            </TextLine>
            <TextLine id="r2l41" custom="readingOrder {index:39;}">
                <Coords points="556,2520 2212,2500 2211,2440 2153,2436 556,2466"/>
                <Baseline points="566,2495 647,2493 729,2493 811,2492 893,2492 974,2490 1056,2490 1138,2490 1220,2490 1301,2489 1383,2489 1465,2489 1547,2489 1628,2489 1710,2489 1792,2487 1874,2487 1955,2486 2037,2485 2119,2484 2201,2481"/>
                <TextEquiv>
                    <Unicode>omnibus singulisque necessitatibus, comemoratis speciatim potissimis hominum</Unicode>
                </TextEquiv>
            </TextLine>
            <TextLine id="r2l42" custom="readingOrder {index:40;}">
                <Coords points="553,2568 2148,2564 2206,2502 552,2520"/>
                <Baseline points="563,2550 644,2550 726,2549 807,2547 889,2547 971,2547 1052,2546 1134,2546 1215,2546 1297,2546 1379,2546 1460,2546 1542,2544 1623,2544 1705,2544 1787,2544 1868,2543 1950,2543 2031,2541 2113,2541 2195,2540"/>
                <TextEquiv>
                    <Unicode>uotis. Idem argumentum tractat pater Solomonis sanctissimus rex Dauid, per</Unicode>
                </TextEquiv>
            </TextLine>
            <TextLine id="r2l43" custom="readingOrder {index:41;}">
                <Coords points="556,2620 2200,2620 2199,2562 2009,2547 556,2568"/>
                <Baseline points="566,2606 647,2605 728,2604 809,2604 890,2603 971,2603 1052,2603 1134,2603 1215,2601 1296,2601 1377,2601 1458,2601 1539,2600 1620,2600 1702,2600 1783,2600 1864,2600 1945,2598 2026,2598 2107,2597 2189,2597"/>
                <TextEquiv>
                    <Unicode>integrum Psalmum 167. Commemorat ergo uarios hominum casus &amp; labores, </Unicode>
                </TextEquiv>
            </TextLine>
            <TextLine id="r2l44" custom="readingOrder {index:42;}">
                <Coords points="554,2678 2205,2671 2205,2621 553,2627"/>
                <Baseline points="563,2660 644,2660 726,2660 807,2660 889,2658 971,2658 1052,2658 1134,2658 1215,2658 1297,2658 1379,2658 1460,2657 1542,2657 1623,2657 1705,2657 1787,2655 1868,2655 1950,2654 2031,2654 2113,2652 2195,2652"/>
                <TextEquiv>
                    <Unicode>afflictionem siue oppressionem, errores periculaue itineris, carceres seu uincu¬</Unicode>
                </TextEquiv>
            </TextLine>
            <TextLine id="r2l45" custom="readingOrder {index:43;}">
                <Coords points="555,2747 2109,2727 2202,2720 2202,2670 555,2678"/>
                <Baseline points="566,2718 647,2718 728,2717 809,2715 891,2715 972,2715 1053,2714 1135,2714 1216,2714 1297,2714 1379,2714 1460,2714 1541,2712 1622,2712 1704,2712 1785,2712 1866,2712 1948,2711 2029,2710 2110,2709 2192,2708"/>
                <TextEquiv>
                    <Unicode>la, morbos mortisque metum morte nonnunquam atrociorem, discrimina in mari</Unicode>
                </TextEquiv>
            </TextLine>
            <TextLine id="r2l46" custom="readingOrder {index:44;}">
                <Coords points="549,2790 2174,2794 2215,2729 549,2748"/>
                <Baseline points="560,2774 642,2774 724,2774 806,2772 888,2772 971,2772 1053,2771 1135,2771 1217,2771 1299,2769 1382,2769 1464,2768 1546,2768 1628,2768 1710,2766 1793,2766 1875,2766 1957,2765 2039,2765 2121,2765 2204,2765"/>
                <TextEquiv>
                    <Unicode>ac fluminibus, sterilitates, inopiam, calamitates atque contemptum ignominiamque. </Unicode>
                </TextEquiv>
            </TextLine>
            <TextLine id="r2l47" custom="readingOrder {index:45;}">
                <Coords points="559,2842 2205,2839 2204,2783 2057,2771 559,2788"/>
                <Baseline points="570,2832 651,2831 732,2829 813,2828 895,2828 976,2828 1057,2826 1138,2826 1220,2826 1301,2826 1382,2825 1463,2825 1545,2825 1626,2825 1707,2825 1788,2823 1870,2823 1951,2823 2032,2822 2113,2822 2195,2820"/>
                <TextEquiv>
                    <Unicode>llla, inquit, si eui obueniant, non accepta ferat uel deo tutelari, uel fortunae, uel</Unicode>
                </TextEquiv>
            </TextLine>
            <TextLine id="r2l48" custom="readingOrder {index:46;}">
                <Coords points="550,2898 2114,2897 2207,2888 2207,2841 549,2852"/>
                <Baseline points="560,2888 641,2886 723,2885 805,2883 887,2883 969,2883 1051,2882 1133,2882 1215,2882 1297,2882 1379,2882 1460,2882 1542,2880 1624,2880 1706,2880 1788,2880 1870,2879 1952,2879 2034,2877 2116,2876 2198,2874"/>
                <TextEquiv>
                    <Unicode>constellationi, sed deo omniscio &amp; omnipotenti, eumque fide sedulo inuocet. Nam </Unicode>
                </TextEquiv>
            </TextLine>
            <TextLine id="r2l49" custom="readingOrder {index:47;}">
                <Coords points="546,2968 1835,2971 2208,2948 2208,2898 546,2900"/>
                <Baseline points="557,2945 639,2943 721,2943 803,2942 885,2942 967,2942 1049,2940 1131,2940 1213,2940 1295,2940 1377,2939 1459,2939 1541,2939 1623,2939 1705,2937 1787,2937 1869,2937 1951,2936 2033,2935 2115,2934 2198,2933"/>
                <TextEquiv>
                    <Unicode>saepius repetit haec uerba uates: Et cum clamassent ad dominum in tribulatione sua,</Unicode>
                </TextEquiv>
            </TextLine>
            <TextEquiv>
                <Unicode>Haec diximus hactenus de adorando deo, dicemus porro de inuocando deo, 
secundo utique loco de quo me dicturum promisi. Inuocare &amp; inuocatio in scri-
pturis uaries usurpatur. Significat enim in testem uel testimonium dicendum pro¬
ducere. Sic inuocat Moses in testimonium contra filios lsraelis coelum &amp; terram, 
per prosopopoeiam, Rursus inuocari nomen alicuius super aliquo, est eius nomi¬
ne appellari. Inuocetur nomen meum, inquit Iacob, super eos, id est, super Ephraim 
&amp; Manasse, hoc est, appellentur meo nomine, perinde ac si mei filij sint, dican¬
turque non filij quidem Iosephi, sed filij Iacobi lsraelis. Sic mulieres dicunt ad mari¬
tum : Inuocetur nomen tuum super nos: id est, sine ut appellemur tuo nomine,
tuaeque fiamus uxores. Hae enim per coniugij copulam maritorum indipiscuntur
nomina. Ad eundem modum saepe legimus in prophetis &amp; sacra historia: Domus
super quam inuocatum est nomen tuum, id est, domus quae tuo nomine appella¬
tur diciturque domus domini. Ioab quoque militiae princeps Dauidi dicit: Tu ca¬
pe urbem,R abbam, Ammonitarum regiam) ne ego capiam, &amp; inuocetur nomen
meum super eam: id est, ne ego dicar Rabbae domitor. Scripturarum itaque &amp; lo¬
quutionum scripturae imperitissimi sunt, qui illam Iacobi sententiam, quam iam 
produximus, citant pro asserendo patrocinio &amp; inuocatione sanctorum, quasi la
cob uoluerit nomen suum inuocari a nepotibus. In Daniele legis: Populus super
quem inuocatum est nomen dei: sed nihil aliud significat quam populus qui dici¬
tur dei populus. Nulla hic mentio inuocationis petitoriae. Praeterea usurpatur
inuocatio pro religione. Lucas enim in Actis dixit: Habuit Saulus potestatem 
uinciendi omnes qui inuocant nomen domini. Et Paulus: Discedat ab iniquita¬
te omnis qui inuocat nomen domini. Item, Sectare pacem cum omnibus qui in¬
uocant nomen domini, id est, qui sunt uerae religionis Christianae. Postremo in¬
uocare significat in auxilium euocare, clamoribusque perpetuis aliquid postulare.
Est ergo inuocatio dei, de qua in praesenti disserimus, humani animi in summa
necessitate aut in desiderio aliquo, ad deum eleuatio, &amp; auxilij consilijue arden¬
tissima per fidem postulatio, adeoque in fidem dei deditio, ac ueluti receptus qui¬
dam tanquam ad asylum &amp; unicum praesidium. In inuocatione ergo uera requi¬ 
ritur in primis animus fidelis, qui agnoscat deum esse omnium bomorum autho¬
rem ac datorem unicum, qui uelit inuocantes audire, &amp; possit omnia nobis uo¬
ta desideriaque largiri, Requiritur indesinens &amp; ardens petitio. Verum de hi plu¬
ra dicentur cum dominus dederit loqui de Oratione fidelium. Nam inuocatio est
orationis species.
lam uero ostendam deum in omnibus nostris uotis inuocandum, adeoque so¬
lum inuocandum esse. Certe sunt diserta dei mandata praecipientia inuocare no
men domini promittentis se uota nostra pro sua in nos bona uoluntate exaudi¬
turum, largiturumque nobis salutaria. Ex multis unum &amp; alterum profero testi¬
monium: Solomon omnium mortalium sapientissimus, docet deum inuocare in
omnibus singulisque necessitatibus, comemoratis speciatim potissimis hominum
uotis. Idem argumentum tractat pater Solomonis sanctissimus rex Dauid, per
integrum Psalmum 167. Commemorat ergo uarios hominum casus &amp; labores, 
afflictionem siue oppressionem, errores periculaue itineris, carceres seu uincu¬
la, morbos mortisque metum morte nonnunquam atrociorem, discrimina in mari
ac fluminibus, sterilitates, inopiam, calamitates atque contemptum ignominiamque. 
llla, inquit, si eui obueniant, non accepta ferat uel deo tutelari, uel fortunae, uel
constellationi, sed deo omniscio &amp; omnipotenti, eumque fide sedulo inuocet. Nam 
saepius repetit haec uerba uates: Et cum clamassent ad dominum in tribulatione sua,</Unicode>
            </TextEquiv>
        </TextRegion>
    </Page>
</PcGts>
