2288 3632
193 243 1776 334 His non minus euidentia eaque plurima poterunt ex epistola ad Hebraeos col¬
109 315 1750 395 ligi testimonia. Inter alia excellit hoc: Christus cum maneat in aeternum, ait aposto
102 370 1748 458 lus, perpetuum habet sacerdotium. Vnde & saluos facere ad plenum potest, qui
112 438 1757 502 per ipsum adeunt deum: semper uiuens ad hoc ut interpellet pro illis. Talis enim
113 495 1750 558 decebat ut esset nobis pontifex, sanctus, innocens, impollutus, segregatus a pecca
102 540 1750 615 toribus, & sublimior coelis factus, &c. Vide obsecro quot in hoc Pauli testimonio
100 597 1752 683 habeamus argumenta probantia Christum solum in coelis apud patrem esse fide¬
99 652 1751 735 lium intercessorem. Sacerdotis proprium officium est intercedere. Solus Christus
106 722 1761 789 autem sacerdos est coram deo: solus ergo intercessor est. lam & sacerdotium Chri
108 765 1750 847 sti perpetuum uel immutabile est : non itaque nos semel immolando redemit tan¬
104 820 1755 909 tum unus effectus mediator. redemptionis, sed perpetuus etiam mediator interces¬
108 877 1747 962 sionis interpellat pro nobis in finem usque. Licet enim & iudex sit dominus noster,
109 933 1756 1007 infidelium tamen iudex est, patronus fidelium, uniuersorum autem iudex tandem
109 992 1748 1069 in fine saeculi. Et si perpetuum habet sacerdotium (eepem Saey) immigrabile in¬
112 1060 1747 1135 quam, quod ad alium successione uel communicatione transire non potest, solus
99 1106 1757 1179 utique manet Christus intercessor fidelium. Praeterea non est ulla causa, ob quam
104 1164 1747 1229 alios post Christum, uel cum Christo intercessores nobis asciscamus. Christus e¬
102 1213 1751 1296 nim ad plenum nos saluos facere potest: nihil alijs quod ipsi agant relinques. Ob
106 1272 1741 1356 seruemus autem illud in primis, quod diserte addit. Qui per ipsum adeunt deum,
107 1327 1750 1406 Per ipsum inquam, mediatorem, sacerdotem, & intercessorem Christum, Per hunc
107 1391 1753 1458 enim solum patet accessus ad patrem. Quibus accedit quod hic uiuit, & in hoc ui
104 1446 1746 1511 uit, ut interpellet pro nobis. Viuunt & diui coelites in regno dei cum Christo: sed
110 1493 1750 1581 sibi non nobis uiuunt. Christus nobis uiuit, ut intercedat pro nobis: solus ergo in
105 1557 1747 1636 tercedit, non diui intercedunt. Manifestissime haec euincunt, opinor, quod de in¬
112 1616 1751 1690 tercessionis mediatione non redemptionis loquitur apostolus. Postremo tales re
116 1667 1749 1733 quirit in intercessore notas, quales non reperias, nisi in uno & solo Christo domi¬
109 1726 1760 1790 no. Licet enim angeli innocentes sint, tamen non sunt sublimiores coelis. Diui coe
108 1771 1751 1850 lites tametsi iam purgati sint a peccatis, natura tamen a peccatoribus non sunt se
103 1839 1751 1915 gregati nec coelis sublimiores facti, domini uidelicet angelorum & uniuersae crea
108 1898 1753 1957 turae. Solus filius talis est, & huic haec reseruatur gloria : solus ergo apud patrem
96 1935 604 2007 est intercessor fidelium.
181 1993 1746 2065 lstis Paulinis testimonijs adiinciemus adhuc unum S. Petri, & alterum beatis¬
112 2049 1758 2123 simi apostoli & euangelistae Ioannis., Sanctus Petrus docet sanctos, id est, nos fide
109 2107 1740 2187 les, in hoc saeculo, Christo uiuo lapidi, uiuos lapides esse impositos per fidem, fa¬
108 2166 1749 2234 ctosque domum spiritualem, & sacerdotium sanctum, ad offerendum spirituales
104 2219 1750 2294 hostias acceptabiles deo per Iesum Christum. En sumus imposit non diuis, sed Chri
103 2275 1738 2355 sto lapidi uiuo: ex quo & uiuificamur, & in aedificio conseruamur. Constituti su¬
104 2336 1742 2408 mus domus spiritualis & sacerdotium sanctum, in hoc ut spirituales non pecuinas
109 2400 1745 2463 offeramus hostias, nimirum nosmetipsos & preces nostras deo, per Iesum Chri-
110 2440 1736 2523 stum, non per diuos. Sunt enim & hi nobiscum domus spiritualis, uiui lapides,
113 2496 1751 2580 Christo imposit, & propter Christum uiuentes. Porro beatus Ioannes scribit: Fi-
104 2557 1738 2638 lioli mei, baec scribo uobis ne peccetis: si quis autem peccauerit, aduocatum habe
103 2620 1734 2691 mus apud patrem Iesum Christum iustum. Et ipse est propitiatio pro peccatis nostris.
95 2674 1751 2741 non pro nostris autem tantum, sed etiam pro totius mundi. Non arbitror quicquam
106 2721 1744 2806 nostro proposito congruentius, euidentius & firmius meliusue uel confingi pos¬
103 2776 1742 2853 se. Audimus Christum Iesum constitutum nobis a deo, non tantum redemptio
100 2844 1736 2917 nis mediatorem, qui semel redimat, sed qui sit sempiternus mediator etiam inter¬
103 2899 1730 2972 cessionis, qui toties astet apud deum patrem aduocatus, quoties homo peccator
