2288 3632
525 263 2185 353 patre semper & cum ipso, & ex ipso, secundum ineffabilis generationis modum.
517 329 2184 410 Hactenus Cyrillus. Et illa quidem de patre & de inenarrabili generatione filij
531 387 1528 464 dei firmiter secundum scripturas sunt credenda.
612 425 2182 514 Porro de Filio dei teneamus & indubitanter credamus, quod patri consub¬
515 510 2183 578 t stantialis atque ideo deus uerus sit, quod idem ille incarnatus pro nobis, & homo
540 553 2182 626 factus, in utraque tam diuina quam humana subsistat natura, ita tamen ut naturae
537 613 2174 683 hae neque confundantur inter se neque diuidantur. Credimus enim unum atque eun
539 666 2181 737 dem dominum nostrum Iesum Christum uerum esse deum & hominem uerum.
533 723 2193 801 Quae quidem singula per suas partes dilucide, & quantum dominus gratiae dede
532 785 970 869 rit, demonstrabimus,
606 825 2182 907 De uocabulo Homousij, quod concorditer Latini uerterunt Consubstantia¬
541 887 2188 964 le, diu & multum apud ueteres altercatum esse testatur ecclesiastica historia. Quid
529 942 2185 1020 significet et quomodo usurpatum fuerit a celeberrima Synodo Nicena, breuibus
537 1020 2191 1075 & significantissime sic exposuit doctissimus & pijssimus Eusebius Pamphili Cae
541 1057 2193 1135 sarien. antistes. Quod patri filius consubstantialis dicitur, expressam habet signi
542 1111 2202 1189 ficationemsquod nihil similitudinis cum factis creaturis filius dei habet, sed soli
546 1165 2196 1257 patri, qui ipsum genuit assimulatur, nec ex alia est substantia aut essentia, nisi pa¬
543 1226 2197 1304 tris. Et mox idem, Cui sententiae ad hunc modum expositae, recte subscribi posse
551 1292 2188 1354 uisum est: quando ex ueteribus doctos ac illustres episcopos ac commentatores
541 1340 2197 1412 de patris & filij diuinitate disserentes, homousij dictione usos esse cognouimus,
550 1392 2191 1471 Haec Socrates historiarum lib. 5. cap. 8. Certe sancti ecclesiarum praesides haereticorum
547 1464 2202 1535 hypocrisi lubricitate & malitia adacti, uocabula maxime significantia ac minime
552 1513 2199 1585 ancipitia, & ipsi usurparunt & alijs usurpanda imposuerunt, quibus partim ueri
547 1569 2202 1647 tatem orthodoxam diserte exprimerent, partim dolos & artes malitiosas heretico
542 1618 2194 1699 rum redarguerent atque retegerent, imo & excluderent. Confitebatur Arius, filium
551 1680 2192 1757 dei deum esse, sed consubstantialem interim patri negabat, quare declarabat se
552 1731 2191 1804 non syncere confiteri ueram filij diuinitatem. Nec refert admodum si uocabulum
548 1797 2203 1858 aliquod commodum & rei explicandae idoneum in scriptura sacra tot literis quot
546 1858 2200 1916 in aliena lingua scribitur non extet, modo illud diserte scripturis expressum lega
550 1906 2199 1971 tur, quod uocabulo significatur. Proinde si ostenderimus filium eiusdem esse sub
550 1954 2202 2024 stantiae aut naturae cum patre, adeoque aequalem deo & similem, unumque cum ipso,
545 2009 2197 2084 abunde demonstrauimus filium patri esse homousion siue consubstantialem. a
542 2064 2190 2148 charias propheta deum inducens loquentem, dicit: Excitare, o gladie, super pasto
552 2136 2197 2197 rem meum, & super uirum coaequalem mihi, percute pastorem, & dispergentur
551 2187 2190 2251 oues gregis. En pastorem percussum appellat deus coaequalem suum. Quis autem
550 2239 2193 2310 sit pastor ille percussus, declarat historia euangelica, ipsum nobis dei filium domi¬
553 2301 2190 2367 num Iesum Christum exhibens. Nec obest sed prodest causae nostrae, quod Hiero.
547 2347 2196 2421 non legit Virum coequalem mihi, sed Virum cohaerentem mihi. Nam ut ille non
544 2418 2193 2479 negat amith significare coaequalem, ita aliud reponit aeque efficax. Cum enim uer
550 2468 2191 2537 tit uirum cohaerentem mihi, intimam ipsamque substantialem, ut sic dicam, inhaeren
550 2522 2199 2592 tiam siue coaequalitatem patris & filij, exprimere uoluit. Nam in Commentarijs
551 2571 2053 2647 addit: Et uir cohaerens deo quis est nisi qui ait? Ego in patre & pater in me¬
623 2625 2196 2696 Rursus legimus in euangelio Ioannis: Propterea quaerebant ludaei Iesum in¬
537 2686 2204 2760 terficere, quia non solum soluisset sabbatum, (ene u&. agagpae idlop et7e aby deop)sed
550 2747 2197 2818 & patrem suum sproprium utique) dixisset deum: aequalem (on) se faciens deo. Cae
545 2809 2192 2868 terum Graeci ios exponunt per dui&. Nec potest illa aequalitas ullibi c onsistere,
534 2852 2194 2923 nisi in substantia. Intelligunt enim ludaei, quod Ariani uidere nolunt, dominum
537 2915 2200 2989 singulari quodam modo deum appellasse patren suum, utique idtop proprium, natiuum
