2288 3632
145 296 1833 393 DE SPIRITV SANCTO: NATVS EXMARIA VIRGINE,
144 367 1819 445 Secundo articulo professi sumus nos credere in Iesum Christum dei filium domi
150 427 1819 489 num nostrum: quo certe adumbrauimus nos firmiter credere deum patrem no¬
159 477 1818 553 bis & in nostram salutem dedisse mundo filium saluatorem & liberatorem. Huc
156 540 1828 624 enim pertinent uocabula Iesus & Dominus. lam itaque tertio articulo exponimus
151 602 1818 674 modum & rationem qua uenit in mundum, nimirum per incarnationem. Duo
157 646 1823 731 ergo comprehendit articulus, Conceptionem Christi, & Natiuitatem eiusdem. De
147 709 1819 783 quibus ordinedicemus, ubi prius & paucis quidem explicauerimus incarnatio¬
160 753 599 815 nis dominicae causas,
228 816 1835 883 Actum erat cum hominibus, & perijsset totum genus mortalium propter pec
151 865 1835 955 catum quod contraximus omnes ex protoplasto. Nam stipendium peccati mors.
153 924 1833 1008 Ideoque non potuissemus coelum ingredi qui eramus ad tartara proiiciendi, nisi
151 996 1815 1066 ad nos descendisset dei filius, ac lmmanuel factus secum nos traxisset adcoelos.
156 1036 1819 1110 Proinde summa incarnationis causa est, mediare inter deum & homines, & median
156 1099 1832 1185 do coniungere uel adunare disiunctos. Nam ubi mediator est, ibi dissidium & par¬
154 1147 1820 1236 tes sint necesse est. Partes sunt deus & homines. Causa dissidij est peccatum. At
157 1211 1820 1281 mediatoris est dissidentes partes rursus coniungere: id quod fieri non potest nisi
156 1274 1814 1354 prius tollatur est medio causa dissidij peccatum. Peccatum autem neque expiatur, neque
145 1328 1819 1402 tollitur, nisi fundatur sanguis & sequatur mors. Testimonium huius rei praebet
148 1367 1814 1463 Paulus ad Hebraeos 9. cap. Oportuit ergo mediatorem assumere carnem nostram
151 1424 1806 1507 & sanguinem, quo & mori posset & fundere sanguinem. Praeterea necesse est se¬
143 1494 1815 1557 questrem aut mediatorem utrisque communem esse quos conciliare debet : unde
144 1546 1816 1622 oportuit Christum dominum & deum esse uerum, & hominem uerum. Deus pu¬
146 1603 1801 1671 rus, formidabilis, & parum accommodus fuisset hominibus. Homo purus non po¬
144 1646 1802 1738 tuisset accedere ad deum qui est ignis consumens: quapropter utrunque existens
151 1711 1814 1793 dominus noster Iesus Christus utrique parti accommodus est mediator. De qua re
154 1763 1802 1838 testificans apostolus dicit, Vnus deus, unus etiam mediator dei & hominum, ho¬
153 1830 1804 1901 mo Christus Iesus, qui dedit semetipsum precium redemptionis pro omnibus. Idem
154 1878 1799 1958 apostolus ad Heb. 2. & 9. cap. plura disserit quae ad hunc locum pertinent. Et in 2¬
147 1931 1809 2015 cap. alteram quoque incarnationis Christi causam recitans dicit, Debuit per omnia
147 1986 1800 2061 fratribus similis reddi, ut misericors esset & fidelis pontifex, in ijs quae apud deum
148 2044 1794 2110 forent agenda, ad expiandum utique populi peccata. Nam quod ipsi quoque accidit
148 2100 1800 2172 tentatio, potest tentatis quoque succurrere, Rursus ut erudiret homines in omni
159 2160 1789 2227 pietate & iustitia, denique ut esset lux mundi & exemplum sanctissimae uitae, incar
144 2223 1799 2295 natus est dominus noster. Nam Paulus, Gratia ait dei salutifera apparuit nobis,
145 2279 1804 2338 erudiens nos ut abnegata impietate sancte uiuamus. In summa, ut nos propter
151 2325 1789 2403 peccata disiunctos a deo, cum deo rursus coniungeret, & in societatem suijpsius
150 2384 1796 2450 suorumque bonorum omnium nos reciperet, naturae communione nobiscum coa
147 2429 735 2500 luit, hoc est incarnari uoluit.
232 2487 1814 2564 Descendimus nunc ad modum incarnationis explicandum. Articulus fidei
151 2542 1797 2615 duo habet membra. Alterum est, Conceptus est de spiritu sancto. Homines alioqui
155 2603 1789 2670 omnes concipimur ex uirili semine eoque immundo, & iccirco nascimur peccato¬
146 2650 1793 2722 res, adeoque, ut Paulus ait, nascimur filij irae. Caeterum corpus Christi adeoque do¬
155 2721 1781 2785 minus noster non concipitur in Maria uirgine de Ioseph, aut ex ullo uirili semine,
149 2767 1798 2849 sed de spiritu sancto: non quod spiritus fuerit loco seminis. Nequit enim ex spiri¬
153 2826 1798 2893 tu aliud generari nisi spiritus. Atqui habet dominus noster non phantasticum cor¬
147 2884 1792 2953 pus, sed uerum & nobis consubstantiale. Conceptus est ergo dominus noster in
154 2943 1807 3038 utero uirginis espiritu sancto. Nam effecit aeterna sua potentia spiritus sanctus,
