2288 3632
526 273 1498 365 monia non parum illustrandum fore speramus,
597 334 2179 416 Deum uerum esse dei filium dominum nostrum Iesum Christum negauit A-
517 411 2166 472 rius cum suis complicibus. Scriptura uero ueracissima tam manifeste approbat,
532 464 2163 529 ut nihil possit addubitare cui ueritas cordi est, Recitabimus in praesenti testimo¬
526 515 2175 581 nia & argumenta aliquot maxime perspicua, quibus interueniente spiritu sancto
525 569 2013 639 confirmetur fides nostra, ipsaque ueritas catholica & orthodoxa illustretur.
610 625 2169 695 Apud Matthaeum in 3. cap. baptisato domino nostro per Ioannem Baptistam
531 677 2173 748 aperti sunt coeli, descenditque spiritus sanctus specie columbae super caput domini
523 748 2177 806 nostri Iesu Christi, protinus etiam audita est uox e nubibus a diuina gloria sic pro
526 795 2181 861 nunciata: Hic est filius meus dilectus, in quo placata est anima mea. Et Ioannes ba
538 849 2175 921 ptista apud Ioannem euangelistam: Vidi spiritum, inquit, descendentem specie co
534 913 2169 972 lumbae de coelo, & mansit super eum : & ego non noueram eum, sed qui misit me
535 974 2176 1029 ut baptizarem aqua, is mihi dixit: Super quem uideris spiritum descendentem ac
537 1013 2179 1084 manentem super eum, hic est qui baptizat spiritu sancto. Et ego uidi & testatus
541 1068 2176 1136 sum hunc esse filium dei. Huc pertinet quod beatus Petrus rogatus a domino:
539 1125 2179 1200 At uos quem me esse dicitis : omnium nomine respondit: Tu es Christus ille filius
536 1177 2180 1249 dei uiuentis. Et iterum obiiciente domino: Num & uos uultis abire? Respondit
539 1241 2182 1304 rursus omnium nomine S. Petrus: Domine ad quem ibimus? Verba uitae aeternae
538 1293 2176 1363 habes, & nos credimus & cognouimus quod tu es Christus filius dei uiuii Dici¬
549 1352 2179 1425 mur quidem & nos filij dei, sed per adoptionem, Christus autem non per adoptio
541 1423 2182 1473 nem neque per imputationem, sed per naturam. Nam Marci 14. dicit summus fa¬
548 1468 2181 1528 cerdos domino nostro: Tu es Christus ille filius benedicti: Apud Matthaeum idem
539 1526 2182 1585 ait: Adiuro te per deum uiuum, ut dicas nobis, an tu sis Christus filius dei uiui¬
538 1572 2197 1643 Respondit Iesus: Ego sum. Nam uidebitis filium hominis sedentem a dextris uir¬
547 1633 2180 1701 tutis, & uenientem in nubibus coeli. Id quod repetitum apparet ex 7. Danielis cap.
555 1692 2182 1760 Caeterum hanc confessionem domini coram Pilato ueluti blasphemam morteque
551 1738 2195 1807 expiandam adducunt, clamantes: Nos habemus legem, & secundum legem no
542 1799 2185 1863 stram debet mori: quia filium dei se fecit. At illi ipsi in euangelica historia contra
551 1860 2188 1926 dominum intonant: Nos e stupro non sumus nati : unum patrem habemus deum,
551 1906 2195 1974 Certum ergo est, ludaeos non aliam ob caussam accusasse saluatorem nostrum cri
543 1976 2186 2037 mine maiestatis diuinae laesae, quam quod dixisset se naturalem non adoptiuum
547 2028 2186 2088 esse dei filium. Hoc enim non erat capitale, illud erat capitale. Nam & Ioan. 5. legi
548 2076 2197 2140 mus, Propterea quaerebant ludaei magis interficere Iesum, quia non solum soluis¬
550 2128 2195 2193 set sabbatum, sed & patrem suum dixisset deum, aequalem se deo faciens. En ha¬
550 2192 2191 2262 bes modum quomodo appellarit se dei filium, non per adoptionem aut reputatio
550 2243 2195 2306 nem, sed per naturam atque substantiam. Nam iterum uolentibus lapidare domi¬
552 2302 2200 2374 num, ipse opponit, Multa bona opera ostendi uobis ex patre meo, propter quod
552 2360 2183 2426 eorum bonorum operum me lapidatis ? Responderunt iterum ludaei dicentes:
552 2404 2183 2473 Ob bonum opus non lapidamus te, sed ob blasphemiam, nimirum quia tu homo
557 2461 2188 2534 cum sis, facis teipsum deum. En quid poterat dici clarius? Facis teipsum deum. Et
565 2522 2189 2600 quid oro dixerat unde haec colligebant: Ego ouibus meis do uitam aeternam, nec
559 2581 2186 2653 peribunt in aeternum, neque rapiet eas quisquam de manu mea. Pater meus, qui de
556 2645 2191 2707 dit mihi, maior omnibus est: & nemo potest rapere de manu patris mei. Ego & pa
552 2699 2191 2762 ter unum sumus. Dare uitam aeternam, est uirtutis diuinae: seruare & ita seruare ut
550 2748 2187 2811 nemo de manibus possit rapere, eiusdem est uirtutis. Probat autem suam assertio
556 2808 2185 2875 nem dominus tali argumentatione. Nemo potest oues rapere ex manibus patris
554 2869 2197 2929 mei: ergo nemo potest rapere ex manibus meis. Probatio antecedentis: quia pater
552 2926 2185 2995 maior omnibus est: id est maximus omnium est : cuius uirtus diuina superat omnia.
