2288 3632
67 262 1738 349 stus, Dauidis filius, pastor ille uniuersalis ecclesiae unicus, atque sccirco deus uerus.
73 331 1734 406 Oportet enim uniuersalem pastorem regem & sacerdotem aeternum omniscium
92 383 1736 474 & omnipotentem esse, omnibus hominibus in omnibus locis praesentem. Proin¬
89 441 976 501 de uerus deus est filius dei, quia Messias est.
146 500 1741 580 Praeterea quid oro clarius & minus controuersum est, quam quod solus deus
77 561 1750 624 peccata remittit? Necesse est ergo nihil esse clarius & minus dubium, quam
76 619 1749 683 quod credimus Christum esse uerum deum. Quia est agnus dei, qui tollit pecca¬
82 661 347 732 tum mundi.
151 717 1750 798 Rursus cum Christum recte appellet Paulus spem nostram: nam & lsaias prae¬
83 770 1748 860 dixit: In illo gentes sperabunt. Ieremias uero clamet: Maledictus omnis qui spem
82 832 1747 909 suam collocat in homine: beatus uero qui deo fidit necessario Christum deum con
76 890 1741 966 fiteri oportet. Nam saepe apud Ioannem ingeminat: Amen dico uobis, qui fidit
76 954 1732 1017 mihi habet uitam aeternam. Possem huius generis innumera ex scripturis profer¬
83 1001 1738 1079 re argumenta, attestantia filium dei dominumnostrum Iesum Christum unius &
92 1066 1728 1141 eiusdem esse cum patre naturae, ideoque deum uerum ex deo uero: uerum spero san¬
86 1115 1565 1189 ctis & minime contentiosis auditoribus illa qua produximus, satisfacere.
161 1166 1745 1252 Restat ut demonstremus dei filium incarnatum pro nobis, & ex Maria uirgi¬
80 1234 1745 1297 ne, uerum hominem, nobis per omnia, peccato excepto, consubstantialem, esse na¬
85 1289 1743 1348 tum. Lex, prophetae & apostoli manifestissima nobis exhibent uerae carnis uel hu¬
74 1340 1743 1416 manitatis filij dei argumenta. In Lege enim dicit dominus: Semen mulieris con¬
86 1402 1726 1465 culcabit caput serpentis. Caeterum caput serpentis, quis nesciat esse diaboli reg¬
76 1463 1727 1526 num, uim, uel potentiam: Hanc autem fregisse Iesum Christum, tota attestatur scri-
79 1514 1729 1572 ptura. Atqui hic nuncupatur semen mulieris. Et semen quidem propter uerita¬
85 1569 1735 1628 tem humanae naturae: semen autem mulieris, non uiri, propter coneeptionem ex
79 1613 1733 1685 spiritu sancto & natiuitatem ex Maria uirgine factam. Et quoniam haec fuit filia
89 1682 1729 1749 Dauidis, Abrahae & Adam, consequens est filium Mariae uerum esse hominem,
76 1733 1726 1799 Quemadmodum enim Adamo dictum audiuimus: Semen mulieris conculcabit
83 1791 1719 1861 caput serpentis: ita eandem promisionem Abrahae renouatam & inculcatam le¬
86 1844 1740 1911 gimus hisce uerbis: In semine tuo benedicentur omnes gentes orbis. Paulus uero
70 1907 1738 1974 ad Galat, manifeste dicit, semen hoc Abrahae, in quo benedictionem consequimur,
82 1952 1738 2021 Christum esse Iesum. Idem apostolus: Nuspiam, inquit, angelos assumit, sed seme
73 2012 1725 2088 Abrahae assumit : per angelos utique excludens quasuis substantias spirituales, per
74 2066 1720 2137 semen Abrahae ipsissimam intelligens humanae carnis substantiam. Nam subiun
73 2116 1721 2192 git: Vnde debuit per omnia similis fratribus esse. Et quoniam hi communicant
85 2178 1723 2243 carne & sanguine, & ipse similiter particeps factus est eorundem. Certe scriptura
82 2229 1717 2301 lineam prosapiae Christi diligentissime deducit ex lumbis Abrahae in Iacobum, &
73 2291 1713 2349 ex hoc rursus in ludam, inde rursus in Dauidem. Huic renouantur iterum pro¬
79 2347 1721 2419 misiones de incarnando dei filio. Nathan enim Dauidi dicit: Sic dicit dominus:
83 2399 1723 2476 Cum completi fuerint dies tui, dormierisque cum patribus tuis, excitabo semen
79 2457 1724 2526 tuum post te, quod egredietur de utero tuo, regnumque eius firmabo. Is extruet do
76 2513 1718 2590 mum nomini meo: & ego confirmabo regni eius solium in aeternum. Neque est quod
73 2562 1717 2645 haec quisquam interpretetur de Solomone. Hic enim uiuente patre Dauide na¬
68 2628 1714 2690 tus, regnumque eius cito dilapsum est. Caeterum Nathan loquitur de filio qui sit Da¬
74 2688 1710 2753 uidi nascendus post mortem. Cum dormieris, inquit, cum patribus tuis, excitabo
76 2736 1720 2815 semen tuum post te. Et quale hoc futurum sit, manifestissime declarat, & ait, Quod
77 2798 1717 2855 egredietur de utero tuo. Nam & Psalm. 132. legimus, De fructu uentris tui ponam
76 2843 1710 2912 super sedem tuam. Porro uirgo Maria Dauidici fuit seminis propago, ex qua ge¬
73 2912 1723 2993 nitus est Christus dominus, de quo loquens angelus, & uetusta illa exponens ua¬
