2288 3632
519 283 2176 363 tia patris, ante saecula genitus: & homo ex substantia matris in saeculo natus. Per¬
523 360 2092 425 fectus deus, perfectus homo, ex anima rationali & humana carne subsistens,
610 397 2185 481 His usque huc demostrauimus Christum Iesum dominum nostrum esse deum
522 462 2179 533 uerum & hominem uerum, consubstantialem patri secundum diuinitatem, nobis
522 516 2183 583 autem consubstantialem secundum humanitatem. Nam animam rationalem &
535 582 2178 642 carnem habet uere humanam: dicemus porro de coniunctione uel unione harum
522 631 2186 715 naturam in unam personam: qua in re turpiter a quibusdam ueteribus quondam
527 677 2189 758 aberratum esse tradunt historiae. Eutyches enim constituebat in Christo unam tan¬
529 735 2182 806 tum naturam, eamque ex diuina & humana compositam: id est, confusam, a quo non
525 798 2190 868 longe recesserunt Monothelitae, unam duntaxat in Christo uoluntatem agnoscen
529 851 2188 923 tes. lllam carbonariam uitare uolens Nestorius, incidit in calcariam. Confitens
529 905 2191 974 enim duas naturas, totidem personas asseruisse uidetur, docens uerbum carni non
528 960 2187 1035 unitum esse in eandem personam, sed inhabitasse duntaxat: unde & diuam uirgi¬
526 1014 2185 1092 nem deiparam appellari uetabat. Contra quos communis totius ecclesiae, secun¬
537 1070 2197 1144 dum scripturas sentientis assertio, tradidit, duas in Christo naturas, naturarumque
538 1144 2197 1212 proprietates esse confitendas, quae ita coierint in unam personam indiuisam, ut nec
536 1190 2195 1258 diuina natura mutata sit in humanam, neque haec in illam, sed utraque suum retineat
537 1243 2198 1314 ingenium, subsistant autem utraeque in unitate personae. Vnus enim atque idem Chri-
530 1302 2193 1371 stus secundum ingenium diuinae naturae, immortalis, secundum ingenium hu¬
542 1357 2201 1431 manae naturae mortalis, atque idem ille deus immortalis & homo mortalis, uni¬
547 1413 2196 1489 cus, est saluator mundi. De qua re dicemus modo, deo aspirante, paulo plura &
550 1472 804 1547 explicatiora
637 1518 2203 1595 De ipsa coniunctione diuinitatis & humanitatis uerae in Christo, non spinose
546 1589 2195 1660 neque subtiliter disputarunt prophetae & apostoli. Simpliciter enim loquentes dixe
551 1634 2200 1701 runt: Deus homo factus est. Vel, Deus hominem assumpsit. Nam Ioannes aposto
549 1687 2206 1763 lus & euangelista, Verbum, inquit, caro factum est. Id est, deus homo factus est?
555 1745 2206 1812 uel dei uerbum incarnatum est. S. Paulus, Deus, ait, manifestatus est in carne. Et
550 1802 2207 1872 iterum, Filius dei nuspiam angelos assumit, sed semen Abrahae assumit. Secundum
542 1855 2212 1923 apostolorum ergo doctrinam explicantes coniunctionis diuinae & humanae na¬
557 1925 2204 1981 turae in Christo mysterium, dicimus, Deus incarnatus uel homo factus est. Deus
559 1966 2206 2040 hominem assumpsit. Deus in carne humana apparuit uel manifestatus est. Sub¬
550 2031 2203 2098 tiliora his rimari uelle, est se in ingentia conijcere pericula. Sunt qui in his plenius
554 2076 2203 2151 exponendis utuntur uocabulis societatis, participationis & communionis, nec
547 2138 2200 2205 citra authoritatem scripturarum, Paulo dicente, Quia pueri communionem ha¬
557 2187 2093 2270 bent cum carne & sanguine, & ipse similiter particeps factus est eorundem,
643 2241 2206 2308 Cauendum hic tamen in primis, ne coniunctas naturas in una persona con-
561 2299 2207 2368 fundamus, aut proprietatibus suis spoliemus. Nam deus natura sua est aeternus
562 2358 2203 2438 & immutabilis, ideus itaque idem semper manens, non commutatur in humanam
568 2422 2219 2486 uel in ullam aliam naturam, sed humanam sibi coniungit, sociat, assumit, adeoque
562 2470 2201 2536 unit, Rursus nisi humana natura creatura maneat, & hoc ipsum sit, quod dicitur,
562 2537 2211 2601 humana non est, manens ergo haec in sua substantia assumitur a diuina. Proinde
559 2591 2212 2656 manent in una Christi persona duae naturae, diuina & humana, & utraque retinet
559 2647 2212 2710 suum ingenium suamque proprietatem. Id quod aliquot scripturae locis iam osten¬
563 2707 2206 2762 demus. lsaias in cap. 7. Virgo, inquit, concipiet & pariet filium, & uocabitur no¬
555 2749 2206 2820 men eius lmmanuel. Vtranque in Christo agnoscit naturam, nam secundum di-
564 2808 2205 2883 uinam appellatur lmmanuel, id est, nobiscum deus : secundum humanam naturam
570 2872 2213 2934 concipitur & nascitur. Idem propheta, Puer natus est nobis, inquit, & filius datus
564 2923 2203 3013 est nobis, &c. Datur enim qui ab aeterno est: nascitur autem qui in saeculo esse in¬
