2288 3632
533 257 2184 369 cissima scriptura dicit, quod in illo uiuimus, mouemur & sumus: nec tamen sicut
536 339 2185 430 ille ubique sumus: sed aliter homo ille in deo, quoniam aliter & deus ille in homine
547 405 2183 492 proprio quodam & singulari modo. Vna enim persona deus & homo est, & utrun
544 447 2196 535 que est unus Iesus Christus, ubique per id quod deus est, in coelo autem per id quod
550 510 2180 591 homo. Idem enim author paulo post: Spatia, inquit, locorum tolle corporibus,
550 557 2182 644 nusquam erunt, & quia nusquam erunt nec erunt. Tolle ipsa corpora qualitati
544 614 2195 701 bus corporum, non erit ubi sint, & ideo necesse est ut non sint. Et in fine epistolae
550 674 2201 758 idem ille dicit: Christum dominum nostrum unigenitum dei filium, patri coaequa
544 726 2196 816 lem, eundemque hominis filium, quo maior est pater, & ubique totum praesentem esse
547 782 2200 868 non dubites tanquam deum, & in eodem templo dei esse tanquam inhabitantem
546 840 2193 925 deum, & in loco aliquo coeli propter ueri corporis modum. Hoc ipsum adhuc fu¬
549 898 2189 979 sius idem ille exponit Tractatu in Ioan. 50. & contra Felicianum Arianum cap. 9¬
558 962 2201 1042 10. & 11. item de Agone Christ. cap. 24. usque ad 27. Quibus coniungemus & S. mar
550 1007 2205 1106 tyris Vigilij episcopi Tridentini testimonium. Is enim contra Eutychem pro asser¬
551 1065 2199 1151 tione utriusque in Christo natures disputans, dicit: Si uerbi & carnis una natura est,
556 1123 2205 1219 quomodo cum uerbum ubique sit, non ubique inueniatur & caro? Nam quando in
541 1175 2194 1268 terra fuit, non erat utique in coelo: & nunc quia in coelo est, non est utique in terra: &
555 1240 2203 1318 in tantum non est, ut secundum ipsam Christum spectemus uenturum de coelo,
547 1288 2196 1388 quem secundum uerbum nobiscum esse credimus in terra. Igitur secundum uos
542 1345 2201 1433 aut uerbum cum carne sua loco continetur, aut caro cum uerbo ubique est. Quan¬
547 1400 2204 1503 do una natura contrarium quid & diuersum non recipit in seipsa. Diuersum est
553 1457 2208 1544 autem & longe dissimile circumscribi loco & ubique esse : & quia uerbum ubique
553 1514 2212 1605 est, caro autem eius ubique non est, apparet unum eundemque Christum utriusque
553 1584 2205 1657 esse naturae : & esse quidem ubique secundum naturam diuinitatis suae, & loco con
557 1627 2206 1712 tineri secundum naturam humanitatis suae, creatum esse & initium non habere:
558 1691 2204 1766 morti subiacere & mori non posse: quod unum illi ex natura uerbi, qua deus est:
559 1737 2202 1822 aliud ex natura carnis, qua idem deus homo est. Igitur unus dei filius idemque ho¬
560 1799 2201 1875 minis factus filius, habet initium ex natura carnis suae, & non habet initium ex na¬
558 1851 2207 1929 tura diuinitatis suae : creatus est per naturam carnis suae, & non est creatus per na¬
562 1908 2213 1992 turam diuinitatis suae : circumscribitur loco per naturam carnis suae, & loco non ca
550 1961 2209 2054 pitur per naturam diuinitatis suae: minor est etiam angelis per naturam carnis suae,
565 2027 2199 2101 & aequalis est patri secundum naturam diuinitatis sue: mortuus est natura carnis
559 2074 2214 2164 suae, & non est mortuus natura diuinitatis suae. Haec est fides & confessio catholi¬
554 2128 2215 2219 ca, quam apostoli tradiderunt, martyres roborauerunt, & fideles nuncusque custo¬
560 2186 2221 2265 diunt. Hactenus Vigilij martyris & episcopi uerba recitauimus, in hoc ut pul¬
564 2242 2209 2328 cherrimus intelligatur consensus scripturae sanctae, ecclesiae uniuersalis & pijssi¬
562 2307 2208 2381 morum patrum atque doctorum in hoc dogmate, quo confitemur in Christo utriusque
561 2364 1383 2444 naturae proprietates inconfusas manere.
640 2400 2204 2488 Rursus modis omnibus cauendum est, ne propter naturarum proprietates asse¬
571 2466 2212 2550 rendas retinendasque, discerpamus unitatem personae: quasi duo sint Christi, quo¬
558 2527 2208 2606 rum alter passibilis & mortalis, alter sit impassibilis & immortalis. Nam unus &
554 2588 2202 2659 idem est Christus, qui secundum diuinitatem immortalis, secundum humanitatem
552 2635 2203 2717 mortalis agnoscitur. Nestorius negabat diuam uirginem Mariam esse dei genitri-
563 2707 2213 2775 cem. Dicebat enim deum immutabilem, & iccirco innascibilem esse matreque ca¬
568 2748 2202 2828 rere. Vnde orta suspicio quod dominum nudum esse hominem diceret, & dogma
563 2809 2202 2888 Pauli Samosateni & Photini tueretur. De qua re multis agit Socrates historiarum
558 2874 2209 2940 lib. 7. cap. 32. Peccauit aunt contra scripturam & ueram fidem Nestorius. Elisabeth
558 2934 2211 3002 enim zachariae uxor, & mater beati Ioanis Baptistae, spiritu sancto plena, disertis
