2288 3632
108 272 1762 357 uerbis diuam uirginem salutat & praedicat matrem domini, id est, matrem dei. Et
114 342 1762 407 quamuis diuina natura generationis & corruptionis exors sit, certissimum est ta
104 387 1761 459 men eum quem Maria peperit, reuera deum esse. Nam quod ex ipsa natum est (ait
103 455 1757 528 angelus) filius dei est : peperit ergo deum: ac merito appellatur dei genitrix. Si e¬
107 511 1754 580 nim deum non genuit, nudum hominem peperit, nec dei filius hominem insepa¬
109 557 1750 629 rabiliter sibi sociauit. Ad eundem modum cum deus natura sua sit immortalis,
109 621 1750 689 mori certe non potest : si uero quis ea de causa absolute negaret deum pro nobis
110 674 1774 749 crucifixum & oblatum, adeoque mortuum esse, contradiceret Paulo dicenti: Si ipsum
109 724 1752 794 cognouissent, haudquaquam dominum gloriae crucifixissent. Quis uero nesciat
103 782 1750 858 deum gloriae uel deum gloriosum non posse crucifigi: interim cum ille qui secun
112 836 1757 915 dum carnem patiebatur & cruci affigebatur, deus erat, non nudus duntaxat ho¬
106 902 1741 972 mo, recte dicimus deum pro nobis passum & cruci esse affixum: licet is qui pas
96 947 1770 1003 sus sit, secundum id solum passus sit, quod pati potuit. Nam Petrus apostolus, Chri
99 1001 1748 1084 stus, inquit, passus est pro nobis carne. Eundem sequuta synodus Toletana prima,
98 1059 1751 1127 in haec uerba decreuit, Si quis dixerit aut crediderit deitatem nascibilem esse, ana
109 1117 1748 1193 thema sit. Si quis dixerit uel crediderit deitatem Christi conuertibilem fuisse uel
97 1183 1744 1248 passibilem, anathema sit. Si quis dixerit uel crediderit deitatis & carnis unam in
112 1234 1751 1312 Christo esse naturam, anathema sit. Et Damasus episcopus Roman. Si quis dixe¬
98 1286 1749 1362 rit, inquit, quod in passione crucis dolorem sustinuerit filius dei & deus & non
109 1342 1740 1420 caro cum anima, quam induit forma serui, quam sumpsit, sicut dixit scriptura, ana
102 1396 1732 1463 thema sit. Ergo cum Paulus dicit deum sibi acquisiuisse ecclesiam suo sanguine
110 1464 1743 1530 quis tam insanus ut credat diuinam naturam habere, uel unquam habuisse san¬
101 1511 1734 1590 guinem: interim quis tam stupidus ut non uideat carnem quam deus assumpsii
109 1571 1736 1631 habere sanguinem, cumque deus id quod assumpsit non reputet uelut alienum, sed
107 1623 1746 1698 proprium, rectissime dicimus deum proprio suo sanguine redemisse mundum.
110 1683 1742 1742 Vnde & Theodoretus Cyri episcopus dialog. Eran. 3. sub finem dixit: Si Christus
102 1732 1743 1811 est & deus & homo, ut & sacra docet scriptura & beatissimi patres perpetuo prae
107 1786 1736 1865 dicarunt, ut homo ergo passus est, ut deus autem mansit impassibilis. Quando ue
106 1852 1743 1919 ro corpus uel carnem uel humanitatem passam esse dicimus, diuinam naturam
92 1910 1735 1973 non separamus. Sicut enim unita erat & esurienti & sitienti & defatigatae: quine¬
98 1960 1741 2028 tiam dormienti & de passione subeunda tristitia & moerore confectae, nihil horum
97 2016 1740 2075 quidem suscipiens, sed ei permittens ut naturae affectiones & passiones suscipe¬
99 2072 1739 2131 ret: ita etiam ei coniuncta erat dum crucifigeretur, & concessit ut perageretur
104 2133 1733 2201 passio, ut passione mortem solueret, dolorem quidem ex passione non suscipiens,
97 2191 1738 2255 passionem autem sibi adaptans & accommodans, utpote templi sui & carnis con
93 2243 1736 2312 iunctae, per quam etiam membra Christi appella ntur qui crediderunt : & eorum
97 2290 1118 2360 qui crediderunt ipse caput appellatus est. Haec ille
183 2340 1749 2420 Haec figura loquendi appellatur ab alijs exoioons alteratio uel mutatio, a Ioan
86 2379 1747 2468 Damasceno &aiosoos mutua largitio uel alternata attributio. Vulgo nominari so
98 2460 1732 2529 let idiomatum comunicatio, nempe cum alteri naturae ea proprietas communica
98 2518 1724 2594 tur, quae propria est alterius. Verbi gratia, Nemo ascendit in coelum, ait dominus,
88 2576 1727 2635 nisi qui descendit de coelo, filius hominis qui est in coelo. Certe non erat tunc hu¬
94 2629 1740 2706 mana natura in coelo, cum haec loqueretur dominus, sed in terra, quia tamen as¬
97 2681 1730 2749 sumpta est caro in societatem diuinitatis, huius proprium, humanitati commu¬
95 2743 1736 2814 nicatur. Et Fulgentius Episcopus hanc interpretationem agnoscens libro ad Tra¬
90 2803 1726 2866 simundum regem secundo, sic reliquit scriptum: Non (hoc dixit) quia humana
104 2846 1734 2910 Christi substantia fuerit ubique diffusa, sed quoniam unus idemque filius dei atque homi-
101 2906 1729 2973 nis filius, uerus deus ex patre, sicut homo uerus ex homine, licet secundum ueram
