2288 3632
513 312 2175 424 riae ecclesiasticae. De hoc rege Christo uaticinantes prophetae, dixerunt: Et prae¬
528 390 2166 483 parabitur in misericordia solium, sedebitque super eo in ueritate, in tentorio Da¬
529 455 2164 531 uidis, iudicans & uelociter reddens quod iustum est. Et iterum, Ecce dies uenient,
524 502 2160 586 dicit dominus, & suscitabo Dauid germen iustum, & regnabit rex & sapiens erit.
527 552 2171 637 & faciet iudicium & iustitiam in terra. In diebus eius saluabitur luda, & lsrael
518 626 2038 705 habitabit tuto: & hoc nomen eius quo uocabunt eum, Deus iustitia nostra.
620 663 2164 757 Quoniam uero Rex est dominus noster, iccirco regnum habeat oportet, Re-
534 728 2169 820 gnum appellatur tam ipsa regio ditioque regi subiecta, quam ipse dominatus, impe
521 777 2165 873 rium, potestas & administrandi ratio. Proinde ecclesia sanctorum comunio obe¬
521 845 2175 923 diens subiectaque regi Christo, appellatur regnum dei. Dicit enim Micheas: Et re¬
523 888 2158 994 gnabit dominus super eos in monte zion : ergo Sion (quae significat ecclesiam.
523 951 2169 1023 est regnum dei. Ac regnare dicitur deus, cum suos illos in ecclesia regit, gubernat,
525 1001 2173 1095 seruat & asserit, denique uarijs charismatibus donat atque foecundat. Paulus enim di
529 1074 2178 1142 cit : Regnum dei non est cibus & potus, sed iustitia & pax & gaudium in spiritu
530 1119 2165 1200 sancto. Praeterea regnum dei est aeterna illa gloria & felicitas, quam deus electis
534 1180 2172 1257 suis communicat. Dicit enim in euangelio dominus: Venite benedicti patris mei,
529 1246 2178 1324 possidete regnum, quod paratum est uobis ab exordio mundi. Et Latro moritu¬
529 1289 2174 1372 rus mox morienti domino in cruce supplicans, & consors huius regni fieri cu¬
537 1347 2175 1433 piens: Domine memento mei, ait, cum ueneris in regnum tuum, Rursus cum euan
529 1396 2170 1483 gelium nos doceat quomodo regnet in nobis deus in hoc saeculo, in aliud uero il¬
527 1444 2179 1536 lud nos aliquando ad se transferat, hoc est cum euangelium illud sit per quod do¬
536 1516 2179 1594 minium suum erigit dominus, non temere appellauit regnum dei apud Matth. in
532 1574 2179 1651 13. cap. Alibi uocatur ea de caussa sermo regni. In summa, nos in praesenti per re¬
532 1626 2173 1717 gnum dei intelligimus ipsum coetum sanctorum, ecclesiam, inquam, catholicam,
542 1687 2169 1758 uirtutemque seu administrationem regnantis in ipsa dei, hoc est conseruantis gu¬
532 1754 1162 1818 bernantis & glorificantis eam.
615 1788 2176 1864 Et hoc quidem regnum dei unicum est. Nam unus modo deus, unus dunta¬
537 1844 2174 1919 xat rex Christus, una ecclesia & uita aeterna est. Caeterum unum hoc dei regnum
550 1898 2183 1986 secundum dispensationem consideratur dupliciter. Principio iuxta omnipoten¬
542 1953 2180 2046 tiam dei. Hic enim cum sit summus & omnipotens, regnum & potestatem iustam
541 2017 2181 2087 aequissimamque habet & exercet in omnes creaturas uisibiles & inuisibiles, siue hae
540 2063 2178 2144 uelint siue nolint subesse. Deinde iuxta suum spiritum, quo regnat in suis electis.
529 2121 2190 2207 lta uero dupliciter rursus consideratur regnum dei. Vel enim terrenum est, & di
538 2183 1876 2267 citur regnum gratiae: uel coeleste est, & appellatur regnum gloriae.
617 2231 2185 2315 Regnum gratiae terrenum, non ideo appellatur terrenum, quod carnale terre¬
541 2301 2182 2378 numque sit, instar regni Babylonici, Persici, Alexandrini uel Romani : sed quod in
539 2345 2182 2427 terris sit. Sancta enim ecclesia dei bona ex parte uersatur in hisce terris, carne &
534 2397 2190 2488 sanguine participans, donec uiuit in terris: licet non secundum carnem uitam ui¬
541 2454 2176 2538 uat terrenam. Nam secundum spiritum, per quem regitur, uiuit uitam coelestem,
547 2509 2193 2593 Non quod non peccent consortes regni dei. Septies enim cadit iustus, & resurgit.
550 2576 2200 2654 Vnde & gratiae regnum nuncupatur. Donec enim uiuimus in hoc saeculo, gra¬
540 2622 2178 2702 tiam & misericordiam suam nunquam negat rex & dominus noster, ueniam no¬
535 2684 2185 2763 bis postulantibus. Ac pendent toti a gratia regis sui fideles, perpetuam agunt poe
524 2740 2178 2818 o nitentiam, & ad perfectiora subnituntur. Nam omnia sua coponunt ad leges sui
543 2796 2190 2872 regis & principis. Etenim regnat hic in electis suis per uerbum ueritatis & per spi
541 2856 2184 2926 ritum sanctum. Verbo ueritatis quid faciant aut fugiant sancti docet. Spiritu suo
536 2902 2179 2985 sancto commouet corda, & uires sufficit fugiendi prauum & persequendi bonum,
540 2960 2184 3044 Siquidem non tam sibi regnat rex noster quam nobis. Facit enim & nos reges, ut
