2288 3632
165 303 1837 404 in carne uenisse, ex deo non est. Modum natiuitatis exposuit multis Lucas cap. 2¬
168 375 1839 473 Et nos alias de eo dicemus copiosius. Credamus ergo & confiteamur Iesum dei fi
168 435 1507 512 lium conceptum esse ex spiritu sancto, natum ex Maria uirgine.
254 493 1844 590 Quartus fidei Christianae articulus hic est, PASSVS SVE PONTIO
173 549 1844 650 PILATO, CRVCIFIXVS, MORTVVS, ET SEPVLTVS,
168 610 1819 695 DESCENDIT AD INFERNA. Exponitur hoc articulo quarto, finis,
174 670 1829 741 usus & fructus incarnationis dominicae potissimus. Homo enim factus est, ut pati
168 713 1828 798 & mori posset, moriendoque & patiendo a morte aeterna & tormentis inferorum
172 769 1832 859 redimere, purgatosque constituere haeredes uitae aeternae. Nam hic est finis mortis
175 833 1784 921 dominicae, ut mox indicabimus, & copiose exposuit Paulus ad Hebraeos cap. 9.¬
234 884 1812 974 Diducitur hic articulus rursus in suas portiones. Principio confitemur domi¬
162 941 1841 1030 num nostrum passum esse, uere utique non putatiue, & passum quidem aerumnas
171 997 1825 1087 & miserias huius saeculi, deinde tormenta carnificum & ipsam mortem acerbissi¬
174 1068 1814 1140 mam. Passus est itaque animo & corpore, & multifarie quidem. Isaias enim dicit,
184 1109 1813 1190 Vir dolorum est, & qui expertus est aerumnas. Ipse portat infirmitates nostras,
163 1161 1820 1253 & dolores nostros ipse baiulauit. Nam & in euangelio ipse dixit, Tristis est ani¬
168 1229 1820 1308 ma mea usque ad mortem. Ea uero omnia propter nos passus est. Non enim erat in
166 1280 1078 1343 ipso peccatum aut causa ulla cur pateretur.
258 1338 1838 1416 Secundo loco notatur tempus & iudex Pontius Pilatus sub quo mortuus
171 1397 1837 1480 est dominus, & redemit mundum a peccato, morte, diabolo, & inferis. Passus est
166 1451 1820 1523 ergo sub monarchia Romanorum, sub lmperatore Tiberio, cum iam secundum
167 1513 1819 1583 uaticinium Iacobi lsraelis, populus ludaicus pareret exteris regibus, neque praees¬
170 1559 1816 1644 sent amplius reges uel praesides e stirpe ludaica. Tum enim uenturum praedixe¬
169 1625 1821 1715 rat Messiam. Quid quod ipse dominus in euangelio non semel praedixerat se tra¬
166 1671 1325 1749 dendum fore in manus Gentium, & ab his occidendum?
251 1718 1835 1816 Tertio loco significamus etiam modum passionis, Subiungimus enim, Cruci¬
170 1779 1835 1859 fixus & in cruce mortuus. Erat autem supplicium crucis ut probrosissimum, ita d
159 1845 1805 1923 etiam acerbissimum. Id autem supplicij in se suscepit, ut satis faceret pro mundo¬
157 1886 1808 1975 & quod ab initio typi praecesserant fore ut suspenderetur in ligno. Strui lignorum
170 1955 1808 2035 imponebatur lsaac immolandus. In palum quoque impositum serpentem Moses eri¬
165 2002 1818 2092 gebat. Sed & ipse dominus, Vbi exaltatus fuero, inquit, omnes traham ad me,
164 2066 1808 2146 Porro in cruce expirauit tradens spiritum deo. Vere enim mortuus est, ut mox
156 2120 1833 2211 sequetur. Vbi paucis dicendum est quis sit fructus mortis Christi. Principio ma¬
163 2174 1813 2262 ledicti eramus propter peccatum: maledictionem ergo in se suscepit, sublatus in
160 2242 1808 2301 crucem, ut tolleret maledictionem, essemus autem benedicti in ipso. Denique non
169 2292 1813 2373 potuit nobis obuenire haereditas testamento legata, nisi is qui legauit fuisset mor¬
164 2348 1804 2415 tuus. Deus autem legauit: qui ut mori posset, hominem assumpsit, idemque mortuus
169 2402 1817 2467 est iuxta humanam naturam, ut haereditatem uitae acciperemus. Alibi rursus Pau
164 2452 1810 2525 lus, Qui peccatum non nouit, pro nobis ( deus) peccatum fecit, ut nos efficeremur
165 2512 1807 2594 iustitia dei per illum. Homo ergo piacularis factus est pro nobis dominus noster,
163 2568 1802 2634 in quem ceu hircum peccati cum collata congestaque essent omnia totius mundi pec¬
163 2626 1805 2704 cata, ipse moriens ea omnia sustulit ac expiauit: ut iam unica Christi hostia satisfe
163 2682 1807 2744 cerit pro peccatis totius mundi. Qui certe maximus est mortis Christi fructus ubi¬
160 2723 1810 2819 que traditus ab apostolis Christi. Deinde docet nos mors Christi patientiam & mor
166 2798 1814 2875 tificationem carnis nostrae: imo communione sui efficit in nobis Christus spiritu
157 2844 1807 2934 suo ne regnet in nobis peccatum. De qua re multa tradidit apostolus Paulus ad
164 2897 1797 2965 Romanos 6. cap. Dominus in euangelio dicit, Si quis uult post me uenire, abne¬
156 2972 1809 3050 get semetipsum, & tollat crucem suam & sequatur me. Hi & nonulli alij sunt fru¬
