2288 3632
121 229 1778 373 utilitate. Sicut enim ea quae dei sunt nemo nouit nisi spiritus dei, ita homines scien
130 339 1790 425 tiam rerum diuinarum & cognitionem sancti spiritus non aliunde hauriunt, quam
115 397 1783 477 ex eodem hoc dei spiritu. Oremus ergo deum patrem, ut per filium dominum no
128 435 1778 540 strum Iesum Christum, misso in corda nostra hoc spiritu suo sancto, dignetur illu
122 495 1782 604 strare tenebrosas mentes nostras, & dirigere nos secundum scripturas sanctas in
122 549 569 625 uia ueritatis syncera.
186 607 1801 702 lnitio autem uidetur nobis non inutiliter explicandum Spiritus uocabulum,
122 668 1801 772 quod id in scripturis uarie & frequentissime usurpetur: unde non raro impinget
115 731 1798 823 grauiter quisquis uim eius uocis ignorauerit. Spiritus proprie nota est elementi,
108 782 1798 877 significans aerem, uentum, halitum. Ea significatione dictum legimus a saluatore,
120 831 1797 945 Spiritus ubi uult spirat, & uocem eius audis, sed nescis unde ueniat, aut quo ua¬
111 895 1795 991 dat. Et Paulus, Si orem lingua, inquit, spiritus meus orat, at mens mea fructu ua¬
109 958 1770 1032 cat. En spiritum usurpat apostolus pro fsatu uel uoce. Nam linguae subiungit &
113 1008 1763 1099 menti opponit. Per metaphoram transfertur ad omnem incorpoream substantiam
115 1056 1792 1151 opponiturque corpori. Spiritus ergo significat angelum siue bonum siue malum.
109 1108 1772 1213 Propheta enim, quod & Paulus repetijt, dixit: Qui facit angelos suos spiritus, &
103 1177 1765 1271 ministros suos fiammam ignis. Item, Nonne sunt omnes administratorij spiritus?
116 1223 1753 1322 Haec testimonia de bonis intelliguntur: quando de malis loquitur scriptura, fer
113 1289 1757 1371 addit aliquid, ut spiritus malus, uel spiritus immundus. Appellamus & spectra¬
106 1343 1756 1444 uel species, assumpta aliqua forma obscuriore, spiritus. Sic apostoli non credente
107 1393 1784 1481 resurrexisse uero suo corpore dominum, ipsum quidem uidentes, existimarunt
106 1446 1764 1547 se uidere spiritum. Quibus ille pedes & manus ostendens, addit, Spiritus carnem
109 1500 1782 1605 & ossa non habet, sicut uidetis me habere, Rursus usurpatur Spiritus pro anima
103 1558 1782 1656 li uita, sicut & Latinis spirare uiuere, expirare mori est. Dauid, Cum dederis colli
107 1619 1780 1715 gunt, inquit : & cum aperis manum tuam, satiantur bonis : cum uero abscondis fa
100 1683 1765 1761 ciem tuam conturbantur, cum colligis spiritu eorum deficiunt, & in puluerem suum
103 1737 1778 1827 reuertuntur. Et dominus apud Mosen, Perdam, inquit, uniuersam carnem, in qua
96 1791 1777 1874 est spiritus uitae. Peculiariter item rationalis anima hominis nuncupatur spiritus,
93 1841 1775 1918 adeoque spiritus saepissime ponitur in sacris literis pro anima rationali hominis. In
103 1898 1773 2002 euangelio enim legis: Iesus inclinato capite tradidit spiritum. Et de sancto marty¬
101 1958 1771 2044 re Stephano legis: Et lapidabant Stephanum inuocantem & dicentem : Domine
94 2006 1770 2089 Iesu suscipe spiritum meum. Solomon enim prior dixit: Reuertetur puluis in ter¬
91 2073 1770 2168 ram, sicut fuit, & spiritus redibit ad deum, qui dedit illum. lam uero significat Spi
88 2131 1769 2213 ritus affectum, agitationem animi, propensionem atque impulsum. Solomon enim,
102 2171 1769 2267 Vrbi dissipatae similis est, inquit, cuius spiritus caret retinaculo. Saepe reperias po
91 2240 1749 2333 ni in scripturis spiritum superbiae, irae, libidinis aut inuidiae, pro affectione super¬
102 2284 1766 2373 ba, iracunda, libidinosa aut inuida. Dicitur & spiritus infirmitatis Lucae 13. ipsa,
100 2340 1765 2448 inquam, affectio aegra & morbi uis. Significat spiritus & spirituales motus, quos
97 2405 1764 2499 excitat in cordibus sanctorum sanctus spiritus, adeoque ipsa dona per spiritum in
91 2461 1762 2558 corda hominum transfusa. Id quod in Paulo ubique obuium est. Alicubi opponitur
94 2509 1760 2618 spiritus literae, corpori, figurae, typo uel umbrae, usurpaturque pro altiore seu mysti¬
98 2578 1759 2659 co sensu ipsoque rei nucleo: ut cum Paulus dicit. Circuncisio cordis, circuncisio est quae
91 2619 1758 2718 spiritu constat non litera. Et iterum, Dominus fecit nos idoneos ministros noui Te
94 2676 1757 2770 stamenti, non literae, sed spiritus. Nam litera occidit: spiritus uiuificat. Ergo inue¬
88 2732 1757 2834 nias spiritum poni pro inspiratione reuelatione atque doctrina. Ioannes enim, Ne
91 2803 1755 2895 credatis, inquit, cuiuis spiritui, sed probate spiritus an ex deo sint. Item, Spiritum
82 2859 1755 2949 ne extinguatis, prophetias ne aspernemini. Postremo appellatur deus immensa &
88 2905 1752 2996 ineffabilis illa uirtus spiritus. Deus, inquit, dominus noster, est spiritus, & eos qui
