2288 3632
518 262 2167 385 adorant eum, spiritu & ueritate oportet adorare. Hac ratione uocabulum spiritus
526 350 2175 424 commune est omnibus personis adorandae trinitatis : peculiariter tamen tertiae per
517 401 1915 490 sonae trinitatis accommodatur, de qua Sermonem hunc instituimus,
597 450 2176 540 Et quamuis Spiritus sanctus, eo quod deus sit, nullis possit circumscribi limi
529 507 2170 601 tibus : est enim natura sua ineffabilis, immensus, incomprehensibilis, aeternus : ut
529 567 2182 646 tamen certo ordine de eo aliquid dicam, adumbrabo saltem id quod de ipso fusis¬
532 635 2173 701 sime tradit scriptura ipsius sancti spiritus inspiratio. Spiritus sanctus est tertia in
529 682 2178 761 adoranda trinitate persona, deus uerus, ex patre & filio procedens, qui fideles il¬
522 732 2182 828 luminat, regenerat sanctificat, & omnibus bonis adimpled. Caeterum Spiritum san
530 798 2181 875 ctum tertiam esse in adoranda trinitate personam, demonstratum opinor abunde
541 846 2178 925 satis in Sermone huius Decadis 3. Equidem unica haec Saluatoris nostri sententia,
524 914 2180 987 Baptizate eos in nomen patris, & filij, & spiritus sancti, abunde confirmat pijs men
538 962 1692 1047 tibus, quod spiritus sanctus est tertia in trinitate persona.
597 1012 2179 1105 Porro deum esse uerum, eiusdem potestatis, gloriae, maiestatis & essentiae cum
537 1069 2180 1165 patre & filio, illud in primis arguit quod tertia est in sancta trinitate persona. Ne¬
541 1126 2179 1220 que cogitandum est hunc illis minorem esse quod tertio loco numeratur. Nam li
535 1192 2182 1282 cet ordine commemorentur at nobis trinitas beata, nullus tamen gradus, nullum tem
539 1240 2185 1337 pus, nullus locus aut numerus est in benedicta trinitate. Nam secundum scriptu¬
539 1296 2185 1378 ram confessus est beatus Athanasius, & dixit, Fides catholica haec est, ut unum deum
543 1362 2185 1434 in trinitate, & trinitatem in unitate, ueneremur: neque confundentes personas, neque
546 1408 2182 1491 substantiam separantes. Alia est enim persona patris, alia filij, alia spiritus sancti:
546 1472 2191 1546 sed patris & filij & spiritus sancti una est diuinitas, aequalis gloria, coaeterna maie¬
536 1518 2188 1602 stas. Qualis pater, talis filius, talis spiritus sanctus. Increatus pater, increatus fi-
548 1575 2190 1661 lius, increatus spiritus sanctus. Immensus pater, immensus filius, immensus spiri¬
541 1634 2193 1716 tus sanctus. Aeternus pater, aeternus filius, aeternus spiritus sanctus : & tamen non
552 1687 2193 1780 tres aeterni, sed unus aeternus, &c. Sed & S. Augustinus libro de Trinitate 15. cap.
548 1753 2200 1825 26. In illa summa trinitate, ait, quae deus est, interualla temporum nulla sunt, per
550 1806 2193 1878 quae possit ostendi aut saltem requiri, Vtrum prius de patre natus sit filius, & po¬
555 1861 2197 1942 stea de ambobus processerit spiritus sanctus. Et reliqua. Certe conmfitemur unum
550 1920 2192 1994 esse deum patrem, filium, & spiritum sanctum, & hunc esse aeternium. Neminem
552 1965 2198 2044 ergo conturbet quod ultimo loco ponitur spiritus. Nam cum aposstolus in episto¬
553 2021 2190 2103 la ad Corinthios benedictionem contexit, Gratia domini nostri Iesu Christi, in¬
555 2075 2197 2165 quit, & dilectio dei & communicatio sancti spiritus sit cum omnibus uobis. Vlti¬
558 2131 2202 2226 mo quidem loco commemorat spiritum : uerum idem Paulus, Diuisiones dono¬
546 2190 2197 2277 rum sunt, ait, sed idem spiritus : & diuisiones ministeriorum sunt, sed idem domi¬
555 2245 2194 2325 nus: & diuisiones operationum sunt, sed idem est deus, efficiens omnia in omni-
559 2303 2203 2388 bus : primo utique loco constituens spiritum, docens ordinem nominum non face¬
558 2369 2199 2435 re dignitatum differentiam. Hac ratione etiam in priore testimonio patri filium
559 2413 2205 2507 praeposuit, non euertens ordinem, quem posuit apud Matthaeum dominus : sed
552 2472 2206 2547 trinitatis in honore aequalitatem ostendens. Quid enim clarius dicas, quam quod
558 2529 2203 2609 scriptura dicit spiritum sanctum sanctificare, renouare, regenerare, uiuificare ac sal¬
555 2584 2202 2669 uare: Hae autem sunt operationes soli deo congruentes. Ex operationibus itaque ma
552 2640 2202 2726 nifeste agnoscimus spiritum sanctum esse deum, eiusdem essentiae & petentiae cum
562 2703 2197 2783 patre & filioi Est enim spiritus sanctus ab eterno ante omnes creaturas uisibiles et
565 2757 2200 2835 inuisibiles, creator non creatura, testificante lob, Spiritus eius ornauit coelos. I¬
560 2806 2206 2888 tem, Spiritus dei condidit me, & afflatus omnipotentis indidit mihi uitam. a¬
571 2858 2203 2953 charias sacerdos pater Ioan. Baptistae, Benedictus, inquit, dominus deus lsrael,
