<?xml version="1.0" encoding="UTF-8" standalone="yes"?>
<PcGts xmlns="http://schema.primaresearch.org/PAGE/gts/pagecontent/2013-07-15" xmlns:xsi="http://www.w3.org/2001/XMLSchema-instance" xsi:schemaLocation="http://schema.primaresearch.org/PAGE/gts/pagecontent/2013-07-15 http://schema.primaresearch.org/PAGE/gts/pagecontent/2013-07-15/pagecontent.xsd">
    <Metadata>
        <Creator>prov=University of Rostock/Institute of Mathematics/CITlab|PLANET AI GmbH/Gundram Leifert/gundram.leifert@planet-ai.de:name=cod-a3V3DV-m3(htr_id=25165)::::v=2.6.6
prov=University of Rostock/Institute of Mathematics/CITlab|PLANET AI GmbH/Tobias Gruening/tobias.gruening@planet-ai.de:name=de.uros.citlab.module.baseline2polygon.B2PSeamMultiOriented:v=2.6.6
prov=University of Rostock/Institute of Mathematics/CITlab|PLANET AI GmbH/Tobias Gruening/tobias.gruening@planet-ai.de:name=/net_tf/LA73_249_0mod360.pb:de.uros.citlab.segmentation.CITlab_LA_ML:v=2.6.6
Transkribus</Creator>
        <Created>2019-12-04T11:29:24.186-05:00</Created>
        <LastChange>2020-07-05T16:07:54.410+02:00</LastChange>
        <TranskribusMetadata docId="284697" pageId="11502001" pageNr="516" tsid="33489549" status="IN_PROGRESS" userId="25065" imgUrl="https://files.transkribus.eu/Get?id=DFGYETEWAQTYYQTCRLEHCUNB&amp;fileType=view" xmlUrl="https://files.transkribus.eu/Get?id=XMDAJJSQVJWQQCUJCALLOGCI" imageId="7898486"/>
    </Metadata>
    <Page imageFilename="515.jpg" imageWidth="2288" imageHeight="3632">
        <ReadingOrder>
            <OrderedGroup id="ro_1596925419156" caption="Regions reading order">
                <RegionRefIndexed index="0" regionRef="r2"/>
            </OrderedGroup>
        </ReadingOrder>
        <TextRegion orientation="0.0" id="r2" custom="readingOrder {index:0;}">
            <Coords points="545,231 545,3024 2207,3024 2207,231"/>
            <TextLine id="r2l2" custom="readingOrder {index:0;}">
                <Coords points="536,354 2202,338 2201,282 2141,273 535,295"/>
                <Baseline points="545,338 627,338 709,338 792,338 874,336 956,336 1039,335 1121,335 1203,333 1286,332 1368,331 1450,330 1533,329 1615,327 1697,326 1780,326 1862,324 1944,324 2027,323 2109,323 2192,323"/>
                <TextEquiv>
                    <Unicode>Paulus, Deus est, inquit, qui unxit nos, qui etiam obsignauit nos, deditque arrham </Unicode>
                </TextEquiv>
            </TextLine>
            <TextLine id="r2l3" custom="readingOrder {index:1;}">
                <Coords points="538,406 2184,395 2161,331 537,355"/>
                <Baseline points="549,396 630,395 711,394 792,393 874,392 955,392 1036,390 1117,389 1199,389 1280,387 1361,387 1442,386 1524,384 1605,384 1686,383 1767,383 1849,381 1930,381 2011,380 2092,380 2174,378"/>
                <TextEquiv>
                    <Unicode>spiritus in cordibus nostris. Nunc enim non tantum unctio nuncupatur spiritus</Unicode>
                </TextEquiv>
            </TextLine>
            <TextLine id="r2l4" custom="readingOrder {index:2;}">
                <Coords points="541,470 2197,446 2196,403 2050,390 540,406"/>
                <Baseline points="551,450 632,450 714,450 796,449 878,449 959,447 1041,446 1123,446 1205,444 1286,444 1368,443 1450,441 1532,441 1613,440 1695,439 1777,438 1859,437 1940,437 2022,435 2104,435 2186,434"/>
                <TextEquiv>
                    <Unicode>sanctus, sed &amp; obsignatio uel arrhabo salutis nostrae. Aggae enim siue aegpaecop pars</Unicode>
                </TextEquiv>
            </TextLine>
            <TextLine id="r2l5" custom="readingOrder {index:3;}">
                <Coords points="547,521 2117,515 2199,499 2199,444 547,476"/>
                <Baseline points="557,506 638,506 720,506 801,504 883,504 965,503 1046,503 1128,501 1210,501 1291,500 1373,498 1455,497 1536,497 1618,495 1700,494 1781,494 1863,492 1945,492 2026,491 2108,491 2190,491"/>
                <TextEquiv>
                    <Unicode>est solutionis, quae fidem facit totius summae persoluendae, pignus scilicet. Et spiri</Unicode>
                </TextEquiv>
            </TextLine>
            <TextLine id="r2l6" custom="readingOrder {index:4;}">
                <Coords points="541,573 2144,567 2185,501 541,530"/>
                <Baseline points="551,563 632,561 713,561 794,560 875,560 957,558 1038,557 1119,557 1200,555 1281,555 1363,554 1444,554 1525,552 1606,552 1687,551 1769,550 1850,549 1931,548 2012,548 2093,547 2175,546"/>
                <TextEquiv>
                    <Unicode>tus quidem sanctus testificatur nunc, imo &amp; obsignat certificatque quod simus filij</Unicode>
                </TextEquiv>
            </TextLine>
            <TextLine id="r2l7" custom="readingOrder {index:5;}">
                <Coords points="538,633 2164,628 2188,570 538,586"/>
                <Baseline points="549,618 630,617 711,617 793,617 874,615 956,615 1037,614 1118,612 1200,612 1281,611 1363,611 1444,609 1525,608 1607,607 1688,606 1770,605 1851,605 1932,603 2014,603 2095,603 2177,602"/>
                <TextEquiv>
                    <Unicode>dei, aliqueando autem recipiendi in aeternam haereditatem. Paulus enim rursus, </Unicode>
                </TextEquiv>
            </TextLine>
            <TextLine id="r2l8" custom="readingOrder {index:6;}">
                <Coords points="541,693 2191,679 2190,620 2108,616 540,637"/>
                <Baseline points="551,674 632,674 713,672 795,672 876,672 958,671 1039,671 1121,669 1202,668 1284,668 1365,666 1446,665 1528,665 1609,663 1691,663 1772,662 1854,660 1935,660 2017,659 2098,659 2180,659"/>
                <TextEquiv>
                    <Unicode>Obsignati estis, inquit, spiritu promisionis sancto, qui est arrhabo haereditatis no</Unicode>
                </TextEquiv>
            </TextLine>
            <TextLine id="r2l9" custom="readingOrder {index:7;}">
                <Coords points="549,742 2160,740 2197,686 549,687"/>
                <Baseline points="560,731 641,730 722,729 803,728 885,727 966,726 1047,725 1129,723 1210,723 1291,722 1373,721 1454,720 1535,719 1616,719 1698,717 1779,717 1860,716 1942,716 2023,716 2104,716 2186,716"/>
                <TextEquiv>
                    <Unicode>strae, in redemptionem acquisitae possessionis, in laudem gloriae ipsius. Ephes i.</Unicode>
                </TextEquiv>
            </TextLine>
            <TextLine id="r2l10" custom="readingOrder {index:8;}">
                <Coords points="553,799 2144,794 2199,734 553,760"/>
                <Baseline points="563,788 644,786 725,786 806,785 888,783 969,782 1050,780 1132,780 1213,779 1294,777 1376,776 1457,776 1538,774 1619,773 1701,773 1782,771 1863,771 1945,771 2026,770 2107,770 2189,770"/>
                <TextEquiv>
                    <Unicode>cap. Ea certificatio mirum in modum confirmat mentes fidelium in tentationibus</Unicode>
                </TextEquiv>
            </TextLine>
            <TextLine id="r2l11" custom="readingOrder {index:9;}">
                <Coords points="554,863 2148,851 2191,787 553,807"/>
                <Baseline points="563,842 643,842 724,842 805,840 886,840 967,839 1048,837 1129,836 1210,836 1291,834 1372,833 1452,831 1533,831 1614,830 1695,828 1776,828 1857,827 1938,827 2019,827 2100,827 2181,827"/>
                <TextEquiv>
                    <Unicode>consolaturque, animat praeterea ad patientiam in aduersis, &amp; ad sanctimoniam ui¬</Unicode>
                </TextEquiv>
            </TextLine>
            <TextLine id="r2l12" custom="readingOrder {index:10;}">
                <Coords points="551,914 2079,911 2192,895 2192,835 550,865"/>
                <Baseline points="560,899 641,899 722,897 803,896 884,896 965,894 1046,893 1127,891 1208,891 1289,890 1370,888 1451,887 1532,887 1613,885 1694,885 1775,884 1856,884 1937,882 2018,882 2099,882 2181,882"/>
                <TextEquiv>
                    <Unicode>tae. Hinc enim dixit beatus Ioannes, Vos ex deo estis filioli, &amp; uicistis eos, quoniam</Unicode>
                </TextEquiv>
            </TextLine>
            <TextLine id="r2l13" custom="readingOrder {index:11;}">
                <Coords points="549,970 2193,954 2178,895 1955,891 549,925"/>
                <Baseline points="560,956 641,954 722,954 803,953 884,951 965,951 1046,950 1128,948 1209,947 1290,946 1371,945 1452,944 1533,942 1614,942 1696,941 1777,940 1858,939 1939,939 2020,938 2101,938 2183,938"/>
                <TextEquiv>
                    <Unicode>maior est qui in uobis est, quam qui in mundo. Et iterum, Nunc filij dei sumus, &amp; </Unicode>
                </TextEquiv>
            </TextLine>
            <TextLine id="r2l14" custom="readingOrder {index:12;}">
                <Coords points="546,1020 2096,1018 2190,1011 2190,962 546,977"/>
                <Baseline points="557,1010 638,1010 719,1008 800,1008 881,1007 962,1005 1043,1005 1125,1004 1206,1002 1287,1002 1368,1001 1449,999 1530,999 1611,998 1693,998 1774,996 1855,996 1936,995 2017,995 2098,995 2180,995"/>
                <TextEquiv>
                    <Unicode>nondum apparuit quod futuri sumus: scimus autem, quoniam si apparuerit, simi</Unicode>
                </TextEquiv>
            </TextLine>
            <TextLine id="r2l15" custom="readingOrder {index:13;}">
                <Coords points="552,1083 2202,1063 2201,1007 2059,1000 551,1025"/>
                <Baseline points="563,1065 644,1065 725,1064 807,1064 888,1062 970,1062 1051,1061 1133,1059 1214,1059 1296,1058 1377,1056 1458,1056 1540,1055 1621,1055 1703,1053 1784,1053 1866,1053 1947,1052 2029,1052 2110,1052 2192,1052"/>
                <TextEquiv>
                    <Unicode>les ei erimus: quoniam uidebimus eum sicuti est. Et omnis qui habet hanc spem in</Unicode>
                </TextEquiv>
            </TextLine>
            <TextLine id="r2l16" custom="readingOrder {index:14;}">
                <Coords points="549,1147 1284,1127 1269,1069 548,1084"/>
                <Baseline points="558,1124 593,1122 629,1122 665,1121 701,1121 737,1120 772,1119 808,1119 844,1119 880,1118 916,1118 951,1118 987,1118 1023,1116 1059,1116 1095,1116 1130,1116 1166,1116 1202,1115 1238,1115 1274,1115"/>
                <TextEquiv>
                    <Unicode>eo, purificat se, sicut &amp; ille purus est. </Unicode>
                </TextEquiv>
            </TextLine>
            <TextLine id="r2l17" custom="readingOrder {index:15;}">
                <Coords points="640,1191 2201,1188 2201,1128 639,1135"/>
                <Baseline points="650,1178 727,1176 804,1176 881,1175 958,1173 1035,1173 1112,1172 1189,1170 1266,1170 1343,1169 1420,1168 1497,1167 1574,1166 1651,1166 1728,1166 1805,1164 1882,1164 1959,1164 2036,1164 2113,1164 2190,1164"/>
                <TextEquiv>
                    <Unicode>Quemadmodum uero spiritus sanctus nexus est ineffabilis, quo aeterna con-</Unicode>
                </TextEquiv>
            </TextLine>
            <TextLine id="r2l18" custom="readingOrder {index:16;}">
                <Coords points="557,1248 2110,1240 2199,1235 2199,1187 557,1192"/>
                <Baseline points="567,1233 648,1232 729,1232 810,1230 891,1230 972,1229 1053,1227 1134,1227 1215,1226 1296,1225 1378,1224 1459,1223 1540,1223 1621,1221 1702,1221 1783,1221 1864,1220 1945,1220 2026,1220 2107,1220 2189,1220"/>
                <TextEquiv>
                    <Unicode>cordia inseparabiliter sibi iunctae sunt tres personae. Ita idem indissolubili uinculo</Unicode>
                </TextEquiv>
            </TextLine>
            <TextLine id="r2l19" custom="readingOrder {index:17;}">
                <Coords points="557,1309 2205,1295 2204,1243 2080,1228 556,1247"/>
                <Baseline points="567,1290 648,1289 729,1287 810,1286 892,1286 973,1284 1054,1283 1136,1283 1217,1281 1298,1281 1380,1280 1461,1280 1542,1278 1623,1278 1705,1277 1786,1277 1867,1276 1949,1275 2030,1275 2111,1274 2193,1274"/>
                <TextEquiv>
                    <Unicode>sponsam Christi coniungit sponso suo, omniaque mystici corporis membra sempi-</Unicode>
                </TextEquiv>
            </TextLine>
            <TextLine id="r2l20" custom="readingOrder {index:18;}">
                <Coords points="551,1363 2201,1349 2200,1299 1969,1283 550,1307"/>
                <Baseline points="561,1344 642,1344 723,1343 805,1343 886,1341 968,1341 1049,1340 1131,1338 1212,1337 1294,1337 1375,1335 1456,1334 1538,1334 1619,1332 1701,1332 1782,1331 1864,1331 1945,1331 2027,1331 2108,1331 2190,1332"/>
                <TextEquiv>
                    <Unicode>terno foedere inter sese copulat. Nam sicut membra corporis nostri cohaerent inte</Unicode>
                </TextEquiv>
            </TextLine>
            <TextLine id="r2l21" custom="readingOrder {index:19;}">
                <Coords points="560,1421 2210,1407 2162,1344 559,1363"/>
                <Baseline points="569,1400 650,1400 732,1398 813,1398 895,1397 976,1395 1058,1395 1139,1394 1221,1394 1302,1392 1384,1392 1465,1391 1547,1391 1628,1389 1710,1389 1791,1389 1873,1388 1954,1388 2036,1388 2117,1388 2199,1388"/>
                <TextEquiv>
                    <Unicode>gra, beneficio spiritus, ita corpus Christi mysticum conglutinatur per spiritum</Unicode>
                </TextEquiv>
            </TextLine>
            <TextLine id="r2l22" custom="readingOrder {index:20;}">
                <Coords points="554,1474 2112,1474 2214,1461 2214,1409 554,1423"/>
                <Baseline points="564,1455 646,1454 728,1454 810,1454 892,1452 974,1452 1056,1451 1138,1449 1220,1449 1302,1448 1384,1446 1466,1446 1548,1445 1630,1445 1712,1445 1794,1443 1876,1443 1958,1443 2040,1443 2122,1443 2205,1445"/>
                <TextEquiv>
                    <Unicode>sanctum. Nihil itaque mirum est quod hic charitatis nomine insignitur, qui &amp; cor¬</Unicode>
                </TextEquiv>
            </TextLine>
            <TextLine id="r2l23" custom="readingOrder {index:21;}">
                <Coords points="551,1534 1212,1522 1251,1516 1251,1470 550,1481"/>
                <Baseline points="560,1511 594,1511 628,1511 662,1510 696,1509 730,1509 764,1509 798,1509 832,1509 866,1509 900,1508 934,1508 968,1508 1002,1508 1036,1508 1070,1506 1104,1506 1138,1506 1172,1506 1206,1505 1241,1505"/>
                <TextEquiv>
                    <Unicode>dibus nostris charitatem infundit.</Unicode>
                </TextEquiv>
            </TextLine>
            <TextLine id="r2l24" custom="readingOrder {index:22;}">
                <Coords points="640,1574 2196,1574 2179,1510 1886,1496 640,1524"/>
                <Baseline points="651,1566 727,1565 804,1565 881,1564 958,1563 1034,1562 1111,1562 1188,1562 1265,1560 1341,1560 1418,1559 1495,1559 1572,1559 1648,1557 1725,1557 1802,1557 1879,1557 1955,1557 2032,1557 2109,1557 2186,1557"/>
                <TextEquiv>
                    <Unicode>Vtcunque uero ex his nominibus sancti spiritus intelligi possit operatio eius, </Unicode>
                </TextEquiv>
            </TextLine>
            <TextLine id="r2l25" custom="readingOrder {index:23;}">
                <Coords points="562,1644 2200,1628 2168,1564 562,1582"/>
                <Baseline points="572,1623 652,1622 733,1622 814,1620 895,1619 976,1619 1057,1617 1137,1617 1218,1616 1299,1614 1380,1614 1461,1613 1542,1613 1623,1613 1703,1613 1784,1611 1865,1611 1946,1611 2027,1612 2108,1613 2189,1613"/>
                <TextEquiv>
                    <Unicode>subiiciam tamen testimonia scripturae aliquot, ex quibus plenius intelligatur uir¬</Unicode>
                </TextEquiv>
            </TextLine>
            <TextLine id="r2l26" custom="readingOrder {index:24;}">
                <Coords points="557,1695 2176,1693 2196,1625 556,1646"/>
                <Baseline points="567,1680 652,1679 737,1677 822,1676 907,1675 993,1674 1078,1673 1163,1673 1248,1671 1333,1671 1419,1670 1504,1670 1589,1670 1674,1668 1759,1668 1845,1668 1930,1668 2015,1668 2100,1667 2186,1667"/>
                <TextEquiv>
                    <Unicode>tus siue effectus eius, in nobis maxime. lsaias in principio fere libri sui describens</Unicode>
                </TextEquiv>
            </TextLine>
            <TextLine id="r2l27" custom="readingOrder {index:25;}">
                <Coords points="557,1760 2212,1739 2211,1683 2061,1676 557,1702"/>
                <Baseline points="567,1734 648,1733 730,1733 812,1731 893,1731 975,1730 1057,1730 1138,1728 1220,1728 1302,1727 1384,1727 1465,1726 1547,1725 1629,1725 1710,1725 1792,1724 1874,1724 1955,1724 2037,1724 2119,1724 2201,1724"/>
                <TextEquiv>
                    <Unicode>personam regis Messiae, inter alia dicit: Super quo spiritus domini requiescet, spi¬</Unicode>
                </TextEquiv>
            </TextLine>
            <TextLine id="r2l28" custom="readingOrder {index:26;}">
                <Coords points="565,1803 2199,1791 2178,1734 565,1762"/>
                <Baseline points="575,1787 655,1787 736,1787 817,1785 897,1785 978,1784 1059,1784 1139,1782 1220,1782 1301,1781 1382,1781 1462,1779 1543,1779 1624,1779 1704,1778 1785,1778 1866,1778 1946,1778 2027,1779 2108,1779 2189,1781"/>
                <TextEquiv>
                    <Unicode>ritus sapientiae &amp; intelligentiae, spiritus consilij &amp; fortitudinis, spiritus scientiae &amp;</Unicode>
                </TextEquiv>
            </TextLine>
            <TextLine id="r2l29" custom="readingOrder {index:27;}">
                <Coords points="559,1861 2005,1859 2204,1846 2204,1798 558,1810"/>
                <Baseline points="569,1844 650,1844 731,1842 812,1841 894,1841 975,1839 1056,1839 1138,1838 1219,1838 1300,1836 1382,1836 1463,1836 1544,1835 1625,1835 1707,1835 1788,1835 1869,1835 1951,1835 2032,1835 2113,1835 2195,1835"/>
                <TextEquiv>
                    <Unicode>timoris domini, &amp; faciet eum spirare timorem domini. Multis quidem membris</Unicode>
                </TextEquiv>
            </TextLine>
            <TextLine id="r2l30" custom="readingOrder {index:28;}">
                <Coords points="557,1915 2172,1910 2209,1843 557,1861"/>
                <Baseline points="567,1899 648,1898 730,1898 811,1896 893,1896 975,1895 1056,1895 1138,1893 1219,1893 1301,1893 1383,1892 1464,1892 1546,1892 1627,1891 1709,1890 1791,1890 1872,1890 1954,1890 2035,1890 2117,1890 2199,1890"/>
                <TextEquiv>
                    <Unicode>exposits nondum omnes spiritus uires enarrauit. Proinde non est quod in arctum</Unicode>
                </TextEquiv>
            </TextLine>
            <TextLine id="r2l31" custom="readingOrder {index:29;}">
                <Coords points="553,1970 2183,1965 2203,1905 553,1921"/>
                <Baseline points="564,1956 645,1955 726,1953 808,1953 889,1952 971,1950 1052,1950 1134,1949 1215,1949 1297,1948 1378,1947 1459,1947 1541,1947 1622,1947 1704,1946 1785,1946 1867,1946 1948,1946 2030,1946 2111,1946 2193,1946"/>
                <TextEquiv>
                    <Unicode>septenarijque angustias cum uulgo concludamus uires uel dona spiritus. Audiui¬ </Unicode>
                </TextEquiv>
            </TextLine>
            <TextLine id="r2l32" custom="readingOrder {index:30;}">
                <Coords points="554,2032 2204,2014 2152,1955 553,1970"/>
                <Baseline points="564,2010 645,2010 726,2009 808,2008 889,2007 971,2007 1052,2006 1134,2006 1215,2004 1297,2004 1378,2004 1459,2004 1541,2003 1622,2003 1704,2003 1785,2003 1867,2001 1948,2001 2030,2001 2111,2001 2193,2001"/>
                <TextEquiv>
                    <Unicode>mus enim hactenus esse spiritum promisionis, doctrinae, humilitatis &amp; mansue¬</Unicode>
                </TextEquiv>
            </TextLine>
            <TextLine id="r2l33" custom="readingOrder {index:31;}">
                <Coords points="559,2085 2191,2083 2205,2013 559,2036"/>
                <Baseline points="570,2067 651,2066 732,2066 813,2064 895,2064 976,2063 1057,2063 1138,2062 1220,2061 1301,2061 1382,2060 1463,2060 1545,2060 1626,2058 1707,2058 1788,2058 1870,2057 1951,2057 2032,2057 2113,2057 2195,2057"/>
                <TextEquiv>
                    <Unicode>tudinis, &amp;c. Quibus insuper haec quoque plurima connumerantur. Est enim spiri¬</Unicode>
                </TextEquiv>
            </TextLine>
            <TextLine id="r2l34" custom="readingOrder {index:32;}">
                <Coords points="567,2136 2203,2145 2202,2082 2103,2066 567,2091"/>
                <Baseline points="578,2121 658,2121 739,2121 820,2120 900,2120 981,2120 1062,2118 1142,2118 1223,2117 1304,2117 1385,2117 1465,2115 1546,2115 1627,2114 1707,2114 1788,2114 1869,2112 1949,2112 2030,2112 2111,2111 2192,2111"/>
                <TextEquiv>
                    <Unicode>tus sapientiae. Haec uero quanta sit &amp; quam late pateat, claret uel in rebus Solomo</Unicode>
                </TextEquiv>
            </TextLine>
            <TextLine id="r2l35" custom="readingOrder {index:33;}">
                <Coords points="566,2203 1995,2196 2205,2143 565,2147"/>
                <Baseline points="576,2178 657,2177 738,2177 819,2175 900,2175 981,2174 1062,2174 1143,2174 1224,2172 1305,2172 1386,2172 1467,2171 1548,2171 1629,2171 1710,2169 1791,2169 1872,2169 1953,2169 2034,2168 2115,2168 2196,2168"/>
                <TextEquiv>
                    <Unicode>nis. Sapientiae coniungitur intelligentia, quae dicitur esse praxis &amp; applicatio sa¬</Unicode>
                </TextEquiv>
            </TextLine>
            <TextLine id="r2l36" custom="readingOrder {index:34;}">
                <Coords points="557,2264 2155,2250 2211,2243 2210,2175 556,2202"/>
                <Baseline points="567,2234 648,2234 730,2232 812,2232 893,2232 975,2231 1057,2231 1138,2229 1220,2229 1302,2228 1384,2228 1465,2226 1547,2226 1629,2226 1710,2225 1792,2225 1874,2224 1955,2223 2037,2223 2119,2223 2201,2223"/>
                <TextEquiv>
                    <Unicode>pientiae, rebus, locis, temporibus &amp; personis attemperata. Consilium autem requi </Unicode>
                </TextEquiv>
            </TextLine>
            <TextLine id="r2l37" custom="readingOrder {index:35;}">
                <Coords points="568,2312 2200,2294 2177,2237 2008,2229 568,2260"/>
                <Baseline points="578,2289 658,2289 739,2288 819,2288 900,2286 980,2286 1061,2286 1141,2285 1222,2285 1302,2283 1383,2283 1464,2282 1544,2282 1625,2282 1705,2280 1786,2280 1866,2280 1947,2280 2027,2279 2108,2279 2189,2279"/>
                <TextEquiv>
                    <Unicode>ritur &amp; datur in rebus dubijs, &amp; quid commodissime agamus ostendit. Fortitudo</Unicode>
                </TextEquiv>
            </TextLine>
            <TextLine id="r2l38" custom="readingOrder {index:36;}">
                <Coords points="566,2365 2212,2362 2212,2292 566,2314"/>
                <Baseline points="576,2346 657,2345 738,2345 819,2343 901,2343 982,2342 1063,2342 1144,2342 1226,2340 1307,2340 1388,2339 1469,2339 1551,2339 1632,2337 1713,2337 1794,2337 1876,2336 1957,2336 2038,2336 2119,2335 2201,2334"/>
                <TextEquiv>
                    <Unicode>uires ac constantiam sufficit exequendi perficiendique, adde &amp; patienter perferen</Unicode>
                </TextEquiv>
            </TextLine>
            <TextLine id="r2l39" custom="readingOrder {index:37;}">
                <Coords points="558,2421 2212,2410 2177,2356 1930,2343 558,2366"/>
                <Baseline points="569,2400 650,2400 732,2400 813,2399 895,2399 977,2399 1058,2397 1140,2397 1222,2397 1303,2396 1385,2396 1467,2394 1548,2394 1630,2394 1712,2393 1793,2393 1875,2393 1957,2393 2038,2393 2120,2391 2202,2391"/>
                <TextEquiv>
                    <Unicode>di, quae consilio uel facienda uel patienda esse didicimus. lam uero Scientia expe¬</Unicode>
                </TextEquiv>
            </TextLine>
            <TextLine id="r2l40" custom="readingOrder {index:38;}">
                <Coords points="554,2483 2212,2458 2191,2404 553,2419"/>
                <Baseline points="564,2457 645,2457 727,2456 809,2456 891,2454 973,2454 1055,2453 1136,2453 1218,2451 1300,2451 1382,2450 1464,2450 1546,2450 1628,2448 1709,2448 1791,2448 1873,2448 1955,2448 2037,2448 2119,2448 2201,2448"/>
                <TextEquiv>
                    <Unicode>rientia est, longo usu &amp; tempore conquisita. Accedit hi timor, id est, pietas &amp; ue</Unicode>
                </TextEquiv>
            </TextLine>
            <TextLine id="r2l41" custom="readingOrder {index:39;}">
                <Coords points="558,2534 2206,2526 2205,2471 2071,2455 557,2483"/>
                <Baseline points="567,2514 648,2513 729,2513 811,2511 892,2511 974,2510 1055,2510 1136,2508 1218,2508 1299,2507 1381,2507 1462,2507 1543,2505 1625,2505 1706,2505 1788,2504 1869,2504 1950,2504 2032,2504 2113,2502 2195,2502"/>
                <TextEquiv>
                    <Unicode>ra religio, ad quam nisi referamus omnia nostra dicta &amp; facta, nihil proderit sapien¬</Unicode>
                </TextEquiv>
            </TextLine>
            <TextLine id="r2l42" custom="readingOrder {index:40;}">
                <Coords points="565,2592 2085,2584 2204,2575 2204,2534 564,2536"/>
                <Baseline points="575,2570 656,2570 737,2568 818,2567 899,2567 980,2565 1061,2565 1142,2564 1223,2564 1304,2564 1385,2562 1466,2562 1547,2562 1628,2562 1709,2561 1790,2561 1871,2561 1952,2561 2033,2559 2114,2559 2195,2559"/>
                <TextEquiv>
                    <Unicode>tia, intelligentia, consilium, fortitudo &amp; scientia. Breuiter, quisquis spiritu dei fue¬</Unicode>
                </TextEquiv>
            </TextLine>
            <TextLine id="r2l43" custom="readingOrder {index:41;}">
                <Coords points="554,2642 2185,2636 2218,2584 553,2584"/>
                <Baseline points="564,2625 646,2625 728,2624 810,2624 892,2622 974,2622 1056,2621 1139,2621 1221,2620 1303,2619 1385,2619 1467,2619 1549,2618 1631,2618 1714,2618 1796,2618 1878,2616 1960,2616 2042,2616 2124,2616 2207,2615"/>
                <TextEquiv>
                    <Unicode>rit donatus, spirabit timorem dei quicquid uel dicet uel faciet, denique omnia dicet</Unicode>
                </TextEquiv>
            </TextLine>
            <TextLine id="r2l44" custom="readingOrder {index:42;}">
                <Coords points="568,2693 2206,2694 2205,2630 568,2640"/>
                <Baseline points="578,2681 658,2681 739,2679 820,2679 901,2679 982,2678 1063,2678 1143,2676 1224,2676 1305,2676 1386,2675 1467,2675 1548,2675 1629,2673 1709,2673 1790,2673 1871,2673 1952,2673 2033,2672 2114,2672 2195,2672"/>
                <TextEquiv>
                    <Unicode>&amp; faciet ad gloriam dei, &amp; omnia quidem haec ex unico spiritus sancti fonte gratis</Unicode>
                </TextEquiv>
            </TextLine>
            <TextLine id="r2l45" custom="readingOrder {index:43;}">
                <Coords points="564,2761 603,2752 623,2763 644,2744 691,2760 751,2747 809,2764 829,2745 889,2744 982,2760 981,2701 963,2697 847,2691 794,2706 718,2690 689,2709 662,2694 615,2703 563,2691"/>
                <Baseline points="573,2739 599,2738 626,2736 652,2736 679,2736 705,2735 732,2735 758,2735 785,2735 811,2735 838,2735 864,2735 891,2735 917,2735 944,2735 971,2735"/>
                <TextEquiv>
                    <Unicode>&amp; plene hauriuntur.</Unicode>
                </TextEquiv>
            </TextLine>
            <TextLine id="r2l46" custom="readingOrder {index:44;}">
                <Coords points="628,2805 2204,2794 2130,2737 628,2745"/>
                <Baseline points="638,2792 715,2792 793,2790 871,2790 949,2790 1026,2790 1104,2789 1182,2789 1260,2789 1337,2787 1415,2787 1493,2787 1571,2786 1648,2786 1726,2786 1804,2786 1882,2786 1959,2786 2037,2784 2115,2786 2193,2786"/>
                <TextEquiv>
                    <Unicode>Paulus apostolus in epistola ad Romanos mirificam sancti spiritus uim in no¬</Unicode>
                </TextEquiv>
            </TextLine>
            <TextLine id="r2l47" custom="readingOrder {index:45;}">
                <Coords points="571,2862 2151,2869 2209,2862 2209,2808 571,2815"/>
                <Baseline points="582,2849 662,2849 743,2847 824,2847 905,2847 986,2846 1066,2846 1147,2846 1228,2844 1309,2844 1390,2844 1470,2843 1551,2843 1632,2843 1713,2843 1794,2841 1874,2841 1955,2841 2036,2841 2117,2841 2198,2841"/>
                <TextEquiv>
                    <Unicode>bis operantem renatis describens, dicit. Qui in carne sunt, deo placere non possunt, </Unicode>
                </TextEquiv>
            </TextLine>
            <TextLine id="r2l48" custom="readingOrder {index:46;}">
                <Coords points="572,2931 2214,2917 2214,2869 2090,2851 572,2863"/>
                <Baseline points="582,2904 663,2904 744,2903 825,2903 906,2903 987,2903 1068,2903 1149,2901 1230,2901 1311,2901 1393,2900 1474,2900 1555,2900 1636,2898 1717,2898 1798,2898 1879,2898 1960,2898 2041,2898 2122,2897 2204,2897"/>
                <TextEquiv>
                    <Unicode>Vos autem non estis in carne, sed in spiritu, siquidem spiritus dei habitat in uo¬</Unicode>
                </TextEquiv>
            </TextLine>
            <TextLine id="r2l49" custom="readingOrder {index:47;}">
                <Coords points="559,2980 2211,2972 2211,2925 2106,2905 559,2916"/>
                <Baseline points="570,2964 651,2963 733,2961 814,2961 896,2960 977,2960 1059,2958 1140,2958 1222,2958 1303,2958 1385,2958 1467,2958 1548,2957 1630,2957 1711,2957 1793,2957 1874,2955 1956,2955 2037,2954 2119,2952 2201,2951"/>
                <TextEquiv>
                    <Unicode>bis. Quod si quis spiritum Christi non habet, hic non est eius. Porro si Christus in</Unicode>
                </TextEquiv>
            </TextLine>
            <TextEquiv>
                <Unicode>Paulus, Deus est, inquit, qui unxit nos, qui etiam obsignauit nos, deditque arrham 
spiritus in cordibus nostris. Nunc enim non tantum unctio nuncupatur spiritus
sanctus, sed &amp; obsignatio uel arrhabo salutis nostrae. Aggae enim siue aegpaecop pars
est solutionis, quae fidem facit totius summae persoluendae, pignus scilicet. Et spiri
tus quidem sanctus testificatur nunc, imo &amp; obsignat certificatque quod simus filij
dei, aliqueando autem recipiendi in aeternam haereditatem. Paulus enim rursus, 
Obsignati estis, inquit, spiritu promisionis sancto, qui est arrhabo haereditatis no
strae, in redemptionem acquisitae possessionis, in laudem gloriae ipsius. Ephes i.
cap. Ea certificatio mirum in modum confirmat mentes fidelium in tentationibus
consolaturque, animat praeterea ad patientiam in aduersis, &amp; ad sanctimoniam ui¬
tae. Hinc enim dixit beatus Ioannes, Vos ex deo estis filioli, &amp; uicistis eos, quoniam
maior est qui in uobis est, quam qui in mundo. Et iterum, Nunc filij dei sumus, &amp; 
nondum apparuit quod futuri sumus: scimus autem, quoniam si apparuerit, simi
les ei erimus: quoniam uidebimus eum sicuti est. Et omnis qui habet hanc spem in
eo, purificat se, sicut &amp; ille purus est. 
Quemadmodum uero spiritus sanctus nexus est ineffabilis, quo aeterna con-
cordia inseparabiliter sibi iunctae sunt tres personae. Ita idem indissolubili uinculo
sponsam Christi coniungit sponso suo, omniaque mystici corporis membra sempi-
terno foedere inter sese copulat. Nam sicut membra corporis nostri cohaerent inte
gra, beneficio spiritus, ita corpus Christi mysticum conglutinatur per spiritum
sanctum. Nihil itaque mirum est quod hic charitatis nomine insignitur, qui &amp; cor¬
dibus nostris charitatem infundit.
Vtcunque uero ex his nominibus sancti spiritus intelligi possit operatio eius, 
subiiciam tamen testimonia scripturae aliquot, ex quibus plenius intelligatur uir¬
tus siue effectus eius, in nobis maxime. lsaias in principio fere libri sui describens
personam regis Messiae, inter alia dicit: Super quo spiritus domini requiescet, spi¬
ritus sapientiae &amp; intelligentiae, spiritus consilij &amp; fortitudinis, spiritus scientiae &amp;
timoris domini, &amp; faciet eum spirare timorem domini. Multis quidem membris
exposits nondum omnes spiritus uires enarrauit. Proinde non est quod in arctum
septenarijque angustias cum uulgo concludamus uires uel dona spiritus. Audiui¬ 
mus enim hactenus esse spiritum promisionis, doctrinae, humilitatis &amp; mansue¬
tudinis, &amp;c. Quibus insuper haec quoque plurima connumerantur. Est enim spiri¬
tus sapientiae. Haec uero quanta sit &amp; quam late pateat, claret uel in rebus Solomo
nis. Sapientiae coniungitur intelligentia, quae dicitur esse praxis &amp; applicatio sa¬
pientiae, rebus, locis, temporibus &amp; personis attemperata. Consilium autem requi 
ritur &amp; datur in rebus dubijs, &amp; quid commodissime agamus ostendit. Fortitudo
uires ac constantiam sufficit exequendi perficiendique, adde &amp; patienter perferen
di, quae consilio uel facienda uel patienda esse didicimus. lam uero Scientia expe¬
rientia est, longo usu &amp; tempore conquisita. Accedit hi timor, id est, pietas &amp; ue
ra religio, ad quam nisi referamus omnia nostra dicta &amp; facta, nihil proderit sapien¬
tia, intelligentia, consilium, fortitudo &amp; scientia. Breuiter, quisquis spiritu dei fue¬
rit donatus, spirabit timorem dei quicquid uel dicet uel faciet, denique omnia dicet
&amp; faciet ad gloriam dei, &amp; omnia quidem haec ex unico spiritus sancti fonte gratis
&amp; plene hauriuntur.
Paulus apostolus in epistola ad Romanos mirificam sancti spiritus uim in no¬
bis operantem renatis describens, dicit. Qui in carne sunt, deo placere non possunt, 
Vos autem non estis in carne, sed in spiritu, siquidem spiritus dei habitat in uo¬
bis. Quod si quis spiritum Christi non habet, hic non est eius. Porro si Christus in</Unicode>
            </TextEquiv>
        </TextRegion>
    </Page>
</PcGts>
