2288 3632
547 300 2203 391 xit, qui in ipsis illuminator rerum diuinarum fuit, quo confirmati, pro nomine do
535 364 2201 445 mini nec carceres nec uincula timuerunt, quin imo ipsas saeculi potestates & tor
534 417 2192 507 menta calcauerunt, armati iam scilicet per ipsum atque firmati, habentes in se dona
545 474 2205 561 quae hic idem spiritus ecclesiae Christi sponsae quasi quaedam ornamenta distribuit
538 534 2198 619 & dirigit. Hic est enim qui prophetas in ecclesia constituit, magistros erudit, lin¬
535 585 2199 680 guas dirigit, uirtutes & sanitates facit, opera mirabilia gerit, discretiones spirituum
554 639 2206 728 porrigit, gubernationes contribuit, consilia suggerit, quaeque alia sunt chrismatum
551 696 2206 779 dona componit & digerit : & ideo ecclesiam domini undique & in omnibus perfe¬
550 752 2200 835 ctam & consummatam facit. Hic est qui in modum columbae, posteaquam domi¬
538 809 2211 900 nus baptisatus est, super eum uenit & mansit, habitans in solo Christo plenus &
539 881 2202 955 totus. nec in aliqua mensura aut portione mutilatus, sed cum tota sua redundan¬
549 922 2212 1013 tia cumulate admissus, ut ex illo delibationem quandam gratiarum caeteri conse
554 974 2206 1071 qui possint totius sancti spiritus in Christo fonte remanente, ut ex illo donorum
538 1041 2212 1121 atque operum uenae ducerentur, spiritu sancto in Christo affluenter habitante. Hoc
545 1099 2206 1183 etenim prophetans lsaias, aiebat: Et requiescit, inquit, super eum spiritus sapien¬
555 1150 2205 1233 tiae & intellectus, spiritus consilij & uirtutis, spiritus scientiae & pietatis, & imple
551 1210 2211 1293 uit eum spiritus timoris dei. Hoc idem atque ipsum et alio in loco ex persona ipsius
545 1259 2202 1355 domini: Spiritus domini super me, propter quod unxit me, euangelizare paupe¬
543 1315 2206 1409 ribus misit me. Similiter Dauid : Propterea unxit te deus tuus oleo laetitiae a con-
556 1372 2206 1451 sortibus tuis, De hoc apostolus Paulus: Qui enim spiritum Christi non habet, hic
546 1425 2209 1521 non est eius. Et, Vbi spiritus domini, ibi libertas. Hic est qui operatur ex aquis se
552 1484 2211 1578 cundam natiuitatem semen quoddam diuini generis & consecrator coelestis nati
564 1539 2212 1622 uitatis, pignus promissae haereditatis, & quasi chirographum quoddam aeternae sa
555 1594 2222 1678 lutis, qui nos dei faciat templum, & nos eius efficiat domum: qui interpellat diui¬
561 1663 2211 1740 nas aures gemitibus ineloquacibus aduocationis implens officia, & defensionis
567 1709 2211 1800 exhibens munera, inhabitator corporibus nostris datus, & sanctitatis effector,.
565 1770 2215 1852 qui id agens in nobis ad aeternitatem & ad resurrectionem immortalitatis corpo
552 1827 2221 1896 ra nostra producat, dum illa in se assuefacit cum coelesti uirtute misceri, & cum
563 1875 2222 1958 spiritus sancti diuina aeternitate sociari. Erudiuntur enim in illo & per ipsum cor
571 1934 2217 2024 pora nostra ad immortalitatem proficere, dum ad decreta ipsius discunt se mode
567 1986 2210 2077 ranter temperare. Hic est enim qui contra carnem desiderat, quia caro contra eum
565 2042 2209 2120 repugnat. Hic est qui inexplebiles cupiditates cohercet, immoderatas libidines
565 2110 2227 2176 frangit, illicitos ardores extinguit, fiagrantes impetus uincit, ebrietates reiicit, aua
566 2163 2215 2231 ritias repellit, luxuriosas commessationes fugit, charitates nectit, affectiones con¬
564 2206 2215 2299 stringit, sectas repellit, regulam ueritatis expedit, haereticos reuincit, improbos fo
562 2261 2226 2355 ras expuit, euangelia custodit. De hoc item apostolus: Non enim spiritum mundi
562 2322 2218 2399 accepimus, sed spiritum qui ex deo est. De hoc exultat & dicit: Puto autem quia
569 2371 2217 2457 & ego spiritum dei habeo. De hoc dicit: Et spiritus prophetarum prophetis subie¬
564 2436 2209 2513 ctus est. De hoc refert, Spiritus autem manifeste dicit quia in nouissimis tempori
567 2496 2215 2570 bus recedent quidam a fide, attendentes spiritibus seductoribus, doctrinis daemo
558 2543 2218 2628 niorum, in hypocrisi loquentium mendacia, cauteriatam habentium conscientiam
567 2597 2224 2684 suam. In hoc spiritu positus nemo unquam dicit anathema Iesum, nemo negauit
562 2651 2220 2732 Christum dei filium, aut repudiauit creatorem deum, nemo contra scripturas ul¬
564 2710 2215 2802 la uerba sua depromit, nemo alia & sacrilega decreta constituit, nemo diuersa iu
555 2762 2211 2853 ra conscribit. In hunc quisquis plasphemauerit, remissionem non habet non tan
554 2818 2209 2916 tum in isto saeculo, uerum etiam nec in futuro. Hic in apostolis Christo testimo¬
565 2880 2224 2965 nium reddit, in martyribus constantem fidem religionis ostendit, in uirginibus
552 2932 2223 3033 admirabilem continentiam signatae charitatis includit, in caeteris incorrupta &
