2288 3632
510 273 2167 353 Sadducaei, inquit, dicunt non esse resurrectionem, neque angelum, neque spiritum¬
520 352 2173 423 Pharisaei utraque confitentur. Ac reuera angelos esse testatur uniuersa scriptura,
521 391 2166 466 quae pluribus in locis commemorat ipsos apparuisse hominibus, eisque annuncias
528 466 2180 526 se uoluntatem dei, uel perfecisse alias opus eiusdem. Certe dominus lesus contra
522 502 2173 583 Sadducaeos disputans in euangelio: Erratis, inquit nescien. es scripturas, neque uir
535 576 2165 640 tutem dei. In resurrectione enim neque matrimonium contrahunt neque elocantur.
535 620 2176 692 sed sunt sicut angeli dei in coelo. Credamus ergo angelos esse. Merito enim plus fi
528 689 2187 753 dei apud nos inuenire debet filij dei authoritas, & scripturarum sanctarum ueri¬
528 747 2181 806 tas irrefragabilis, quam omnium Sadducaeorum impiorumque hominum nugae.
534 804 2182 859 Quid quod gentilium poetae & philosophi angelos, quos ipsi deos appellant, con¬
540 855 2181 917 fessi sunt? Fingentes enim deos a iustis hominibus in specie hominum hospitio
541 894 2180 982 exceptos esse, nihil aliud doctissimis quibusque sensisse uidentur, quam quod sa¬
533 960 2178 1034 crae literae commemorant Abrahamum & Loth angelos referentes homines
544 1025 2188 1091 peregrinos excepisse hospitio. Vtcunque uero hoc habeat, certissimum est ex
542 1079 2182 1154 scriptura sancta & ex uaria experientia esse beatos dei spiritus, hoc est, angelos
545 1139 685 1209 bonos.
612 1148 2184 1250 Qualis autem sit natura angelorum, exacte non potest ab ullo mortalium ex-
542 1229 2193 1324 plicari. Plurima enim sunt in ordine creaturarum, quarum natura non potest ad
549 1297 2191 1379 amussim & perfectissime exponi: possunt tamen utcunque ad captum nostrum ad
547 1358 2199 1428 umbrari. Sunt ergo qui dicunt angelos esse spiritus bonos, ministros, ignitae natu
546 1406 2203 1475 rae, in ministerium dei & bonorum conditos. Alij, Angeli sunt, inquiunt, coele¬
553 1458 2198 1534 stes spiritus, quorum ministerio & obsequio utitur deus ad exequenda omnia quae
552 1531 2194 1592 decreuit. Proinde non uidebimur toto aberrare coelo, si dicamus: Angelos esse
541 1575 2200 1641 spiritus bonos, coelestes, substantias inquam incorruptibiles, in ministerium dei
558 1634 1031 1704 & hominum conditos.
649 1670 2203 1754 Creatos esse angelos a deo, testantur scripturae propheticae & apostolicae. Nam
556 1735 2193 1818 Paulus illud citat Dauidis. Qui creat angelos suos spiritus, & ministros suos flam
559 1796 2203 1868 mam ignis. Idem apostolus, Per Christum, inquit, creata sunt omnia, quae in coelis
551 1851 2192 1937 sunt & in terra, uisibilia & inuisibilia, siue throni, siue dominationes, siue princi¬
551 1919 2205 1990 patus, siue potestates. Proinde nugas protulerunt haeretici, dicentes angelos crea
556 1966 2209 2047 tionis effectores & coeternos esse deo uniuersorum. Deus enim in tempore & an
568 2036 1581 2104 gelos & omnes alias creaturas condidit per filium.
640 2068 2213 2143 De tempore autem quando creati sint, cum luce ne ante hominem, an post
556 2133 2199 2209 hominem uniuersaque dei opera, dicat qui potest tacente scriptura certum aliquid
562 2185 2209 2276 pronunciare. Veteres scripturarum interpretes Epiphanius & Augustinus, diser
558 2249 2197 2315 te & uere fatentur de illo nihil in scripturis esse traditum. Quod autem scripturis
564 2300 2205 2368 non est traditum, non sine periculo quidem inquiritur, at sine periculo ignora¬
563 2349 2206 2428 tur. Satis est agnoscere angelos esse conditos, quandocunque demum constet con¬
571 2420 2199 2485 ditos. Agamus deo potius gratias, quod humano generi tam praestantes crearit
560 2471 2206 2537 ministros. Viuamus in conspectu sanctorum dei angelorum uitam sanctam &
568 2533 2206 2601 angelicam. Vigilemus ne sub bona specie nobis imponat, qui se transfigurat in
565 2591 880 2667 angelum lucis.
641 2624 2207 2705 lam quales creaturae sint angeli porro uidendum erit: Sunt coelestes spiritus
573 2689 2206 2762 substantiaeque incorruptibiles expeditissimaeque. Significanter dicimus angelos esse
574 2756 2202 2827 substantias, hoc est creaturas essentia praeditas. Quidam enim negant eos esse sub
567 2807 2209 2877 stantias, in propria essentia subsistentes : fingunt enim angelos nihil aliud esse
577 2876 2199 2942 quam qualitatem, motus seu inspirationes bonarum mentium. Sed scriptura
568 2932 2202 3022 canonica appellat eos ministros. Saluator noster dicit resuscitatos similes futuros
