2288 3632
226 294 1834 402 Adderem istis articulum 5. nisi hora iam praeterijsset. Differemus ergo in ser¬
155 368 1809 455 monem proximum. lam uero orabimus una omnes deum patrem nostrum qui in
144 424 1810 503 coelis est, ut per spiritum suum nobis inspirare dignetur ueram & uiuificam illam
155 474 1818 562 fidem, quae tendit in patrem & filium: in patrem ut creatorem uniuersorum: in fi-
142 530 1813 627 lium ut saluatorem totius mundi, qui ideo coelo descendit, & in utero sanctissimae
152 603 1806 682 uirginis Mariae incarnatus est, ut esset mediator inter deum & homines, atque hos
149 647 1807 720 inter se reconciliaret seu coniungeret, haberetque quod offerret ad satisfaciendum
140 711 1805 782 diuinae iustitiae, & ad purganda peccata nostra: quae & in corpore suo tulit, imo
139 759 1796 834 abstulit, omnesque fideles haeredes fecit uitae aeternae. Laudemus iam dei gratiam.
138 811 1798 907 & agamus gratias filio dei. Cui soli debetur omnis honor & gloria, in saecula sae¬
151 865 511 949 culorum, Amen
349 985 1577 1065 De posterioribus fidei Christianae articulis, symbolo apostolorum comprehensis,
700 1049 1239 1128 SERMO VIII
334 1154 1807 1229 REMVS ante omnia deum nostrum, ut is pro sua bonitate concedat
340 1216 1794 1298 nobis feliciter, expedite, & multo cum fructu procedere in explanandis
342 1268 1104 1329 alijs fidei nostrae Christianae articulis,
417 1326 1817 1392 Quintus fidei nostrae articulus hic est, TERTIA DIERE¬
142 1383 1817 1466 SVRREXIT AM ORTVIS. Et tenet quidem hic articulus fidei inter om d
140 1437 1792 1510 nes alios ferme primas. Nec sunt apostoli in alijs declarandis & confirmandis ope
136 1497 1793 1576 rosiores quam in hoc uno. Nec satis fuisset si dominus noster duntaxat pro nobis
129 1557 1814 1616 mortem oppetijsset, nisi etiam resurrexisset ex mortuis. Nam si non resurrexisset
145 1603 1814 1687 ex mortuis, sed mansisset in morte, quis persuaderet hominibus peccatum morte
139 1661 1811 1726 Christi esse expiatum, morte Christi mortem superatam, satanam deuictum, & tar¬
134 1711 1790 1800 tarum fidelibus confractum: Imo pergerent absurdi nostri homines perpetuo bla
126 1780 1787 1857 sphemare deum uerum ac spem nostram suggillare, dicereque,. Quis unquam redijt
136 1834 1784 1912 ex ijs qui mortem obierunt, ac enarrauit nobis an sit uita in alio saeculo post hanc
142 1888 1784 1969 uitam, & qualis illa sit?. Quia ergo nemo redijsse legitur, dubium relinquitur quod
128 1940 1792 2025 garriunt spermologi de uita futuri saeculi. Iccirco ut toti mundo declararet domi¬
130 2007 1788 2072 nus post hanc uitam superesse aliam uitam, animam quoque cum corpore non in¬
127 2050 1783 2132 terire, sed uiuere, tertia die redijt ad discipulos suos rediuiuus dominus noster: si¬
138 2113 1790 2190 mul etiam demostrauit expiatum esse peccatum, exarmatam mortem, deuictum
127 2165 1787 2240 diabolum, & destructum infernum. Nam aculeus mortis est peccatum. Vel sti¬
133 2225 1783 2291 pendium peccati mors est. Mortis imperium habet diabolus, & concludit ob pec¬
134 2282 1777 2350 cata in tartarum. lam itaque cum resurgit uiuus ex mortuis Christus, non potuit ei
133 2329 1787 2411 dominari mors: & quia mors dominio amisso confracta est, pari ratione consequi¬
137 2383 1787 2469 tur & diabolum & infernum per Christum esse deuictum, denique horum omnium
131 2448 1787 2520 uim & uirtutem peccatum esse expiatum. Claret ergo resurrectionem domini no
134 2498 1777 2575 stri Iesu Christi quasi certificare obsignareque salutem & redemptionem nostram,
133 2566 1775 2637 ut de ea addubitare non possimus amplius. Confitemur itaque hoc articulo, resur¬
130 2614 1782 2693 rexisse dominum nostrum Iesum Christum ex mortuis, & nobis quidem resurre¬
131 2670 1785 2747 xisse, id est nobis deleuisse peccatum, nobis deuicisse mortem, infernum, & diabo
131 2720 1781 2788 lum: iuxta illud apostoli, Deus fecit nos saluos, & uocauit uocatione sancta, non
134 2776 1784 2852 secundum opera nostra, sed secundum suum propositum & gratiam, quae data est
134 2832 1774 2914 nobis per Iesum Christum ante tempora aeterna, sed palam facta est nunc per ap¬
137 2903 1779 2974 paritionem seruatoris nostri Iesu Christi, qui mortem quidem aboleuit, uitam au
123 2957 1776 3045 tem & lucem produxit & immortalitatem per euangelium. Sunt huius generis
