2288 3632
478 298 2145 394 alia multa ad Rom. 4. & 1. Corinth. 15. Nam & in euangelio Ioannis dicit domi¬
478 371 2140 455 nus, Ego sum resurrectio & uita, qui credit in me etiamsi mortuus fuerit uiuet: &
487 446 1684 516 omnis qui uiuit & credit in me, non morietur in aeternum.
565 473 2133 553 lnspiciamus iam etiam singula uerba articuli. Confitemur dominum resurre
493 544 2139 614 xisse. Est autem resurgere, denuo surgere, surgit quod cadit. Corpus Christi ceci¬
496 600 2138 669 dit, ergo corpus Christi surgit, adeoque resurgit: id est, illud ipsum corpus Christi
487 649 2138 728 quod priusquam caderet uiuebat & operabatur, iam resurgit, rursus inquam ui¬
495 707 2138 784 uit & operatur. Vere enim Tertullianus de resurrectione carnis, Resurrectionis
492 770 2142 848 uocabulum, ait, non aliam rem uindicat quam quae cecidit, Resurgere enim non
497 819 2150 897 est nisi eius quod cecidit. Iterum enim surgendo quia cecidit resurgere dicitur, Re
492 885 2149 948 enim syllaba semper iterationi adhibetur. Proinde dum matronae euangelicae abe
496 945 2140 1003 unt ad sepulchrum uncturae corpus domini quod pependerat in cruce, audiunt
496 986 2149 1058 ab angelo domini, Quid quaeritis uiuentem cum mortuis? Non est hic, sed surre¬
491 1049 2142 1116 xit, &c. Nota est enim historia dominicae resurrectionis apud Lucam in cap. 24¬
493 1115 2145 1176 & apud Marcum in cap. 16. Petrus quoque apostolus ex Dauide resurrectionem ue¬
502 1162 2146 1239 ram astruens 2. cap. Actorum in prima illa concione sua diserte ostendit Christum
493 1219 1109 1294 uere resurrexisse ex mortuis.
583 1278 2147 1343 Deinde addimus dominum resurrexisse ex mortuis uel a mortuis. Quae par¬
506 1329 2140 1399 ticula exprimit & mortis & resurrectionis ueritatem. Corpus enim uel caro mo¬
499 1388 2149 1454 ritur & corrumpitur: atqui mortuum resuscitatur, corpus ergo uel caro resuscita
502 1441 2152 1518 tur: quasi dicat confitens, Ea qua caeteri mortales lege naturae defunctus est domi
492 1498 2140 1569 nus noster, at non mansit aut haesit inter mortuos. Eandem enim carnem quam se
507 1556 2155 1619 mel assumpserat mortalem ac per mortem deposuerat, iam resumit immortalem,
504 1604 2140 1680 Praedixerat enim Dauid, Quoniam non derelinques animam meam in inferno.
508 1674 2152 1738 neque dabis ut sanctus tuus uideat corruptionem. Est enim primogenitus resurgen
504 1714 2155 1792 tium Christus, in quo ceu in capite declarari oportuit, qualis sit futura resurre¬
510 1773 1473 1860 ctio omnium membrorum Christi in die iudicij.
575 1817 2152 1906 Hanc uero resurrectionem confitemur factam esse die tertia, a morte inquam.
508 1883 2152 1964 Deponitur enim in die parasceues a cruce & infertur sepulchro, quiescit sabbato
502 1946 2156 2011 toto, & circa principium diei primi sabbatorum, qui primus inquam occurrit in
505 1999 2143 2068 hebdomada, quae nobis hodie dominica est, resurgit circa auroram ex mortuis
504 2058 2160 2130 Quamuis ergo in euangelio Matthaei 12. cap. legamus dixisse dominum, Quem¬
502 2102 2151 2177 admodum fuit lonas in uentre ceti tribus diebus & tribus noctibus : sic erit filius
500 2175 2161 2233 hominis in corde terrae tribus diebus & tribus noctibus: attamem in capite 16. & a0¬
505 2217 2152 2287 seipsum quasi exponens loquutum id per syneldocham, dicit. Oportet me abire
501 2275 2154 2350 Hierosolymam, & multa pati a scribis & seniorib. & occidi, & tertio die resuscitari.
583 2341 2151 2405 Sextus fidei nostrae articulus hic est, ASCENDIT AD COELOS,
498 2377 2151 2462 SEDET AD DEXTERAM DEI PATRIS OMNIPOTEN¬
497 2439 2148 2522 TIS. Corpus illud quod corpori nostro consubstantiale est, desumptum ex Ma
501 2505 2145 2574 ria uirgine, adeoque ex substantia uirginis assumptum, quod pependit in cruce &
499 2568 2151 2624 excessit, sepultum est & resurrexit, illud ipsum inquam ascendit ad coelos & sedet
493 2606 2160 2697 a dextris dei patris. Nam posteaquam per dies 40. abunde satis instruxisset domi¬
499 2667 2158 2751 nus noster discipulos suos de ueritate resurrectionis suae & de regno dei, subla¬
505 2730 868 2812 tus est in coelum.
579 2777 2158 2851 Ascensione illa sua declarat uniuerso terrarum orbi dominus noster, quod sit
505 2832 2149 2903 uniuersorum dominus, omniaque sibi habeat subiecta quaecunque in coelo sunt & in
497 2890 2145 2965 terra, quod ipse sit robur nostrum, uirtus fidelium & gloriatio contra portas infe
498 2957 2144 3027 ri. Ascendens enim in coelum captiuam duxit captiuitatem, spoliatisque hostibus
