2288 3632
89 265 1754 338 pulchre se nobis nostro attemperat captui & ingenio. Loquebatur quondam ipse
101 332 1760 407 dominus ore proprio in monte Sina cum ecclesia lsraelitarum, sed cum intellexis¬
98 375 1761 449 set malle illam ipsum loqui per interpretem Mosen, accepit conditionem, & postea
98 433 1755 519 loquebatur per Mosen, huius erga illam ministerio usurpams. Posset sane deus per¬
100 484 1746 556 fectissimam fidem animis nostris infundere per spiritum sanctum, absque ulla coo¬
91 554 1744 624 peratione hominum: uerum quia sic nobis utile fore nouit, ministerium uerbi in¬
95 608 1748 686 stituit, & per praedicationem euangelij apostolicam plantat fidem. Ac illam ordi¬
92 666 1738 742 nationem semel institutam tam arcte custodit, ut cum per angelos idem facere po
88 722 1742 787 tuisset, per ipsos tamen angelos releget fide instruendos ad apostolos. Manifestum
95 767 1756 855 est enim quid angelus domini in Actis apostolorum egerit cum Cornelio quem ad
80 819 1745 909 Petri praedicationem relegat. Ergo cum deus angelorum ministerium nobis con
94 897 1747 970 gruum esse uidit, bona iam uoluntate, nulla necessitate eorum erga homines ope¬
97 947 1750 1028 ra utitur. Et angeli quidem homines impense amant, & sponte non coacte nec in¬
92 992 1738 1063 uite faciunt quod faciunt. Etenim eos non possunt non amare impensissime, quos
86 1062 1735 1137 uident creatori suo tam esse charos, ut ipsorum caussa unigenito suo non peper¬
92 1118 1734 1190 cerit, sed pro omnibus tradiderit in mortem acerbissimam. Vt hic non commemo¬
86 1170 1753 1224 rem paratissimam obedientiam, quam deo suo praestant, qui uult & iubet eos in¬
94 1217 1753 1300 seruire sibi & hominibus. Dominus in euangelio testatur angelos in coelis gaude
79 1277 1752 1358 re de conuersione peccatorum hominum. Apud achariam inducitur angelus?
81 1341 1732 1418 domini ualde solicitus de miseria captiuorum in Babylone & liberatione ex capti
94 1401 1734 1459 uitate. Quae omnia commendant nobis angelorum studia & amorem erga genus
92 1452 1738 1527 mortalium. Alioqui enim non commouentur beati illi spiritus affectionibus, soli¬
97 1505 1730 1581 citudine, tristitia, perinde ut nos in carne afficimur. Gaudent autem & exultant
98 1560 1732 1639 uti possunt gaudere beati spiritus, in quibus nihil est humanae affectionis: quae ta
88 1622 1736 1689 men non ipsis modo sed ipsi deo attribuitur, per tropum & sicut dicunt aoqeo aa
83 1669 1733 1737 dus: quo animi nostri res spirituales & diuinas ueluti per parabolas rectius & faci¬
82 1725 1734 1821 lius intelligant, cogitemus tamen perpetuo parabolas non omnia assequi, ideoque
89 1787 1508 1859 mentes ad altiora esse exaltandas, spiritualiaque iudicanda spiritualiter.
161 1831 1747 1909 Patet autem angelorum ministerium latissime, id quod recensitis aliquot spe¬
86 1895 1745 1970 ciebus quam possum breuibus & perspicuis explicabo. Principio seruiunt ipsi
83 1955 1729 2020 deo, quod iam satis declaratum arbitror praecedentibus, in omnibus. Eundem con¬
85 2012 1727 2072 celebrant laudibus sempiternis, adorantes, glorificantes & exultantes in ipso. Theo
89 2066 1731 2145 doretus enim super hac re scripturarum aliquot recitans testimonia, Angelorum
87 2126 1727 2194 ministerium, inquit, est dei laudatio, & hymnorum decantatio. De Seraphim enim
83 2184 1743 2242 dicit beatus lsaias, quod clamabant & dicebant: Sanctus, sanctus, sanctus domi¬
89 2242 1735 2311 nus deus Sabaoth: pleni sunt coeli & terra gloria eius. De Cherubim autem dixit
91 2287 1741 2361 diuinus Ezechiel quod audiuit dicentes: Beata est gloria domini ex loco eius. Ca
86 2349 1722 2406 nit item tota militia coelestis Christo nato principi Carmen natalitium apud san¬
88 2392 1740 2470 ctum Lucam, dicendo: Gloria in excelsis deo, & in terra pax, hominibus bona uo
82 2454 1720 2530 luntas. Simul autem mortalibus exemplo praeeunt, docentes quid & ipsi faciant,
90 2512 1720 2578 laudes & hymnos deo excelso offerant, quem & angeli nobiscum colunt & ue¬
83 2559 287 2636 nerantur.
158 2620 1720 2702 Deinde amant ueritatem angeli, eamque propagatam, & gloriam dei modis om
79 2669 1727 2753 nibus promotam cupiunt, ideoque & pseudoprophetas cum execrabili doctrina ac
73 2743 1739 2815 antichristo odientes, impediunt. Nam S. Petrus commemorat euangelium filij dei
83 2801 1721 2871 admodum iucundum gratumque spectaculum esse angelis. In Reuelatione Iesu
82 2839 1727 2932 Christi facta apostolo Ioanni, alligat sathanam angelus domini : & angeli ubique
89 2898 1725 2996 sese antichristianis & pseudodoctoribus opponunt, promouentes ueritatem Chri-
