2288 3632
111 265 1768 353 dixit: Multitudo dormientium in puluere terrae resurgent, hi in uitam aeternam,
116 325 1786 390 illi uero ad probra & contemptum aeternum. Nam & Ioannes apostolus dixit fu¬
111 383 1764 466 mum ex condemnatis & praecipitatis in tartara ascensurum in saecula saeculo¬
112 433 1770 538 rum. Certum est itaque damnationem impiorum omnino fine carituram futuramque
121 488 422 571 sempiternam.
208 542 1785 629 Porro angelos desertores appellantes spiritus, non utique intelligimus per spi
112 600 1784 688 ritum affectionem animi prauam, qualitatem seu mentis perturbationem aut cor
105 662 1783 738 ruptionem atque peccatum. Non enim desunt quibus uisum est diabolum non a¬
114 716 1762 807 liud esse quam hominem sceleratum, uel commotionem animi sceleratam & pec¬
109 785 1775 852 catricem. Intelligimus itaque per spiritus substantias spirituales, praeditas sensu &
117 826 1781 919 intelligentia. Comparet enim sathanas inter ministros dei, colloquens cum domi¬
114 894 1780 971 no, apud lob in cap. 1. Euangelium quoque refert nobis daemonas eiectos ex homi
113 938 1762 1015 ne, inuasisse gregem porcorum, ac demersisse in profundum paludis uel lacus Ga¬
106 998 1778 1085 dareni, Refert praeterea euangelium diabolum peccasse ab initio, non perstitisse
115 1054 1767 1142 in ueritate, mendacem esse ac homicidam. ludas commemorat angelum pugna¬
102 1108 1776 1198 re cum diabolo. Apud Marcum clamant & dicunt. Quid rei nobis tecum Iesu Na¬
107 1176 1775 1249 zarene: Venisti ad perdendum nos? Quinimo dicet ad diabolos Saluator iam iu
106 1224 1765 1296 dex constitutus: Ite in ignem aeternum. Quae omnia congruunt substantijs per se
109 1276 1775 1364 subsistentibus, non qualitatibus. Sunt ergo diaboli substantiae spirituales. Qualia
115 1334 1775 1417 uero sint corpora qua saepe assumunt, & in quibus apparent hominibus, nemo
118 1396 1773 1461 opinor exacte dixerit: quod & paulo superius admonuimus cum disputauimus
112 1447 1751 1536 de assumptis a bonis angelis corporibus. Etenim corpora & alienam quidem spe¬
109 1503 1756 1576 ciem a propria diabolos induere, euincit historia excitati per ueneficam Samue¬
114 1553 1771 1624 lis. Non excitabatur ex mortuis Samuel, sed Samuelem mentiens mendaciorum
105 1617 1770 1689 architectus, regi Saul imponebat. Et Paulus testatur sathanam sese transfigurare
104 1669 1765 1745 in angelum lucis. Sed & historiae testantur mirificum esse praestigiatorem diabo¬
107 1720 1067 1797 lum in assumendis uarijs formis atque speciebus.
181 1778 1768 1866 Sicut autem dixi de bonis angelis expeditissimos esse in ministerio suo, sine
103 1835 1767 1912 onere & impedimentis, ita dubium non est in suo genere & opere daemonas esse
104 1887 1766 1976 instructissimos. Tradunt enim scripturae artes his esse mille, calliditatem & astu¬
111 1949 1756 2027 tiam mirificam, cognitionem acutissimam latissimamque, ad omnia denique subeun
109 2007 1744 2076 da & perficienda promptissimos esse & infatigabiles, Pererrant totum orbem ter
103 2058 1756 2144 rarum celerrime, omnia sua instituunt uersutissime, ideoque sortiuntur appellatio¬
110 2114 1744 2196 nes miras, ipsorum uires adumbrantes. Appellatur enim daemon uel daemonium,
109 2166 1756 2252 serpens uetus, impostor, princeps huius saeculi, princeps tenebrarum, cui potestas
107 2230 1748 2314 est aeris, leo rugiens. De quibus & alijs non dissimilibus, mox dicam copiosius,
107 2278 1762 2354 ubi hoc prius admonuero, infinitam esse daemonum turbam. Nam a Magdalena
106 2338 1761 2402 eijciuntur daemonia septem. Septem alios se nequiores spiritus assumit diabolus
97 2388 1759 2476 ille, qui apud Matthaeum semel eiectus cogitat atque consultat de restitutione in in
100 2448 1760 2541 tegrum. Fit praeterea in euangelio secundum Marcum legionis mentio. Nam spi¬
92 2502 1758 2595 ritus immundus rogatus a domino, quodnam sibi nomen esset,? Respondit: Legio
97 2558 1736 2639 mihi nomen est, quia multi sumus. Ergo cum alicubi mentio fit in sacris literis sa
92 2611 1735 2698 thanae, non ita accipiendum est, quasi non sit nisi una uel substantia uel persona
100 2674 1726 2754 diaboli. Nam sub capite membra & ueluti species sub genere comprehenduntur
91 2728 1741 2813 Meminit quidem alicubi scriptura principis daemoniorum. Hostes enim Christi
95 2785 1742 2862 clamitant: In principe daemoniorum eiicit daemonia: sed eadem tamen non expri
97 2837 1746 2932 mit qualis sit principatus ille, & an ordine a se inuicem distincti sint maligni illi
101 2893 1736 2991 spiritus. Constat autem omnes impios esse sub uno capite, sicut omnes pij sunt
