2288 3632
98 295 1776 389 ma enim hominis & mortalis & immortalis est, secundum quendam modum suum,
92 343 1774 442 Non enim omnimodo immortalis est, sicut deus, de quo dictum est, quia solus ha
97 399 1755 492 bet immortalitatem. Et quidem memorabilis est mors animae in scriptura sancta¬
92 465 1762 552 sed ea refertur ad conditionem non ad substantiam animae. Nam si uita animae
93 526 1769 609 deus est, certe mors animae est deo destitui & sibijpsi relinqui. Siquidem uiuit ni¬
103 574 1768 661 hilo minus in essentia sua rationalis anima, sed cum misere uiuit, misera uita mors
94 638 1753 716 uere appellatur. Sed & desperatio ipsissima animae mors est. Nam spe uiuimus
92 680 1766 775 Et Paulus : Viuo non iam ego, ait, sed uiuit in me Christus: ac uitam quam nunc
99 746 1761 833 uiuo in carne, per fidem uiuo filij dei : ergo fide destituti mortui sunt, fide donati
92 804 1754 893 uiuentes. S. Augustinus de Fide & Symbolo cap. 10. Potest & anima, ait, sicut cor
98 860 1763 951 ruptibilis propter morum uitia, ita etiam mortalis dici. Mors quippe animae est apo
101 906 1763 1006 statare a deo, quod primum eius peccatum in paradyso sacris literis continetur.
91 960 1761 1053 Et idem iterum lib, de Trinit. 14. cap. 4. Habet & anima suam mortem, inquit, cum
91 1027 1758 1116 uita beata caret, quae uera animae uita dicenda est. Sed immortalis ideo nuncupa
98 1085 1754 1166 tur, quoniam qualicunque uita etiam si miserrima uiuit, nunquam desinit uiuere.
96 1131 1754 1230 Profitemur ergo ore libero animas hominum a corporibus separatas seu exem¬
97 1199 1761 1286 ptas non interire, sed immortales aeternum uiuere, fideles quidem in aeterna felici
98 1257 1076 1318 tate, infideles autem in aeterna condemnatione.
153 1298 1750 1393 ld quod solidis aliquot scripturae testimonijs comprobare pergam, si illud mo
87 1368 1755 1453 nuero prius, testimonia scripturarum in hac caussa longe esse uiuidiora, quam ra
90 1422 1762 1510 tiones humanas e philosophia contextas. Petuntur enim testimonia ex ore ipsius
88 1482 1759 1557 uiui, & in uita conseruantis dei, qui cum uerax sit, mentiri nescit, qui cum uitam
97 1522 1756 1615 largiatur & uita sit, de uita omnium certissime testari potest. Neque dubium est co
100 1594 1758 1673 operari uerbo dei spiritum dei, a quo nisi tangantur corda hominum, nihil efficient
91 1640 1748 1721 in mortis periculo maxime & in alijs tentationibus, quantumuis euidentes philo
93 1694 1753 1779 sophicae rationes. Carnei ergo & animales sunt prorsus qui non erubescunt dice¬
94 1754 1751 1841 re scripturis duntaxat sibi non posse persuaderi animarum immortalitatem. Imo fir
85 1816 1754 1889 mum ac stabile in tentationibus nunquam erit, quod ex carne & sanguine profe¬
89 1864 1625 1948 ctum fuerit. Subiiciemus itaque aliquot certa testimonia & ea maxime clara.
156 1919 1741 2004 Dauid rex in orbe potentissimus & felicissimus, unico uersu & animarum
83 1972 1728 2065 immortalitatem & corporum resurrectionem complexus dixit: Non derelinques
88 2028 1744 2119 domine, in inferno animam meam, neque dabis sanctum tuum uidere corruptio¬
81 2095 1748 2173 nem. Constat homo corpore & anima. Corpus corrumpitur morte, & redigitur
82 2147 1744 2226 in puluerem: sed ideo non peribit. Sicut enim corpus Christi sepultum non com¬
89 2203 1738 2281 putruit, sed tertia die resurrexit, ita in die iudicij excitabuntur & corpora nostra
88 2259 1742 2337 & uindicabuntur per Christum a corruptione. Anima uero nostra non demergi
86 2315 1735 2402 tur ad inferos. Sed sicut anima Christi ad corpus ex inferis redijt, & in resumpto
82 2373 1733 2457 corpore in coelos ascendit: ita & animae nostre uiuent per Christum, non morientur.
157 2429 1731 2511 Solomon filius Dauidis, regum & omnium mortalium sapientissimus, uno es
86 2480 1734 2569 ipse uersu fata & corporis & animae exponens, dicit: Reuertetur puluis in terram
91 2554 1734 2625 icut fuit, & spiritus redibit ad deum, qui dedit illum. Puluis appellatur at Solomo
79 2590 1732 2676 ne corpus humanum, quia a deo factum refertur in Mose, ex puluere terrae. Cor
80 2650 1729 2736 pus ergo redit in puluerem, computrescit enim & resoluitur in id quod ante fue¬
83 2710 1736 2788 rat in diem usque iudicij, pronunciante domino: Puluis es & in puluerem reuerte¬
76 2762 1733 2837 ris. Verum spiritus, id est, anima rationalis non interit cum corpore, non resolui
83 2816 1724 2895 tur in puluerem, quia non est sumpta de puluere, nec dissipatur in aerem, quia
84 2881 1726 2955 aere non constat, sed redit ad deum superstes a morte. Ideo autem ad deum redit,
80 2926 1727 3016 quia deus dedit animam, & singulari modo hominem condidit ad similitudinem
