<?xml version="1.0" encoding="UTF-8" standalone="yes"?>
<PcGts xmlns="http://schema.primaresearch.org/PAGE/gts/pagecontent/2013-07-15" xmlns:xsi="http://www.w3.org/2001/XMLSchema-instance" xsi:schemaLocation="http://schema.primaresearch.org/PAGE/gts/pagecontent/2013-07-15 http://schema.primaresearch.org/PAGE/gts/pagecontent/2013-07-15/pagecontent.xsd">
    <Metadata>
        <Creator>prov=University of Rostock/Institute of Mathematics/CITlab|PLANET AI GmbH/Gundram Leifert/gundram.leifert@planet-ai.de:name=cod-a3V3DV-m3(htr_id=25165)::::v=2.6.6
prov=University of Rostock/Institute of Mathematics/CITlab|PLANET AI GmbH/Tobias Gruening/tobias.gruening@planet-ai.de:name=de.uros.citlab.module.baseline2polygon.B2PSeamMultiOriented:v=2.6.6
prov=University of Rostock/Institute of Mathematics/CITlab|PLANET AI GmbH/Tobias Gruening/tobias.gruening@planet-ai.de:name=/net_tf/LA73_249_0mod360.pb:de.uros.citlab.segmentation.CITlab_LA_ML:v=2.6.6
Transkribus</Creator>
        <Created>2019-12-04T11:29:25.139-05:00</Created>
        <LastChange>2020-07-05T16:28:17.549+02:00</LastChange>
        <TranskribusMetadata docId="284697" pageId="11502050" pageNr="552" tsid="33490308" status="IN_PROGRESS" userId="25065" imgUrl="https://files.transkribus.eu/Get?id=IXZELEROVDZNMMPVMDKEMORX&amp;fileType=view" xmlUrl="https://files.transkribus.eu/Get?id=MTQMQRDXZKFWJADRMLLOPKIG" imageId="7898535"/>
    </Metadata>
    <Page imageFilename="551.jpg" imageWidth="2288" imageHeight="3632">
        <ReadingOrder>
            <OrderedGroup id="ro_1596925425075" caption="Regions reading order">
                <RegionRefIndexed index="0" regionRef="r2"/>
            </OrderedGroup>
        </ReadingOrder>
        <TextRegion orientation="0.0" id="r2" custom="readingOrder {index:0;}">
            <Coords points="545,251 545,3048 2228,3048 2228,251"/>
            <TextLine id="r2l2" custom="readingOrder {index:0;}">
                <Coords points="541,399 2193,369 2190,291 2053,271 540,354"/>
                <Baseline points="551,389 632,386 714,383 795,380 877,377 958,374 1040,371 1121,369 1203,366 1284,365 1366,362 1447,360 1529,357 1610,356 1692,354 1773,351 1855,349 1936,347 2018,344 2099,341 2181,339"/>
                <TextEquiv>
                    <Unicode>orationes pro defunctis. His accedunt tot sanctorum utriusque testamenti exem¬</Unicode>
                </TextEquiv>
            </TextLine>
            <TextLine id="r2l3" custom="readingOrder {index:1;}">
                <Coords points="545,469 1947,428 2191,407 2190,368 543,405"/>
                <Baseline points="555,446 636,441 717,438 798,435 880,432 961,431 1042,428 1123,425 1205,423 1286,420 1367,418 1448,416 1530,414 1611,411 1692,410 1773,407 1855,405 1936,403 2017,401 2098,398 2180,395"/>
                <TextEquiv>
                    <Unicode>pla, praeferenda &amp; traditionibus &amp; condemnationibus hominum. Quis oro san¬</Unicode>
                </TextEquiv>
            </TextLine>
            <TextLine id="r2l4" custom="readingOrder {index:2;}">
                <Coords points="536,518 2187,469 2185,420 2091,402 535,467"/>
                <Baseline points="545,500 626,497 708,494 789,491 871,488 953,486 1034,483 1116,480 1197,479 1279,476 1361,474 1442,472 1524,469 1605,467 1687,465 1769,462 1850,461 1932,459 2013,456 2095,455 2177,452"/>
                <TextEquiv>
                    <Unicode>ctorum patrum unquam orauit pro suis defunctis : nunquid Adam pro Abele</Unicode>
                </TextEquiv>
            </TextLine>
            <TextLine id="r2l5" custom="readingOrder {index:3;}">
                <Coords points="548,565 2123,529 2187,472 546,510"/>
                <Baseline points="558,555 643,552 728,549 813,546 898,544 984,541 1069,539 1154,536 1239,533 1324,531 1410,528 1495,525 1580,524 1665,522 1750,519 1836,516 1921,515 2006,512 2091,510 2177,507"/>
                <TextEquiv>
                    <Unicode>suo : nunquid filij pro patre suo Adamo? Quas preces obtulit deo pro anima de¬</Unicode>
                </TextEquiv>
            </TextLine>
            <TextLine id="r2l6" custom="readingOrder {index:4;}">
                <Coords points="554,632 2184,581 2182,517 552,565"/>
                <Baseline points="563,611 643,608 724,606 804,603 885,600 965,598 1046,596 1126,593 1207,591 1287,588 1368,585 1449,584 1529,581 1610,579 1690,576 1771,575 1851,573 1932,570 2012,569 2093,566 2174,564"/>
                <TextEquiv>
                    <Unicode>functi patris Thare, pro anima uxoris suae chariss. Sarae? Quas preces fuderunt</Unicode>
                </TextEquiv>
            </TextLine>
            <TextLine id="r2l7" custom="readingOrder {index:5;}">
                <Coords points="553,685 2188,645 2151,574 552,624"/>
                <Baseline points="563,666 643,663 724,662 805,659 885,656 966,654 1047,651 1127,649 1208,647 1289,644 1370,642 1450,639 1531,636 1612,635 1692,632 1773,630 1854,629 1934,626 2015,624 2096,623 2177,621"/>
                <TextEquiv>
                    <Unicode>pro patre mortuo lsaaco Esau &amp; Iacob ? pro Iacobo duodecim filij lsraelis : pro</Unicode>
                </TextEquiv>
            </TextLine>
            <TextLine id="r2l8" custom="readingOrder {index:6;}">
                <Coords points="548,735 2189,695 2150,629 547,686"/>
                <Baseline points="558,723 643,720 728,717 813,714 898,711 984,708 1069,705 1154,703 1239,701 1324,698 1410,696 1495,693 1580,690 1665,689 1750,687 1836,684 1921,683 2006,681 2091,680 2177,678"/>
                <TextEquiv>
                    <Unicode>Dauide Solomon? ln nouo Testamento decollatur ab Herode Ioannes Baptista,</Unicode>
                </TextEquiv>
            </TextLine>
            <TextLine id="r2l9" custom="readingOrder {index:7;}">
                <Coords points="553,790 2194,743 2113,686 552,735"/>
                <Baseline points="563,779 644,776 725,773 806,770 887,768 968,765 1049,762 1130,761 1211,758 1292,756 1373,753 1454,751 1535,749 1616,747 1697,745 1778,743 1859,741 1940,739 2021,737 2102,735 2183,734"/>
                <TextEquiv>
                    <Unicode>lapidatur a ludaeis Stephanus, truncatur ab Agrippa capite lacobus, sepeliunt</Unicode>
                </TextEquiv>
            </TextLine>
            <TextLine id="r2l10" custom="readingOrder {index:8;}">
                <Coords points="553,848 2191,807 2189,742 551,790"/>
                <Baseline points="563,833 643,830 724,828 805,826 886,824 967,821 1048,819 1128,816 1209,813 1290,811 1371,809 1452,807 1533,804 1614,803 1694,800 1775,798 1856,797 1937,795 2018,792 2099,791 2180,791"/>
                <TextEquiv>
                    <Unicode>eorum corpora discipuli ipsorum, iustaque peragunt religiose, sed in tot suneribus</Unicode>
                </TextEquiv>
            </TextLine>
            <TextLine id="r2l11" custom="readingOrder {index:9;}">
                <Coords points="547,913 2193,866 2192,809 545,854"/>
                <Baseline points="557,890 638,888 719,885 800,882 882,879 963,877 1044,875 1126,872 1207,870 1288,867 1370,865 1451,863 1532,860 1613,858 1695,857 1776,854 1857,852 1939,851 2020,849 2101,848 2183,846"/>
                <TextEquiv>
                    <Unicode>nulla fit mentio orationis pro animabus defunctis. Crediderunt enim eas a mor-</Unicode>
                </TextEquiv>
            </TextLine>
            <TextLine id="r2l12" custom="readingOrder {index:10;}">
                <Coords points="557,956 2197,909 2161,855 556,907"/>
                <Baseline points="566,944 647,941 728,939 809,936 890,935 971,933 1052,930 1133,927 1214,926 1295,923 1376,921 1457,918 1538,917 1619,914 1700,912 1781,911 1862,909 1943,906 2024,905 2105,903 2186,902"/>
                <TextEquiv>
                    <Unicode>te protinus delatas esse in uitam aeternam. Quis ergo imponat nobis post tot cele¬</Unicode>
                </TextEquiv>
            </TextLine>
            <TextLine id="r2l13" custom="readingOrder {index:11;}">
                <Coords points="557,1015 2206,974 2190,907 556,960"/>
                <Baseline points="566,1001 647,999 729,995 810,993 892,990 973,989 1055,986 1136,983 1218,981 1299,978 1381,977 1462,974 1544,972 1625,970 1707,968 1788,966 1870,963 1951,962 2033,960 2114,959 2196,957"/>
                <TextEquiv>
                    <Unicode>bria sanctorum exempla, &amp; post tam claram catholicae &amp; orthodoxae fidei profes¬</Unicode>
                </TextEquiv>
            </TextLine>
            <TextLine id="r2l14" custom="readingOrder {index:12;}">
                <Coords points="554,1071 2103,1042 2205,1029 2203,970 552,1016"/>
                <Baseline points="563,1056 644,1055 726,1052 807,1049 889,1047 971,1044 1052,1043 1134,1040 1215,1037 1297,1035 1379,1032 1460,1030 1542,1028 1623,1026 1705,1024 1787,1022 1868,1020 1950,1019 2031,1017 2113,1016 2195,1016"/>
                <TextEquiv>
                    <Unicode>sionem, necessitatem orandi pro animabus defunctorum? Quis uero haereticos</Unicode>
                </TextEquiv>
            </TextLine>
            <TextLine id="r2l15" custom="readingOrder {index:13;}">
                <Coords points="562,1130 2129,1096 2205,1029 560,1073"/>
                <Baseline points="572,1112 653,1110 734,1107 815,1106 896,1103 977,1101 1058,1098 1140,1096 1221,1094 1302,1092 1383,1089 1464,1087 1545,1085 1626,1083 1708,1080 1789,1079 1870,1077 1951,1075 2032,1073 2113,1071 2195,1070"/>
                <TextEquiv>
                    <Unicode>esse posthac dixerit, qui opere complemus quod professione fidei uel oris confes¬</Unicode>
                </TextEquiv>
            </TextLine>
            <TextLine id="r2l16" custom="readingOrder {index:14;}">
                <Coords points="565,1180 2000,1160 2212,1145 2211,1088 564,1129"/>
                <Baseline points="575,1169 656,1166 737,1164 818,1161 900,1158 981,1157 1062,1154 1144,1152 1225,1149 1306,1147 1388,1146 1469,1143 1550,1142 1631,1140 1713,1137 1794,1136 1875,1134 1957,1133 2038,1131 2119,1130 2201,1128"/>
                <TextEquiv>
                    <Unicode>sione profitemur, imo qui nihil aliud facimus, quam quod ante nos fecerunt cele¬</Unicode>
                </TextEquiv>
            </TextLine>
            <TextLine id="r2l17" custom="readingOrder {index:15;}">
                <Coords points="566,1239 1414,1216 1412,1152 1047,1184 987,1163 565,1181"/>
                <Baseline points="576,1226 617,1224 658,1222 700,1221 741,1220 783,1218 824,1217 865,1215 907,1214 948,1212 990,1212 1031,1211 1072,1210 1114,1209 1155,1208 1197,1206 1238,1205 1279,1204 1321,1203 1362,1201 1404,1200"/>
                <TextEquiv>
                    <Unicode>berrimi utriusque Testamenti cultores dei-</Unicode>
                </TextEquiv>
            </TextLine>
            <TextLine id="r2l18" custom="readingOrder {index:16;}">
                <Coords points="635,1292 2127,1269 2210,1257 2209,1184 634,1232"/>
                <Baseline points="645,1278 722,1275 800,1274 878,1271 955,1269 1033,1267 1111,1265 1188,1263 1266,1261 1344,1259 1422,1257 1499,1256 1577,1254 1655,1251 1732,1250 1810,1248 1888,1247 1965,1246 2043,1245 2121,1244 2199,1242"/>
                <TextEquiv>
                    <Unicode>Posterius fulcrum, quod substituunt ruinae purgatorij sui, est apparitio spiri¬</Unicode>
                </TextEquiv>
            </TextLine>
            <TextLine id="r2l19" custom="readingOrder {index:17;}">
                <Coords points="563,1348 1905,1327 2217,1270 561,1292"/>
                <Baseline points="573,1338 654,1335 736,1332 818,1329 899,1326 981,1325 1063,1322 1144,1320 1226,1317 1308,1316 1390,1314 1471,1312 1553,1310 1635,1308 1716,1307 1798,1305 1880,1304 1961,1301 2043,1299 2125,1298 2207,1295"/>
                <TextEquiv>
                    <Unicode>tuum, Rabanus enim episcopus ex Gregorij Papae &amp; uenerabilis Bedae testimo¬</Unicode>
                </TextEquiv>
            </TextLine>
            <TextLine id="r2l20" custom="readingOrder {index:18;}">
                <Coords points="566,1409 2178,1368 2204,1324 565,1348"/>
                <Baseline points="575,1394 656,1391 737,1388 818,1385 899,1383 980,1380 1061,1378 1142,1376 1223,1374 1304,1371 1385,1370 1466,1368 1547,1367 1628,1365 1709,1363 1790,1361 1871,1359 1952,1358 2033,1356 2114,1355 2195,1352"/>
                <TextEquiv>
                    <Unicode>nijs estendit, perfrequenter apparuisse mortuorum animas, ac edocuisse oblatio¬ </Unicode>
                </TextEquiv>
            </TextLine>
            <TextLine id="r2l21" custom="readingOrder {index:19;}">
                <Coords points="564,1458 2215,1417 2191,1362 563,1411"/>
                <Baseline points="573,1449 654,1446 736,1445 817,1442 899,1439 980,1437 1062,1434 1143,1432 1225,1430 1306,1428 1388,1425 1470,1424 1551,1422 1633,1419 1714,1418 1796,1416 1877,1415 1959,1413 2040,1412 2122,1410 2204,1409"/>
                <TextEquiv>
                    <Unicode>nes &amp; preces permultum ipsis prodesse. Caeterum miror uiros nonnullae eruditio </Unicode>
                </TextEquiv>
            </TextLine>
            <TextLine id="r2l22" custom="readingOrder {index:20;}">
                <Coords points="573,1515 2194,1487 2211,1425 572,1462"/>
                <Baseline points="584,1505 664,1502 745,1499 826,1497 907,1494 988,1493 1069,1490 1149,1488 1230,1485 1311,1484 1392,1482 1473,1479 1554,1478 1635,1476 1715,1475 1796,1472 1877,1470 1958,1469 2039,1467 2120,1466 2201,1463"/>
                <TextEquiv>
                    <Unicode>nis negotium suum tam ruinosis imposuisse fundamentis. Prohibet enim domi¬</Unicode>
                </TextEquiv>
            </TextLine>
            <TextLine id="r2l23" custom="readingOrder {index:21;}">
                <Coords points="577,1577 2212,1550 2211,1482 576,1522"/>
                <Baseline points="588,1560 668,1557 749,1555 829,1553 910,1550 991,1548 1071,1545 1152,1544 1233,1541 1313,1539 1394,1538 1475,1535 1555,1533 1636,1532 1717,1530 1797,1529 1878,1527 1959,1526 2039,1524 2120,1523 2201,1520"/>
                <TextEquiv>
                    <Unicode>nus in lege sua ueritatem sciscitari ex mortuorum spiritibus. In prophetis ab hu¬</Unicode>
                </TextEquiv>
            </TextLine>
            <TextLine id="r2l24" custom="readingOrder {index:22;}">
                <Coords points="575,1631 2177,1597 2218,1534 573,1578"/>
                <Baseline points="585,1617 666,1614 747,1611 828,1608 909,1607 990,1604 1071,1602 1153,1599 1234,1598 1315,1595 1396,1593 1477,1592 1558,1589 1639,1587 1721,1586 1802,1584 1883,1582 1964,1580 2045,1578 2126,1577 2208,1575"/>
                <TextEquiv>
                    <Unicode>iusmodi oraculis relegamur ad legem &amp; testimonium. Apud Lucam clamat in tor-</Unicode>
                </TextEquiv>
            </TextLine>
            <TextLine id="r2l25" custom="readingOrder {index:23;}">
                <Coords points="581,1691 2212,1648 2210,1583 580,1629"/>
                <Baseline points="591,1671 671,1669 752,1667 832,1665 913,1662 993,1659 1074,1658 1154,1656 1235,1653 1315,1652 1396,1649 1477,1647 1557,1644 1638,1643 1718,1641 1799,1640 1879,1638 1960,1637 2040,1635 2121,1634 2202,1632"/>
                <TextEquiv>
                    <Unicode>mentis diues epulo, &amp; ait: Rogo te pater Abraham, ut mittas Lazarum in domum</Unicode>
                </TextEquiv>
            </TextLine>
            <TextLine id="r2l26" custom="readingOrder {index:24;}">
                <Coords points="585,1750 2150,1707 2221,1701 2220,1644 583,1691"/>
                <Baseline points="594,1728 674,1725 755,1722 836,1721 917,1718 998,1715 1078,1713 1159,1710 1240,1709 1321,1707 1402,1705 1482,1703 1563,1701 1644,1700 1725,1697 1806,1695 1886,1694 1967,1692 2048,1691 2129,1689 2210,1688"/>
                <TextEquiv>
                    <Unicode>patris mei. Habeo enim quinque fratres, ut testetur illis, ne &amp; ipsi ueniant in locum</Unicode>
                </TextEquiv>
            </TextLine>
            <TextLine id="r2l27" custom="readingOrder {index:25;}">
                <Coords points="577,1792 2214,1756 2212,1701 2026,1695 576,1747"/>
                <Baseline points="587,1781 667,1779 748,1776 829,1775 910,1772 991,1770 1072,1767 1152,1766 1233,1763 1314,1761 1395,1760 1476,1758 1557,1755 1638,1754 1718,1752 1799,1751 1880,1749 1961,1748 2042,1746 2123,1746 2204,1745"/>
                <TextEquiv>
                    <Unicode>hunc cruciatus. Sed audit: Habent Mosen &amp; prophetas, audiant illos. Cumque di-</Unicode>
                </TextEquiv>
            </TextLine>
            <TextLine id="r2l28" custom="readingOrder {index:26;}">
                <Coords points="570,1847 2176,1822 2220,1756 569,1806"/>
                <Baseline points="581,1838 662,1835 743,1833 825,1831 906,1829 988,1826 1069,1824 1151,1821 1232,1820 1314,1817 1395,1815 1476,1813 1558,1811 1639,1809 1721,1808 1802,1806 1884,1805 1965,1803 2047,1802 2128,1800 2210,1799"/>
                <TextEquiv>
                    <Unicode>ues respondisset: Non pater Abraham, sed si quis ex mortuis ierit ad eos, relipi¬</Unicode>
                </TextEquiv>
            </TextLine>
            <TextLine id="r2l29" custom="readingOrder {index:27;}">
                <Coords points="581,1908 2218,1865 2198,1808 580,1853"/>
                <Baseline points="591,1893 671,1891 752,1889 833,1886 914,1883 995,1881 1075,1879 1156,1877 1237,1875 1318,1872 1399,1871 1479,1869 1560,1867 1641,1865 1722,1863 1803,1862 1883,1860 1964,1859 2045,1858 2126,1856 2207,1856"/>
                <TextEquiv>
                    <Unicode>scent. Iterum audit: Si Mosen &amp; prophetas non audiunt neque si quis ex mortuis</Unicode>
                </TextEquiv>
            </TextLine>
            <TextLine id="r2l30" custom="readingOrder {index:28;}">
                <Coords points="581,1959 2220,1928 2218,1864 2116,1863 580,1918"/>
                <Baseline points="590,1949 670,1946 751,1944 832,1941 913,1939 994,1937 1075,1935 1156,1932 1237,1931 1318,1929 1399,1926 1479,1925 1560,1923 1641,1922 1722,1919 1803,1918 1884,1916 1965,1916 2046,1914 2127,1913 2208,1911"/>
                <TextEquiv>
                    <Unicode>resurrexerit credent. Certissimum est ergo &amp; euangelica authoritate confirma¬</Unicode>
                </TextEquiv>
            </TextLine>
            <TextLine id="r2l31" custom="readingOrder {index:29;}">
                <Coords points="578,2017 2227,1982 2226,1933 2093,1920 577,1963"/>
                <Baseline points="588,2004 669,2003 750,2000 832,1997 913,1995 995,1992 1076,1990 1157,1988 1239,1986 1320,1983 1402,1982 1483,1980 1564,1979 1646,1977 1727,1974 1809,1973 1890,1972 1971,1971 2053,1970 2134,1968 2216,1967"/>
                <TextEquiv>
                    <Unicode>tum, ne beatas quidem animas nobis mitti a deo quae nos aliquid doceant lmpias</Unicode>
                </TextEquiv>
            </TextLine>
            <TextLine id="r2l32" custom="readingOrder {index:30;}">
                <Coords points="584,2069 2223,2035 2222,1988 2068,1981 583,2020"/>
                <Baseline points="594,2061 679,2058 764,2055 849,2053 934,2051 1020,2049 1105,2046 1190,2043 1275,2042 1360,2039 1446,2037 1531,2036 1616,2033 1701,2031 1786,2030 1872,2028 1957,2025 2042,2025 2127,2022 2213,2021"/>
                <TextEquiv>
                    <Unicode>&amp; condemnatas quis oro audiat? Relegat nos omnes ad scripturam canonicam </Unicode>
                </TextEquiv>
            </TextLine>
            <TextLine id="r2l33" custom="readingOrder {index:31;}">
                <Coords points="584,2130 2227,2089 2226,2040 2123,2029 583,2073"/>
                <Baseline points="594,2115 675,2114 756,2112 837,2109 918,2108 999,2105 1080,2103 1161,2100 1242,2099 1323,2096 1405,2094 1486,2092 1567,2090 1648,2088 1729,2087 1810,2084 1891,2082 1972,2081 2053,2079 2134,2079 2216,2078"/>
                <TextEquiv>
                    <Unicode>Christi euangelium. Vnde iam consequens est, nullius momenti imo fallacissima</Unicode>
                </TextEquiv>
            </TextLine>
            <TextLine id="r2l34" custom="readingOrder {index:32;}">
                <Coords points="587,2190 2220,2162 2185,2085 586,2125"/>
                <Baseline points="596,2171 676,2169 757,2168 838,2166 918,2163 999,2162 1080,2160 1160,2157 1241,2156 1322,2153 1403,2151 1483,2149 1564,2147 1645,2145 1725,2144 1806,2142 1887,2139 1967,2139 2048,2138 2129,2136 2210,2135"/>
                <TextEquiv>
                    <Unicode>&amp; mendacissima esse testimonia, quae petuntur ex oraculis aut apparitionibus spi</Unicode>
                </TextEquiv>
            </TextLine>
            <TextLine id="r2l35" custom="readingOrder {index:33;}">
                <Coords points="580,2247 711,2232 738,2242 782,2230 844,2241 997,2233 996,2178 904,2193 865,2177 835,2192 785,2181 694,2196 579,2188"/>
                <Baseline points="591,2228 617,2227 643,2226 670,2225 696,2225 722,2223 749,2223 775,2222 801,2222 828,2220 854,2220 880,2220 907,2220 933,2219 959,2219 986,2219"/>
                <TextEquiv>
                    <Unicode>rituum mortuorum,</Unicode>
                </TextEquiv>
            </TextLine>
            <TextLine id="r2l36" custom="readingOrder {index:34;}">
                <Coords points="662,2291 2204,2264 2225,2183 660,2236"/>
                <Baseline points="672,2280 749,2279 826,2277 903,2276 980,2274 1058,2273 1135,2270 1212,2268 1289,2267 1366,2265 1444,2263 1521,2261 1598,2259 1675,2258 1752,2256 1830,2255 1907,2252 1984,2250 2061,2249 2138,2248 2216,2246"/>
                <TextEquiv>
                    <Unicode>Diuinis testimonijs accedunt etiam humana, quae interim nos erudiunt, non</Unicode>
                </TextEquiv>
            </TextLine>
            <TextLine id="r2l37" custom="readingOrder {index:35;}">
                <Coords points="604,2348 2100,2333 2227,2320 2226,2269 603,2299"/>
                <Baseline points="614,2339 694,2337 774,2335 854,2333 934,2331 1014,2330 1094,2327 1175,2325 1255,2324 1335,2322 1415,2319 1495,2318 1575,2316 1655,2314 1736,2313 1816,2311 1896,2309 1976,2308 2056,2306 2136,2306 2217,2304"/>
                <TextEquiv>
                    <Unicode>posse animas a corpore separatas in hisce oberrare regionibus. Nimis longa sunt</Unicode>
                </TextEquiv>
            </TextLine>
            <TextLine id="r2l38" custom="readingOrder {index:36;}">
                <Coords points="603,2425 2176,2379 2228,2320 602,2370"/>
                <Baseline points="614,2396 694,2393 774,2391 854,2390 935,2387 1015,2385 1095,2384 1175,2381 1256,2379 1336,2378 1416,2376 1496,2375 1577,2373 1657,2372 1737,2369 1817,2367 1898,2366 1978,2364 2058,2361 2138,2360 2219,2357"/>
                <TextEquiv>
                    <Unicode>quae hac de re docte disputat Tertullianus in sine propemodum libri sui de Ani-</Unicode>
                </TextEquiv>
            </TextLine>
            <TextLine id="r2l39" custom="readingOrder {index:37;}">
                <Coords points="590,2462 2111,2443 2223,2428 2222,2375 589,2420"/>
                <Baseline points="600,2451 680,2450 761,2447 841,2446 922,2444 1003,2442 1083,2441 1164,2438 1245,2436 1325,2435 1406,2433 1487,2430 1567,2429 1648,2427 1729,2426 1809,2424 1890,2423 1971,2420 2051,2418 2132,2418 2213,2417"/>
                <TextEquiv>
                    <Unicode>ma, huc tamen tendunt omnia, ut ostendat animas a corporibus suis separatas, &amp; </Unicode>
                </TextEquiv>
            </TextLine>
            <TextLine id="r2l40" custom="readingOrder {index:38;}">
                <Coords points="589,2520 2230,2479 2229,2432 2143,2426 588,2463"/>
                <Baseline points="599,2507 680,2505 761,2504 842,2501 923,2499 1004,2498 1085,2496 1166,2493 1247,2492 1328,2490 1409,2489 1490,2487 1571,2486 1652,2484 1733,2482 1814,2480 1895,2478 1976,2477 2057,2474 2138,2472 2219,2471"/>
                <TextEquiv>
                    <Unicode>suis locis destinatas, non redire iterum in hoc saeculum. Obiectioni quorundam ia¬</Unicode>
                </TextEquiv>
            </TextLine>
            <TextLine id="r2l41" custom="readingOrder {index:39;}">
                <Coords points="589,2583 2238,2540 2222,2481 588,2525"/>
                <Baseline points="599,2564 680,2562 761,2560 843,2558 924,2556 1006,2554 1087,2552 1169,2550 1250,2549 1332,2547 1413,2545 1494,2543 1576,2541 1657,2540 1739,2538 1820,2535 1902,2534 1983,2531 2065,2529 2146,2528 2228,2526"/>
                <TextEquiv>
                    <Unicode>ctantium artem magicam, sed &amp; uirtute diuina multos ex mortuis in hanc uitam </Unicode>
                </TextEquiv>
            </TextLine>
            <TextLine id="r2l42" custom="readingOrder {index:40;}">
                <Coords points="583,2646 2234,2591 2233,2546 2030,2536 582,2587"/>
                <Baseline points="593,2621 674,2619 756,2616 837,2615 919,2612 1000,2610 1082,2609 1163,2606 1245,2604 1326,2603 1408,2601 1489,2600 1571,2598 1652,2596 1734,2594 1815,2592 1897,2591 1978,2588 2060,2586 2141,2583 2223,2580"/>
                <TextEquiv>
                    <Unicode>redisse, respondet: Sed etsi quasdamreuocauit in corpora dei uirtus, in documen¬</Unicode>
                </TextEquiv>
            </TextLine>
            <TextLine id="r2l43" custom="readingOrder {index:41;}">
                <Coords points="598,2687 1836,2678 2224,2649 2223,2593 597,2644"/>
                <Baseline points="608,2676 688,2673 768,2672 848,2669 929,2667 1009,2666 1089,2664 1169,2663 1250,2660 1330,2658 1410,2657 1490,2655 1571,2654 1651,2652 1731,2651 1811,2649 1892,2646 1972,2645 2052,2643 2132,2640 2213,2637"/>
                <TextEquiv>
                    <Unicode>ta iuris sui, non iccirco communicabitur fidei &amp; audaciae magorum, &amp; fallaciae</Unicode>
                </TextEquiv>
            </TextLine>
            <TextLine id="r2l44" custom="readingOrder {index:42;}">
                <Coords points="590,2746 2226,2705 2225,2658 2096,2651 589,2689"/>
                <Baseline points="599,2732 679,2730 760,2728 841,2726 922,2724 1003,2723 1084,2721 1164,2718 1245,2717 1326,2715 1407,2714 1488,2711 1569,2709 1650,2708 1730,2706 1811,2705 1892,2702 1973,2700 2054,2699 2135,2697 2216,2694"/>
                <TextEquiv>
                    <Unicode>somniorum, &amp; licentiae poetarum, atquin in resurrectionis exemplis, cum dei uir¬</Unicode>
                </TextEquiv>
            </TextLine>
            <TextLine id="r2l45" custom="readingOrder {index:43;}">
                <Coords points="596,2807 2187,2768 2237,2709 594,2754"/>
                <Baseline points="605,2787 686,2786 767,2784 848,2783 929,2781 1010,2779 1091,2777 1173,2775 1254,2774 1335,2772 1416,2769 1497,2768 1578,2766 1659,2765 1741,2762 1822,2760 1903,2757 1984,2756 2065,2754 2146,2751 2228,2750"/>
                <TextEquiv>
                    <Unicode>tus siue per prophetas, siue per Christum, siue per apostolos in corpora animas re</Unicode>
                </TextEquiv>
            </TextLine>
            <TextLine id="r2l46" custom="readingOrder {index:44;}">
                <Coords points="597,2872 2230,2828 2228,2764 2120,2759 596,2807"/>
                <Baseline points="606,2844 686,2843 767,2840 847,2838 928,2837 1009,2834 1089,2832 1170,2831 1251,2829 1331,2828 1412,2826 1493,2824 1573,2822 1654,2820 1735,2819 1815,2816 1896,2814 1977,2812 2057,2810 2138,2807 2219,2804"/>
                <TextEquiv>
                    <Unicode>praesentat, solida &amp; contrectabili &amp; satiata ueritate praeindicatum est hanc esse for¬</Unicode>
                </TextEquiv>
            </TextLine>
            <TextLine id="r2l47" custom="readingOrder {index:45;}">
                <Coords points="594,2916 2094,2896 2227,2874 2226,2831 593,2873"/>
                <Baseline points="605,2901 685,2900 766,2897 846,2894 927,2892 1007,2891 1088,2888 1168,2886 1249,2885 1329,2883 1410,2882 1491,2880 1571,2879 1652,2876 1732,2874 1813,2873 1893,2871 1974,2870 2054,2867 2135,2865 2216,2862"/>
                <TextEquiv>
                    <Unicode>mam ueritatis, ut omnem mortuorum exhibitionem incorporalem praestigias iu¬</Unicode>
                </TextEquiv>
            </TextLine>
            <TextLine id="r2l48" custom="readingOrder {index:46;}">
                <Coords points="590,2969 2227,2926 2211,2872 589,2920"/>
                <Baseline points="600,2957 680,2954 761,2952 842,2950 923,2948 1004,2946 1084,2945 1165,2943 1246,2941 1327,2940 1408,2937 1488,2936 1569,2934 1650,2933 1731,2931 1812,2930 1892,2927 1973,2925 2054,2922 2135,2921 2216,2918"/>
                <TextEquiv>
                    <Unicode>dices. Chrysostomus ergo Homelia in Matth. 29. interrogans: Quid ergo respon¬</Unicode>
                </TextEquiv>
            </TextLine>
            <TextLine id="r2l49" custom="readingOrder {index:47;}">
                <Coords points="597,3038 2048,3014 2233,2989 2232,2944 595,2971"/>
                <Baseline points="606,3015 686,3014 767,3011 848,3009 929,3008 1010,3006 1090,3005 1171,3003 1252,3001 1333,2999 1414,2997 1494,2996 1575,2994 1656,2992 1737,2990 1818,2988 1898,2985 1979,2984 2060,2981 2141,2978 2222,2975"/>
                <TextEquiv>
                    <Unicode>debimus ad illas uoces Anima talis ego sum: excipit, Non anima defuncti est quae</Unicode>
                </TextEquiv>
            </TextLine>
            <TextEquiv>
                <Unicode>orationes pro defunctis. His accedunt tot sanctorum utriusque testamenti exem¬
pla, praeferenda &amp; traditionibus &amp; condemnationibus hominum. Quis oro san¬
ctorum patrum unquam orauit pro suis defunctis : nunquid Adam pro Abele
suo : nunquid filij pro patre suo Adamo? Quas preces obtulit deo pro anima de¬
functi patris Thare, pro anima uxoris suae chariss. Sarae? Quas preces fuderunt
pro patre mortuo lsaaco Esau &amp; Iacob ? pro Iacobo duodecim filij lsraelis : pro
Dauide Solomon? ln nouo Testamento decollatur ab Herode Ioannes Baptista,
lapidatur a ludaeis Stephanus, truncatur ab Agrippa capite lacobus, sepeliunt
eorum corpora discipuli ipsorum, iustaque peragunt religiose, sed in tot suneribus
nulla fit mentio orationis pro animabus defunctis. Crediderunt enim eas a mor-
te protinus delatas esse in uitam aeternam. Quis ergo imponat nobis post tot cele¬
bria sanctorum exempla, &amp; post tam claram catholicae &amp; orthodoxae fidei profes¬
sionem, necessitatem orandi pro animabus defunctorum? Quis uero haereticos
esse posthac dixerit, qui opere complemus quod professione fidei uel oris confes¬
sione profitemur, imo qui nihil aliud facimus, quam quod ante nos fecerunt cele¬
berrimi utriusque Testamenti cultores dei-
Posterius fulcrum, quod substituunt ruinae purgatorij sui, est apparitio spiri¬
tuum, Rabanus enim episcopus ex Gregorij Papae &amp; uenerabilis Bedae testimo¬
nijs estendit, perfrequenter apparuisse mortuorum animas, ac edocuisse oblatio¬ 
nes &amp; preces permultum ipsis prodesse. Caeterum miror uiros nonnullae eruditio 
nis negotium suum tam ruinosis imposuisse fundamentis. Prohibet enim domi¬
nus in lege sua ueritatem sciscitari ex mortuorum spiritibus. In prophetis ab hu¬
iusmodi oraculis relegamur ad legem &amp; testimonium. Apud Lucam clamat in tor-
mentis diues epulo, &amp; ait: Rogo te pater Abraham, ut mittas Lazarum in domum
patris mei. Habeo enim quinque fratres, ut testetur illis, ne &amp; ipsi ueniant in locum
hunc cruciatus. Sed audit: Habent Mosen &amp; prophetas, audiant illos. Cumque di-
ues respondisset: Non pater Abraham, sed si quis ex mortuis ierit ad eos, relipi¬
scent. Iterum audit: Si Mosen &amp; prophetas non audiunt neque si quis ex mortuis
resurrexerit credent. Certissimum est ergo &amp; euangelica authoritate confirma¬
tum, ne beatas quidem animas nobis mitti a deo quae nos aliquid doceant lmpias
&amp; condemnatas quis oro audiat? Relegat nos omnes ad scripturam canonicam 
Christi euangelium. Vnde iam consequens est, nullius momenti imo fallacissima
&amp; mendacissima esse testimonia, quae petuntur ex oraculis aut apparitionibus spi
rituum mortuorum,
Diuinis testimonijs accedunt etiam humana, quae interim nos erudiunt, non
posse animas a corpore separatas in hisce oberrare regionibus. Nimis longa sunt
quae hac de re docte disputat Tertullianus in sine propemodum libri sui de Ani-
ma, huc tamen tendunt omnia, ut ostendat animas a corporibus suis separatas, &amp; 
suis locis destinatas, non redire iterum in hoc saeculum. Obiectioni quorundam ia¬
ctantium artem magicam, sed &amp; uirtute diuina multos ex mortuis in hanc uitam 
redisse, respondet: Sed etsi quasdamreuocauit in corpora dei uirtus, in documen¬
ta iuris sui, non iccirco communicabitur fidei &amp; audaciae magorum, &amp; fallaciae
somniorum, &amp; licentiae poetarum, atquin in resurrectionis exemplis, cum dei uir¬
tus siue per prophetas, siue per Christum, siue per apostolos in corpora animas re
praesentat, solida &amp; contrectabili &amp; satiata ueritate praeindicatum est hanc esse for¬
mam ueritatis, ut omnem mortuorum exhibitionem incorporalem praestigias iu¬
dices. Chrysostomus ergo Homelia in Matth. 29. interrogans: Quid ergo respon¬
debimus ad illas uoces Anima talis ego sum: excipit, Non anima defuncti est quae</Unicode>
            </TextEquiv>
        </TextRegion>
    </Page>
</PcGts>
