2288 3632
540 278 2178 376 ludis rationibus ex scriptura deductis approbauero. Et quamuis tud pietas mea instructione non indigeat, ut qua
535 360 2181 439 satis est instituta in religione uera, habeatque undiquaque doctissimos & pijssimos uiros, inter quos non postremi
545 405 2182 495 sunt D. Robertus Scinnerus, & D. Andreas Vullotus, uiri praestantiss, speraui tamen hos meos labores tibi acce
540 456 2187 550 ptos futuros, meamque dedicationem, bono profectam animo, te boni consulturum, ut pote qua nihil ambio, nisi sa¬
543 534 2183 599 lutem publicam: uidelicet ut regnum filij dei, quod nostro tempore (imminente, & ante fores nostras iam pulsante
541 581 2185 661 illo tremendo filij dei iudicio) reftorere coepit, cum apud uos in incloto Angliae regno, tum alibi terrarum, longe
541 636 2183 716 lateque propagetur. Et alij quidem in dedicatorijs suis epistolis eius laudes celebrant, cui libros inscribunt: ego uero
545 691 2187 763 cum sciam te huiusmodi applausus nihil morari, neque indigere huiusmodi praeconijs, quod uirtus tua alioqui satis
540 748 2190 833 sit celebris, quam tu quoque in diem modesia & humilitate augere contendis, magis huc mea deffecto epistola, ut
548 795 2186 892 tuam pietatem quam possum diligenter inhorter, quo pergas temetipsum pulcherrimo uirtutum studio & incre¬
550 869 2184 939 mento superare. Domini dei nostri dona sunt, quaecumque sunt in hominibus laude digna. Dominus mentem tibi de¬
558 922 2200 997 dit, ut intelligas magnum quidem merito uideri beneficium regia satum esse prosapia, sed longe maius praestan¬
555 978 2200 1044 tiusque esse, appellari ac reuera esse dei filium, & Christi lesu filij dei cohaeredem. Hanc nobilitatem summam cum
556 1020 2205 1114 per gratiam dei sis consecutus, uide ut eam sedulo pietatis studio retineas in finem usque : uide ut constanter Christo
550 1086 2197 1168 redemptori adhaereas, & eius gloriam promoueas: uide ut ex fide, quam regi eternae gloriae seruas, etiam ferenil
549 1143 2193 1233 simae regiae maiestati, totique incbto regno Angliae dulcissimae patriae tuae fidelis esse pergas. Hactenus peregri¬
556 1191 2192 1272 norum ( quos nobis imprimis commendauit dominus) praesidium & refugium fuisti, denique studiosorum, et docto¬
547 1238 2206 1323 rum hominum arx atque mecoenas, talis esse perge. Sic autem non perituram, sed perennem gloriam in praesenti et
558 1306 2203 1394 futuro saeculo consequeris. Commendare me digneris obsecro magnanimo heroi D. Ioanni Dudlaeo Vuaruicen. Co
558 1366 2207 1442 miti, magnati modis omnibus praestantiss, cui omnia felicia imprecor, omniaque mea offero officia. Dominus le¬
559 1433 2195 1502 sus monarcha orbis summus & unicus, rex regum, & dominus dominorum, seruet incolumem Sereniss regem,
566 1483 2204 1560 totumque Angliae regnum incltum, fidelissimos item prudentissimosque regni consiliarios, ex te quoque princeps cle
552 1541 1541 1627 mentissime, Tiguri in Heluetijs Mense Martio, AnoM. D.LI
