2288 3632
214 604 1578 700 De sancta catholica ecclesia, quidsit, quam late pateat, quibus agnoscatur notis, unde oriatus,
313 670 1479 761 quomodo conseruetur. An errare possits item de potestate & studijs ecclesiae.
718 724 1085 797 SERMO I.
364 820 1724 928 RDINE rerumque cohaerentium filo ducente, consequenter ab ar¬
368 888 1724 981 tifice & authore omnium Deo, progredimur ad ipsius opus excel¬
367 952 1725 1028 lentissimum Ecclesiam. Tanta est enim dei optimi patrisque beni¬
355 1007 1717 1088 gnissimi bonitas, ut non sibi soli feliciter & beate uiuere, sed &
365 1069 1719 1147 omnem felicitatem, & bona sua omnia in nos homines adamatas
74 1126 1712 1216 creaturas suas effundere, bonisque suis nos frui modis omnibus cupiat. Ideoque
73 1167 1706 1266 homines in hoc niundo uiuentes sibi deligit, quos aliquando ad se transferat,
73 1223 1700 1309 in quibus interim, dum hic uiuunt, habitet, quos omnibus bonis suis locupletet,
76 1282 1714 1361 in quibus regnet, ipsique eius appellentur nomine, populus inquam, domus, re¬
79 1338 1718 1448 anum, haereditas, peculium, coetus uel ecclesia dei uiuentis. De qua dicam, ue¬
77 1369 1439 1482 stris adiutus precibus, quod ipse dominus ecclesiae loqui dederit.
128 1453 1734 1551 Ecclesia est uox Graeca, sed usurpata & recepta a Latinis, significans coe¬
61 1492 1715 1603 tum, communionem uel concionem (Germanice ein Gemeino) populum in¬
73 1560 1712 1662 quam conuocatum ad audiendum de reipub. negotijs. Sic enim & Lucas hoc
83 1633 1712 1716 uocabulo usus legitur in Actis cap. 19. Translatum est autem ad usum sacrum,
76 1678 1712 1767 dicique ecclesia coepit coetus uel communio fidelium inuocantium nomen do¬
69 1743 1732 1816 mini. Paulus enim dicit se persecutum ecclesiam dei: qui alibi, Potestatem, in¬
69 1791 1731 1877 quit, accepi a principibus sacerdotum uinciendi omnes qui inuocant nomen
69 1838 1709 1939 Christi. sam enim Christi nomen inuocantes uel Christianos appellat, quos ante
76 1894 1710 1999 nuncuparat ecclesiam. Vel ecclesia dicitur ab euocando. Graece enim extaeneo
72 1960 1713 2043 euoco est. Nam deus ex toto terrarum orbe uniuersalique hominum congrega¬
72 2005 1703 2113 tionem omnes credentes una cum ipsorum semine euocat ex hoc mundo, ut sint
67 2064 1703 2161 eius peculiaris populus, cuius ipse sit uicissim deus: id est, ut sint ecclesia dei ui¬
67 2118 1727 2223 uentis. Clim coetus uel ecclesia populi ludaici peculium dei, dicebatur Syna¬
75 2176 1703 2262 goga. Idem enim significat Synagoga quod Ecclesia : sed propter ludaeorum
79 2252 1711 2331 pertinaciam implacabileque in Christianam religionem odium, uiluit uox Syna¬
76 2308 1701 2392 gogae ac serme in usu esse desijt. Non disseremus autem iusta methodo de ludaeo¬
60 2359 1699 2437 rum, uel Turcarum, uel aliarum exterarum Gentium ecclesijs, quarum plures
76 2400 1710 2492 esse nouimus. De ecclesia Christiana fideliumue dicemus: quam Germani ap¬
75 2472 1705 2556 pellant die Eitq: alludentes fortassis ad Graecorum tupixi. Vocant enim hi xusiut
69 2528 1700 2600 dominicam, nimirum domum uel plebem: sicut & Germani die Etroen nun¬
76 2575 1704 2673 cupant & ipsum dei populum, & locum, in quo hic congregatur ad cultum dei¬
73 2625 1253 2716 Ante omnia autem describemus Ecclesiam paulo rudius,
127 2686 1722 2782 ECCLESIA est uniuersalis fidelium coetus uel multitudo, partim in ipso coelo
73 2726 1710 2819 ian agens, partim adhuc in terris uersans : ubi palam in unitate fidei uel do¬
73 2792 1702 2905 ctrinae uerae sacramentorumque legitima communione consentit non discindi¬
65 2850 1109 2933 tur, sed in una ueluti domo societateque continetur.
124 2904 1720 3029 Haec solet appellari Catholica, id est uniuersalis. Profert enim palmites suos
