2288 3632
63 240 1710 320 profitentium, & adhuc militantium in mundo, contra diabolum, peccatum, car¬
72 316 1708 396 nem, & mundum, in castris & sub signis Christi domini. Ea rursus considera¬
74 365 1723 455 tur dupliciter. Vel enim strictius considerata eos duntaxat comprehendit, qui
66 414 1702 507 non tantum dicuntur, sed etiam reuera sunt ecclesia, fideles & electi dei, uiua
69 482 1701 567 membra, Christo connexa, non modo uinculis aut notis externis, sed spiritu &
67 529 1709 617 fide, & aliquando his duntaxat, sine illis. De qua re dicemus postea. Ista interna
61 584 1701 678 & inuisibilis, dei ecclesia, electa Christi sponsa dici poterat, soli deo cognita, ut
63 639 1699 737 qui solus nouit qui sint eius. Hanc in primis confitentes symbolo edocti apo¬
75 713 1716 775 itolico dicimus, Credo sanctam ecclesiam catholicam, sanctorum comunionem.
66 756 1715 842 Ac paucis quidem his uerbis comprehendimus quod sit ecclesia, quid item &
67 824 1715 898 qualis sit. Principio enim confitemur fuisse, esse, & manere semper ecclesiam
60 881 1686 956 dei. Deinde quid sit profitentes subijcimus, Sanctorum comunionem: id est,
60 932 1692 1013 credimus ecclesiam aliud non esse quam coetum omnium qui sunt, fuerunt,
65 981 1693 1067 eruntque tam in praesenti quam futuro saeculo, snctorum, qui communia inter
61 1032 1695 1125 se habeant omnia a deo sibi concessa bona. Simul etiam exprimimus qualis sit
58 1100 1696 1182 ecclesia, nimirum sancta, sponsa inquam Christi purgata & beata. Nam aposto¬
51 1143 1709 1236 lus Paulus sanctos appellauit mundatos spiritu & sanguine dei nostri: quorum
61 1196 1693 1293 bona pars coronas accepit: reliqua easdem in terris certans sibi in coelis impo¬
58 1270 1700 1349 nendas expectat. Et praecipuum quidem in consideratione ecclesiae caput illud
62 1321 1687 1404 est, quod per gratiam dei membra corporis Christi effecti, omniumque cum san¬
68 1370 1687 1476 ctis omnibus bonorum coelestium participes facti sumus. Etenim non alios ma¬
50 1429 961 1492 gis quam nosipsos confitemur esse sanctos.
136 1473 1702 1553 Vel certe latius considerata ecclesia, non modo uere fideles & sanctos, sed il¬
52 1538 1702 1632 los quoque complectitur, qui tametsi nec uere credant, nec mundi uel sancti sint
63 1597 1682 1684 conuersatione uitae, ueram tamen religionem cum uere credentibus & sanctis
52 1660 1689 1722 dei agnoscunt & profitentur, uirtutes denique palam approbant, scelera repro¬
54 1703 1677 1801 bant, neque adhuc se separant ab unitate huius sanctae militantis ecclesiae. Qua
55 1763 1678 1852 quidem consideratione ne mali quidem uel hypocritae (quales Christi & aposto¬
53 1814 1678 1911 lorum temporibus in ecclesia fuisse dicuntur ludas, Ananias & Saphira, Simon
42 1871 1684 1967 Magus, Demas item, Hymeneus, Alexander, & alij multi) excluduntur ex ec¬
49 1941 1680 2022 clesia, quae uisibilis & externa dici potest. Aestimatur autem haec rursus uel ex
45 1979 1695 2058 aliqua sui parte, uel ex seipsa tota. Consideratur enim Particulariter, & Vniuer¬
52 2039 1694 2143 saliter. Et particularis quidem ecclesia certo est definita numero, certoque ex loco
50 2100 1669 2182 cognosci potest. Ex loco enim indipiscitur nomen, dicta ciuitatum nominibus,
44 2162 1671 2226 ut ecclesiae Tigurinorum uel Bernatium, &c. Graeci particulares illas appel¬
44 2207 1680 2300 lauerunt aaepousiaes. Vulgus dicit parochias, alij & rectius dixere paroecias. Pa¬
40 2278 1672 2359 roeciam uocant incolatum aut habitaculum adeoque uiciniam, domibus conti¬
46 2319 1690 2416 guis comprehensam. At solet in ciuitatibus & in agro designatae aedium por-
48 2389 1688 2470 tioni & templum & parochus dari, totaque illa area appellari parochia, Germa¬
37 2440 1664 2526 nice ein Darqeiober ein pfarrEirque ooet ein Eilqbo35. Ac ueteribus parochus
46 2497 1669 2576 erat praebitor. Hospitibus enim suppeditabat necessaria, sal in primis & ligna.
35 2540 1675 2639 Alij nuncuparunt exhibitorem conuiuij: alij paranymphum. Quia ergo ec¬
38 2610 1668 2691 clesiarum pastores sunt ueluti paranymphi redemptoris capitisque ecclesiae Chri-
39 2653 1660 2750 sti, adducentes ei uirginem castam: quia denique illi ipsi maxime necessaria po¬
34 2718 1661 2793 pulo dei procurant coelestesque dapes uel epulas instruunt, rectissime pastores
31 2776 1661 2864 gregis dominici parochi uel curatores animarum appellantur. De particulari
31 2839 1679 2916 ecclesia loquutus dominus in euangelio dixit, Si scandalisans ecclesiam moni¬
32 2888 1672 2984 tores non audierit, dic ecclesiae. Non potest autem uniuersalis ecclesia conue¬
