2288 3632
539 362 2194 470 duxerunt in littus, & sedentes, quae bona erant in uasa: quae uero mala, soras
528 443 2210 518 eiecerunt. En rursus cernis in eadem sagena trahi bonos & malos, ideoque in eo¬
540 495 2203 573 dem regno numerari bonos & malos. In alia quoque parabola comparet inter
543 549 2208 638 conuiuas quidam non tectus ueste nuptiali: qui ad tempus fertur, tandem a do¬
540 586 2201 698 mino conuiuij eiicitur. Idem alibi dicitur habere uannum aut uentilabrum in
548 653 2200 744 manu sua, areamque purgare & paleam comburere igni inextinguibili. Proinde
556 710 2209 804 S. Paulus in epistola ad Corinthios discrimen aliquod constituit inter professos
549 773 2213 869 ecclesiae Christi hostes, & inter impuros quidem homines, sed nondum tamen
550 820 2201 911 ecclesiae ac Christi nomen auersantes. Si quis, inquit, cum frater appellatur fur
543 874 2213 971 sit, aut scortator, aut auarus &c. cum eo ne cibum quidem capiatur. Quid enim
555 928 2214 1023 ad me attinet de hi qui foris sunt iudicare: Eos qui foris sunt deus iudicat. Fo¬
548 985 2209 1092 ris, id est extra ecclesiae septa collocat non appellatos fratres, id est non agnoscen¬
549 1043 2216 1135 tes nomen Christi uel ecclesiae. Intus, id est in societate ecclesiae (inimirum exte¬
549 1097 2223 1210 rioris) recenset agnoscentes adhuc nomen Christianum, neque opponentes se
557 1166 2215 1246 ecclesiasticae disciplinae, quamuis interim contaminati sint sceleribus. Omnium
549 1213 2213 1310 autem significantissime beatus Ioannes apostolus dixit, Exierunt ex nobis, sed
559 1267 2211 1358 non erant ex nobis. Nam si fuissent ex nobis, permansissent utique nobiscum,
555 1337 2215 1427 Nouum uidetur hoc loquutionis genus. Si enim exeuntes de ecclesia, in socie¬
555 1380 2230 1485 tate ecclesiae non fuerunt, quomodo exire ex ecclesia potuerunt? Potest ne ali¬
561 1439 2214 1527 quis prodire ex loco, in quem nunquam peruenit, aut in quo nunquam fuit?
553 1504 2221 1598 Proinde si hypocritae & mali exierunt ex ecclesia, suerunt certe aliquando in ec¬
569 1552 2224 1642 clesia, tunc uidelicet, quando ex ipsa nondum exiuerunt & quales reuera fue¬
555 1608 2222 1696 rant declarauerunt, Rursus quandoquidem exierunt ex ecclesia, apertissime
555 1666 2224 1755 ostenderunt nunquam se reuera fuisse uiua & uera Christi & ecclesiae membra,
558 1717 2223 1809 tametsi ad tempus ecclesiae membris connumerati sint, Rationem subiungit
563 1776 2220 1875 apostolus, Verorum Christi membrorum ingenium est nuspiam Christum &
573 1837 2227 1922 ecclesiam deserere, sed perseuerare, adeoque de die in diem magis magisque profi-
562 1897 2227 1972 cere. Labuntur quidem sancti, sed non deserunt Christum prorsus. Clamat
565 1940 2226 2031 Dauid prolapsus in adulterium & parricidium, Cor mundum crea in me deus,
567 2003 2226 2087 & spiritum rectum renoua in uisceribus meis. Ne proiicias me a facie tua, &
565 2051 2229 2141 spiritum sanctum tuum ne auferas a me, Redde mihi laetitiam salutaris tui, &
565 2108 2238 2197 spiritu principali confirma me. S. Petrus negauit dominum, uicitque spiritum
569 2165 2232 2263 bonum caro infirma, sed continuo (domino commouente cor eius) resipuit, &
577 2222 2231 2307 exiens de consortio prauo coniunxit se sodalitio bono domini, qui & hunc la¬
564 2286 2223 2384 psum grauem ei praedixerat, & haec insuper uerba adiunxerat, Oraui pro te,
573 2329 2233 2422 ne deficiat fides tua. Et tu aliquando conuersus confirma fratres tuos. Idem
569 2385 2227 2481 Petrus alicubi, pluribus a Christo deficientibus, rogatus num & ipse discessio¬
572 2450 2235 2536 nem paret: respondit, Domine ad quem ibimus? Verba uitae aeternae habes. Et
573 2500 2228 2594 nos credimus & cognouimus quod tu es Christus filius dei uiui. Recte ergo
577 2560 2229 2644 dixit beatus Ioannes. Exierunt ex nobis, sed non erant ex nobis. Rationem
574 2627 2224 2714 suppingit. Si fuissent ex nobis, permansissent utique nobiscum, Quoniam ergc
565 2684 2240 2760 non permanserunt nobiscum in societate Christi & ecclesiae, defectione sua a no¬
569 2725 2242 2817 bis declarauerunt quales hactenus fuerint: nos pro membris ecclesiae nume¬
570 2782 2239 2881 rauimus, ipsi uero defectione illa sua ostendunt se fuisse paleas in frumento do¬
562 2835 2245 2937 minico. Sicut enim palea nondum commota aut uentilata uidetur grano tritici
570 2889 2239 2999 grauis, uentilata autem uacua & Ieuis apparet separaturque a frumento: ita hy-
570 2966 2240 3052 pocritae leui sua defectione approbant se nunquam fuisse semine uerbi dei gra¬
561 3034 1291 3121 ues & uerum Christi frumentum.
