2288 3632
474 279 2122 360 Deus enim unus est cum patre & filio spiritus sanctus : & recte sequitur fides in
470 358 2117 424 spiritum sanctum fidem in patrem & filium. Nam per ipsum diuinae salutis com
466 423 2134 482 pletae in filio fructus obsignatur, sanctificatioque & ablutio nostra nobis per spiri¬
483 468 2120 530 tum confertur aut in nos deriuatur. Apostolus enim, Qui unxit nos deus est, in¬
481 516 2137 596 quit, qui etiam obsignauit nos, deditque arrham spiritus in cordibus nostris. Et ite¬
467 573 2127 647 rum, Eratis quidem sceleribus polluti, iam uero abluti & sanctificati estis, denique
472 629 2130 690 & iustificati per nomen domini Iesu, & per spiritum dei nostri. SSanctificat quidem
475 689 2125 751 & pater, sed per sanguinem Iesu Christi, & eandem in nos sanctificationem trans¬
471 739 2137 812 fundit per spiritum sanctum: ut spiritus sancti quasi proprium sit sanctificare, un
481 801 2133 866 de & nomen obtinet sancti uel sanctificatoris. Eroinde cum spiritus sancti nomen
468 863 2133 924 audimus, cogitandus est effectus quem ei tribuit scriptura, expectandaque benefi-
481 907 2125 970 cia quae ex ipso in nos manant. Virtus enim operatio seu actio spiritus est quicquid
477 976 2137 1032 operatur in nobis per filium gratia dei patris: ut necessaria sit fides in spiritum san
475 1022 2135 1091 ctum. Et profitemur quidem hoc articulo octauo nos credere fideles omnes pur¬
474 1090 2130 1150 gari, ablui, regenerari, sanctificari, illuminari, uarijsque gratiarum muneribus do¬
475 1134 2137 1201 nari a deo propter Christum, sed per spiritum sanctum. Extra hunc enim non est
483 1190 2129 1250 ulla sanctificatio uera : unde non oportet charismata alijs tribuere medijs: haec glo¬
477 1252 2123 1319 ria solius est spiritus diuini. De quo disseremus in alijs concionib. fusius et plenius
570 1302 2133 1365 Quoniam uero elapsa hora nos admonet uela colligere, hortamur omnes ut
486 1355 2135 1423 fidem in dominum Iesum religiose teneant: hunc enim misit nobis pater coelestis,
484 1414 2134 1473 in hoc se totum nobis & exprimit & exhibet, hunc inscribit cordibus, & retinet
483 1471 2143 1533 in animis spiritus sanctus. Est autem tota salus hominis, & singulae salutis partes
478 1527 2132 1587 comprehensae in Christo: unde cauendum est, ne alio deriuemus. Placuit patri, ait
475 1581 2143 1647 apostolus, uniuersam plenitudinem inhabitare in filio, & in ipso recapitulare ac
477 1635 2141 1697 uelut in summam redigere salutis omnia: ac in ipso fideles sint completi. Si enim
474 1690 2134 1753 salus quaeritur, ipso nomine docemur penes ipsum esse salutem. Dicitur enim le¬
471 1746 2135 1824 sus, id est saluator. Si ipsum dei sanctum spiritum ac dona eius uaria desideramus,
475 1800 2141 1859 reperiemus & in Christi unctione. Dicitur enim Christus, unctus inquam, san¬
445 1856 2125 1930 ctus sanctorum & sanctificans, siue inungens nos spiritu suo. Si opus est alicui ro
482 1916 2128 1974 bore & fortitudine, assertione & petentia, habet in dominio Christi. Est enim Chri-
463 1971 2137 2025 r stus uniuersorum dominus. In eodem inuenimus redemptionem, Redemit enim
468 2028 2126 2097 nos uenditos sub iugum sathanae. Habemus puritatem in eius conceptione, indul¬
484 2079 2123 2149 gentiam in eius natiuitate. Nostri enim similis factus est ut condolere nobis posset.
485 2129 2137 2200 Habemus remisionem in eius passione, absolutionem in eius damnatione, satisfa
482 2191 2128 2257 ctionem in eius hostia uel sacrificio expiatorio, purgationem in eius sanguine, re¬
457 2249 2136 2313 conciliationem uniuersalem in descensu eius ad inferos. Habemus mortificatio¬
462 2305 2130 2369 ynem carnis nostrae in sepultura eius, uitae nouitatem, imo & animae immortalita¬
468 2354 2128 2418 tem corporumque resurrectionem in eius gloriosa resurrectione. Habemus item
481 2415 2131 2480 regni coelestis haereditatem & haereditatis obsignationem in ascensione eius, ses¬
481 2468 2130 2532 sioneque in dextera patris. lbidem est intercessor, sacerdos & rex noster, praesidium
486 2527 2119 2587 & caput nostrum, defensor noster & securitas nostra tutissima. Inde trans fundis
483 2582 2126 2643 in nos omnium bonorum copiam spiritum suum sanctum, & communicat se to¬
474 2634 2122 2703 tum nobis, & nosipsos sibi coniungit nexu indissolubili. Inde confidentes & lae¬
479 2698 2128 2767 tantes expectamus ipsum iudicem, assertorem inquam & patronum nostrum, qui
475 2746 2124 2813 damnabit & in tartarum cum sathana praecipites dabit omnes hostes nostros?
472 2816 2135 2872 nos autem & omnium saeculorum omnes credentes secum subuehet in coelos, ut
481 2858 2126 2919 ibi canamus canticum nouum, & in eo exultemus in saecula saeculorum. Ipsi glo¬
473 2915 710 3003 ria semper.
