2288 3632
64 249 1733 334 tificis. Id quod dudum toti mundo innotuisse arbitror: ac sequentur nonnulla
71 314 1730 372 in hisce nostris Sermonibus confutationis argumenta. Quod sibi usurpant do¬
69 373 1732 442 cendi munus, nec ullos legitime praedicare posse, nisi ab ipsis ordinatos, clami¬
73 426 1738 500 tant, oppressionem uerbi dei suorumque errorum patrocinium & assertionem
70 485 1735 561 quaerunt. Id quod etiam suo loco tractabitur. Potestate excommunicandi tam
67 537 1728 595 foede & impudenter abusi sunt, ut non modo ueram disciplinam per eorum ne¬
60 595 1734 672 gligentiam & impiam audaciam amiserit ecclesia, uerum etiam ipsa excomuni-
70 658 1736 730 catio saeculis aliquot nihil aliud fuerit in manibus pontificum, quam ignis & gla¬
60 707 1729 769 dius, quibus contra ueros Christi confessores fere saeuierunt, ac innoxios Chri-
64 758 1736 842 sti cultores persecuti sunt. Porro nullam potestatem ministris ecclesiae datam esse
61 820 1735 893 a domino nouas condendi leges, demonstrabimus suo loco. Potestatem acci-
60 881 1736 948 piendi necessaria uitae exercuerunt quidem strenue, sed spiritualia interim (in
62 939 1735 1016 recompensationem temporalis messis) non seminarunt, imo dormitantes per¬
68 992 1733 1058 miserunt inimico homini zizania serere in agrum dominicum, idque non aliena,
66 1042 1723 1124 sed sua ipsorum opera. Quid quod uitae necessarijs non contenti, regna quoque
60 1100 1736 1179 subdole inuaserunt, & impudenter ac truculenter obtinuerunt? Qui ergo non
71 1161 1726 1233 uidet ecclesiasticam potestatem, ita ut apud istos homines de ea disseritur, & ab
72 1213 1693 1279 ipsis usurpatur, meram esse in miseras animas tyrannidem, nihil plane uidet.
128 1261 1733 1343 Subiungemus iam ueram, puram, simplicem & perspicuam de potestate ecclesia¬
56 1304 1744 1395 stica doctrinam. Potestas definitur esse ius aliquid faciendi. Graece appellatur &
61 1386 1728 1458 Efacriae, & otunaeuis, quorum prius ius & potestatem, posterius iuris uel potestatis exe
67 1436 1730 1500 quendi facultatem significat. Saepe enim fit, ut aliquis habeat potestatem faciendi
62 1500 1723 1575 rem aliquam, destituatur autem perficiendi facultate. Deus utrumque potest, & utrumque
62 1553 1742 1625 concessit apostolis contra daemonia, Luca testante & dicente, eosoxep gurois duye¬
68 1604 1722 1683 uip a afouoriaep, dedit eis facultatem & potestatem super omnia daemonia, &c. Est
68 1665 1742 1741 autem potestas alia quidem libera & absoluta, alia uero limitata, quam & ministe¬
67 1724 1743 1794 rialem uocant. Absoluta est, quae libera prorsus nullius alterius arbitrio uel lege
56 1773 1725 1838 regitur aut constringitur. Qualis est potestas Christi dicentis in euangelio, Data
55 1828 1718 1903 est mihi omnis potestas in coelo & in terra. Euntes ergo docete omnes gentes,
57 1882 1730 1953 baptisantes eos, &c. De hac potestate loquens iterum in reuelatione sua beato
62 1936 1739 2002 Ioanni apostolo facta, Noli timere, inquit, ego sum primus & nouissimus, ego
57 2003 1716 2073 uiuus, & fui mortuus, & ecce sum uiuens in saecula saeculorum: & habeo claues
58 2053 1702 2124 inferorum & mortis. Et iterum, Haec dicit sanctus & uerax, qui habet clauem Dauid
59 2107 1722 2179 qui aperit, & nemo claudit: claudit, & nemo aperit. Limitata potestas non est li¬
57 2160 1710 2234 bera, sed absolutae uel alterius maiori potestati subiecta, quae non quiduis, sed
58 2218 1714 2294 illud duntaxat potest, qd potestas absoluta uel maiore praeditus potestate per¬
58 2281 1712 2346 misit, & certa quidem cum conditione permisit. Qualis certe est ecclesiastica potestas,
62 2337 1715 2406 recte appellata ministerialis. Exercet enim ecclesia dei potestatem suam sibi ab hoc
63 2389 1717 2453 traditam, per ministros suos. Augustinus distinctionem hanc agnoscens, & de ba¬
59 2449 1699 2514 ptismo loquens, Tractatu in Ioan. 5. Baptizauit Paulus, tanque minister, inquit
53 2502 1709 2570 non tanque ipsa potestas : baptizauit autem dominus tanque potestas. Intendite, po¬
58 2554 1708 2634 tuisset hanc potestatem seruis dare, sed noluit. Si enim daret hanc potestatem seruis,
64 2610 1707 2689 id est, ut & ipsorum esset quod domini erat, tot essent baptismata quot serui, &c¬
55 2663 1702 2741 In ecclesia absolutam potestatem ipse sibi Christus retinet. Nam manet caput, rex &
49 2721 1718 2791 pontifex ecclesiae in aeternum, nec separatur a corpore suo unque caput illud uiui¬
58 2784 1708 2852 ficum. Potestatem autem limitatam ecclesiae dedit. Id quod agnoscere oportet : pote¬
56 2829 1704 2907 statem, inquam, ecclesiasticam certis legibus circum scriptam proficisci a deo, ac ea de
46 2902 1709 2961 caussa efficacem esse, ideoque deum in omnibus in primis respici oportere: item
