2288 3632
545 273 2207 354 in hoc esse datam ecclesiae potestatem, ut exerceatur in ecclesiae salutem. Etenim
560 325 2215 412 S. Paulus, Dedit nobis dominus potestatem, inquit in aedificationem, & non
550 392 2215 462 in destructionem ecclesiae. Ergo quae in detrimentum & perditionem uergit, ty¬
548 451 2215 523 rannis est sathanica, non potestas a deo proficiscens ecclesiastica. Ac praestat
551 507 1668 587 hunc finem potestatis ecclesiasticae diligenter tenere.
614 554 2210 627 Caeterum potestas illa limitata ecclesiae fere in hisce uersatur capitibus, in or-
564 607 2213 692 dinandis ecclesiarum ministris, in doctrina, & in dijudicatione doctrinarum,
569 672 2215 737 denique in dispositone rerum ecclesiasticarum. De singulis ordine paucula dice¬
567 718 2213 806 mus, explicantes qualis sit ecclesiae potestas, & quomodo limitetur in singulis
566 776 2212 872 capitibus. Dominus ipse quidem primos ecclesiae doctores apostolos ordinauit,
561 834 2211 913 ut omnes homines intelligerent ministerium ecclesiasticum ipsius dei diuinam esse
559 888 2218 979 institutionem, & non ab hominibus inuentam traditionem. Ergo postque assum¬
557 943 2212 1037 ptus esset in coelos dominus, S. Petrus conuocata ecclesia loquitur ex scriptu¬
555 1017 2216 1079 ris de alio surrogando apostolo in locum proditoris ludae, eo ipso facto decla¬
550 1053 2215 1130 rans ecclesiae a deo datam esse eligendi ministros uel doctores potestatem. Eadem
561 1121 2212 1190 ecclesia mox & diaconos septem, ita suadente Petro apostolis, nimirum spiritu
565 1168 2208 1244 sancto inspiratis, elegit. Antiochena ecclesia manifeste instructa a spiritu sancto,
558 1225 2215 1303 Paulum & Barnabam, licet iam olim ad ministerium designatos, ordinat & mit-
557 1298 2220 1359 tit. Leguntur praeterea in Actis apostolorum ecclefiae, apostolis ita iubentibus,
559 1352 2224 1413 doctores ad ministerium sacrum quoties res postulabat ordinasse. At non ordi¬
558 1408 2216 1469 nabant interim quoslibet, sed idoneos, id est tales, quales legibus expressis po¬
559 1452 2224 1529 stea descripserunt, Si quis esset inculpabilis, unius uxoris maritus, uigilans, so¬
569 1512 2217 1584 brius, &c. Notus est enim Canon apostolicus aeditus 1. Timoth. 3. cap. Sed di-
558 1568 2216 1643 cemus, deo uolente, de Ordinatione ministrorum Sermone huius Decad. 3. Si
565 1619 2209 1694 uero accepit ecclesia potestatem ponendi ministros ecclesiarum idoneos, certe
702 1691 2212 1758 negabit ecclesiam facultate destitutam esse deponendi indignos & impios
553 1746 2176 1808 seductores : corrigendi denique ea quae huic uidentur deesse ordini necessaria.
640 1797 2220 1871 Quoniam uero ministri praecipue ad docendum deliguntur, ecclesia potestatem
559 1842 2215 1920 habet docendi, adhortandi, consolandi, &c. per ministros suos legitimos: do¬
565 1900 2215 1986 cendi autem non quidlibet, sed quod traditum accepit a domino, per doctrinam
559 1954 2217 2050 prophetarum & apostolorum. Docete eos, ait dominus, quae ego praecepi uobis.
564 2014 2216 2083 ste, praedicate euangelium omni creaturae. Et Paulus, Segregatus sum ad praedi¬
564 2068 2218 2147 candum euangelium, quod ante promisit per prophetas suos in scripturis sanctis.
562 2128 2231 2195 Est autem hoc docendi ministerium aliud nihil quam potestas clauium, quas accepit
572 2185 2214 2247 ecclesia: officium, inquam, ligandi & soluendi, aperiendi atque claudendi coelum,
564 2243 2214 2311 Acceperunt alibi quoque a domino apostoli potestatem super omnia: super omnia,
562 2301 2212 2368 inquam, non absolute, sed super omnia daemonia, & non super omnes angelos
568 2349 2212 2423 & homines: & quam in daemones potestatem acceperunt ne ipsam quidem abso
562 2403 2217 2484 lutam acceperunt. Additur enim, Vt expellerent eos. Proinde non potuerunt
572 2458 2220 2544 pro suo arbitrio cum demonibus agere quod uoluerunt, sed quod & quantum ille
570 2522 2224 2602 uoluit cui absoluta est in daemonas potestas. Et ut daemonas expellere ex homi
561 2579 2221 2653 nibus non immittere, etsi uoluissent maxime, potuerunt: ita de morbis non po
566 2626 2221 2697 tuerunt agere quod uoluerunt. Alioqui enim non reliquisset S. Paulus Tro¬
564 2681 2223 2763 phimum Mileti languentem, tantopere ipsi in ministerio sacro utilem. Euocas¬
572 2755 2218 2813 sent, si quiduis potuissent duo in Samaria discipuli, ignem coelitus, atque ita sup¬
571 2816 2221 2879 plicium sumpsissent de Samaritanis inhumanis & barbaris hominibus Christo
566 2851 2221 2925 doino negantibus hospitium. Pari modo illi ipsi apostoli claues, id est potestatem
553 2909 2224 2998 acceperunt ligandi & soluendi, aperiendi & claudendi coelum, remittendi & re¬
