2288 3632
601 252 2194 362 Huius ecclesiae dei unitas, unitaque societas tanta est, ut extra eius consortium
555 348 2190 422 non inueniatur ullus deo gratus populus, ulla uera salus & incolumitas, ulla
550 391 2182 480 lux & ueritas. Nam extra ecclesiae dei septa nulla inueniuntur salubria pascua,
549 447 2195 535 omnia ueneno sunt infecta. Nullus extra dei ecclesiam cultus deo placet. Si quis
552 504 2184 603 olim sacrificasset ipsi etiam deo, extra tabernaculum uel templum in excelsis, is
557 565 2198 654 omnino diabolis sacrificasse, & innoxium sanguinem effudisse uidebatur. Recte
553 614 2182 701 ergo scriptum reliquit beatus martyr & episcopus Carthaginensis Cyprianus,
558 689 2191 762 Quisquis ab ecclesia segregatus, iungitur adulterae, a promissis ecclesiae separa¬
565 722 2190 823 tur: nec pertinet ad Christi premia qui reliquerit ecclesiam Christi. Alienus est,
560 782 2200 880 prophanus est, hostis est. Habere iam non potest deum patrem, qui ecclesiam non
559 838 2197 927 habet matrem. Si potuit euadere qui extra arcam Noe fuit, & qui extra eccle¬
559 893 2196 996 siam foris fuerit, euadit. Sceleratissimus sit oportet, quisquis patriam suam opti-
558 951 2206 1045 morumque uirorum consortium deserit, ac ad hostes deficit. Lactantius ergo uerissi¬
564 1017 2199 1105 me dixit, Sola catholica ecclesia est, quae uerum cultum retinet. Hic est fons ue¬
567 1066 2194 1154 ritatis: hoc domicilium fidei: hoc templum dei: quo si quis non intrauerit, uel
558 1117 2198 1210 a quo si quis exiuerit, a spe uitae ac salutis aeternae alienus est. Saluator enim no
559 1190 1543 1269 ster prior dixit extra ouile non inueniri uitam.¬
628 1234 2211 1319 Quocirca satis mirari non possum corruptos & schismaticos quorundam mo¬
568 1290 2199 1375 res, separantium se qualibet leui de caussa a saluberrima iucundissimaque illa sanctae
563 1345 2209 1435 ecclesiae congregatione uel societate. Inuenias enim hodie capitosos & phana¬
573 1399 2209 1492 ticos homines non paucos, qui annis multis cum nulla comunicarunt ecclesia¬
571 1455 2213 1547 necdum cum ulla comunicant. In omnibus enim desiderant aliquid, in semet¬
573 1509 2205 1610 ipsis solis nihil prorsus quod accusent inueniunt. Ergo mirificam ecclesiae for¬
577 1571 2193 1658 mam apud se concipiunt, quam nisi alicubi ad eum modum, quem ipsi conceperunt.
580 1630 2199 1715 constitutam cernunt, nullam adhuc in orbe ueram Christi ecclesiam (proh pudori
568 1682 2204 1766 esse contendunt. Digni profecto qui architectonicam illam suam exerceant in
590 1734 2209 1825 Vtopia aut Cyribiria, ubi se dignum collocent aedi: icium. Sed uidentur sibi iustas
576 1791 2208 1876 habere caussas schismatis. Nolunt enim cum nostra comunicare ecclesia, quod
577 1852 2214 1940 doctrina ministrorum in ecclesia nondum uideatur satis esse extersa, polita, subli¬
577 1906 2215 1993 mis (ut ipsi aiunt, boq gnung geriot) subtilis & spiritualis. Alicubi queruntur
576 1958 2218 2046 in ecclesijs nostris diuersissimos usurpari ritus. Praeterea desiderant disciplinae
569 2030 2221 2108 rigorem & seueritatem, denique uitae puritatem exactissimam. Etenim impuro se quo¬
583 2075 2208 2157 rundam consortio polluendos metuunt. Multi propter ministrorum quorundam
584 2125 2211 2212 delicta & uitia congregationem ecclesiae uel deserunt uel fugiunt: quales hodie
578 2194 2219 2271 sunt Anabaptistae. Caeterum nulla adhuc causa idonea ab istis est recensita, pro¬
588 2244 2215 2320 pter quam iure uel nobis coniungi non debeant, uel a nobis disiungi possint,
583 2294 2211 2380 Agnoscimus iustas esse caussas, ob quas pij se possint & debeant seiungere ab
580 2356 2211 2439 impijs coetibus: in quibus non tantum corruptus est sacramentorum usus legiti¬
578 2408 2215 2503 mus & conuersus in idololatriam, sed & syncera doctrina prorsus est adulterata,
565 2461 2221 2549 doctoresque uel pastores iam non sunt prophetae, sed pseudoprophetae, qui uideli¬
570 2532 2213 2607 cet ueritatem dei persequuntur, denique pro cibo uitae administrant sedentibus ue¬
583 2581 1990 2657 nenum. Nihil autem huius isti (deo gratia) nobis obiicere possunt,
634 2627 2216 2711 Quod enim attinet ad doctrinam, uersatur baec partim in dogmatis certis, &
577 2689 2212 2775 quasi numeratis, fixis, immutabilibusque : cuius quidem generis sunt articuli fi-
578 2742 2224 2826 dei, & hi quidem citra additionem & corruptionem legitime & syncere intel¬
575 2807 2214 2894 lecti: eiusdem generis sunt & illa, Homines omnes esse peccatores, in peccato
565 2856 2211 2940 conceptos & natos. Homines non nisi regenitos ingredi regnum dei. Homines non
574 2912 2226 3002 suis meritis, sed gratia dei per Christi solius meritum in fide iustificari. Christum
