2288 3632
524 264 2193 375 apostoli caeteri, quorum animi erant per fidem ueram synceri. Proinde Paulus
525 338 2185 434 apostolus, Probet seipsum homo, ait, & sic de pane edat & de poculo bibat.
531 382 2181 486 Semetipsum iubet probare quemlibet, non alienum iudicare samulum, qui suo
530 443 2189 553 stat uel cadit domino. Si fide instructus sis, & legitime participes mensae do¬
530 501 2193 602 mini, non commacularis aliena malitia. Proinde non est quod pollutionis ui¬
527 561 2193 665 tandae gratia, seiungaris ab ecclesia, in qua cernis malos bonis commixtos de
530 622 2194 704 Coena domini participare. Si autem seiungeris, liquido declaras te arrogantia
536 671 2197 774 fractum participare cum illis quos S. Augustinus libro contra Parmenianum 3.
540 724 2203 823 cap. 5. hisce pingit certe uiuis proprijsque coloribus. llli filij mali, qui non odio
530 794 2192 875 iniquitatum alienarum, sed studio contentionum suarum, infirmas plebes iactan¬
536 844 2190 939 tia sui nominis irretitas uel totas trahere uel certe diuidere affectant, superbia
534 895 2203 989 tumidi, peruicatia uaesani, calumnijs insidiosi, seditionibus turbulenti: ne luce
547 950 2199 1047 ueritatis carere ostendantur, umbram rigidae seueritatis obtendunt: & quae in
542 1007 2198 1100 scripturis sanctis salua dilectionis synceritate & custodita pacis unitate ad cor-
533 1061 2199 1159 rigenda fraterna uitia moderatiori curatione fieri praecepta sunt, ad sacrilegium
534 1121 2197 1223 schismatis & occasionem praecisionis usurpant. Item author inter alia pie & pru¬
543 1184 2197 1277 denter disputata, consequentibus 2. cap. hoc consilij placidis dat ingenijs, ut mo
547 1231 2213 1332 derate quod possunt corrigant, quod non possunt patienter ferant, & cum dilectio¬
534 1289 2180 1389 ne ingemiscant, donec ipse deus uel corrigat uel in die iudicij paleas uentilet.
606 1355 2209 1435 Proinde concludentes hunc locum, uerba beati martyris Qypriani uobis
549 1405 2212 1500 recitabimus. Is lib. 3. epist. 3. sic reliquit scriptum, Si uidentur in ecclesia esse
553 1469 2216 1552 zizania, non tamen impediri debet aut fides aut charitas nostra, ut quoniam
549 1527 2203 1608 zizania in ecclesia esse cernimus, ipsi de ecclesia recedamus: nobis potius labo¬
552 1568 2209 1670 randum est, ut frumentum esse possimus, ut cum coeperit frumentum domini¬
554 1625 2211 1730 cis horreis condi, fructum pro opere nostro & labore capiamus. Apostolus in
552 1695 2203 1770 epistola sua dicit, In domo autem magna non solum sunt uasa aurea & argentea,
552 1738 2201 1826 sed & lignea & fictilia : & quaedam quidem honorata, quaedam autem inhonorata:
554 1788 2211 1894 nos operam demus, & quantum possumus laboremus, ut uas aureum uel argen¬
546 1850 2221 1936 teum simus. Caeterum fictilia uasa confringere domino soli concessum est, cui &
554 1905 2214 1998 uirga ferrea data est. Esse non potest maior domino suo seruus. Nec quisque sibi
555 1961 2218 2064 quod soli filio pater tribuit uendicare se putet, ut aream uentilandam & pur¬
548 2015 2213 2124 gandam paleam iam ferre se posse, aut a frumento uniuersa zizania humano iu¬
550 2074 2214 2164 dicio segregare. Superba est ista obstinatio & sacrilega praesumptio, quam sibi
556 2129 2218 2218 furor prauus assumit. Et dum dominium sibi semper quidam plus quam mitis iusti¬
554 2179 2211 2281 tia deposcit assumunt, de ecclesia pereunt: & dum se extollunt insolenter, ipso suo
553 2237 2210 2328 tumore excaecati ueritatis lumen amittunt. Dominus Iesus errantes oues in uni¬
557 2295 2205 2399 tatem catholicae reducat ecclesiae, & uiuentes in unitate, seruet & prouehat. Amen
606 2345 2214 2439 His autem aduersarijs nostris repressis, exurgunt hostes noui & acres, Ro¬
560 2400 2217 2502 manae uidelicet monarchiae sedisque ut uocant apostolicae, ecclesiae uetustissi-
562 2461 2219 2557 mae propugnatores. Ad rauim enim usque clamitant eodem nos crimine conui¬
558 2514 2209 2613 ctos teneri, quo Anabaptistas & phanaticos quosdam condemnauimus. Nos
552 2578 2220 2663 enim sacrilego quodam schismate, & nulla adactos necessitate, ueterem deseruisse
559 2640 2222 2734 Romanam ecclesiam, & nouas atque haereticas nobis extruxisse synagogas. Ete¬
564 2698 2216 2784 nim in Romana ecclesia habere adhuc suam authoritatem diuinam scripturam,.
558 2740 2218 2835 recitari illam adhuc in omnibus templis, disputari denique ex ea in omnibus scho-
562 2810 2215 2891 lis, sed & suum locum habere atque ualere sacramentorum usum: ideoque schismaticos
560 2855 2219 2943 esse nepharios, qui defectione non necessaria desciuerimus ab ecclesia catholica,
555 2915 2223 3015 maxime propter uitia quaedam cleri & episcoporum. Video ergo mihi digrediendum
