2288 3632
557 326 2184 400 Caruit decretis, quibus innititur hodie Romana ecclesia. lgnorauit monarchiam
553 369 2190 460 & totam illam curiam. lgitur ab antiqua illa Romana & apostolica ecclesia nec
564 440 2182 517 recessimus, nec recedemus unquam. Agnoscimus praeterea omnes Romae hodie
558 485 2181 560 Christum adorantes, & seruantes se ab omni Papistica pollutione, quales non pau
561 542 2182 630 cos Romam habere non dubitamus, pro dilectis fratribus. Porro ecclesiam nupe¬
562 591 2175 691 ram Romanam illam, Papam Christi uicarium in terris agnoscentem, & adoran
565 663 2187 735 tem, obedientemque legibus eius, ecclesiam Christi ueram esse non agnoscimus,
577 706 2190 792 Vnde schismatici esse non possumus, qui Romanam ecclesiam relinquentes, a ue
566 782 1182 860 ra dei ecclesia non recessimus,
648 829 2193 901 Ecclesia enim sancta catholica Christo unico pastori adhaeret, illius uerbo cre
578 877 2191 960 dit, & sancte uiuit. Contraria omnia inuenias in Romana ecclesia, ut uenire non
585 934 2189 1037 possit, neque in externae & uisibilis, neque in internae & inuisibilis ecclesiae dei cen¬
581 994 2188 1076 sum. Tolerant multa pij in ecclesia, in membris, inquam, & ministris eius (quod
577 1056 2193 1129 modo cum contra schismaticos agerem, ostendi) uerum in nupera illa Romana
574 1106 2186 1189 ecclesia non inuenias leuia & tolerabilia uel doctrinae uel uitae uel errorum uitia¬
585 1173 2183 1242 enormia, desperata & abominabilia in ipsa sunt omnia. Quae ergo dilectio de per
577 1221 2193 1307 tinacissimis deploratissimisque rebus meliora speret? Adnumerantur ecclesiae dei
591 1269 2187 1353 externae & tolerantur hypocritae & mali, Romanenses autem illi nec mali sunt,
590 1335 2196 1406 nec hypocritae, sed pessimi prorsus & atrocissimi ueritatis Christi hostes, palam
593 1380 2203 1461 blasphemantes euangelium, & persequentes credentes in Christum. Ideoque eccle
596 1449 2204 1517 siae dei notas non habent neque internas. neque externas. Spiritus domini requiescit
589 1490 2196 1584 super eos qui contremiscunt ad sermonem dei: isti incandescunt, si quis serio reue¬
597 1543 2200 1641 reatur uerbum dei. Vera fides omnia uitae uni tribuit Christo : isti fideles perse¬
598 1604 2203 1699 quuntur quod uni Christo omnia tribuunt uitae, nec figmentis Papisticis salutem
589 1661 2196 1760 partiuntur. Pro charitate exercent truculentiam contra fratres & proximos. Quid
592 1727 2192 1797 quod publicis ecclesiae bonis ipsi abuiuntur ad priuatas suas libidines. Quod enim
591 1772 2202 1856 fideles olim ex charitate contulerunt ad usum ecclesiasticum, & ad subuentionem
598 1827 2199 1920 pauperum, isti prodigunt uiuendo luxuriosissime ac sceleratissime. Id quod de eis
600 1883 2208 1963 ante annunciauerunt ecclesiae dei electi apostoli domini Petius atque Thaddaeus,
654 1938 2198 2027 Ac de externis ecclesiae notis quid dicam? Aiunt isti scripturam canonicam
591 1997 2201 2080 suam habere authoritatem in Romana ecclesia, illam & in templis & in scholis re
597 2059 2205 2134 citari, ac sacramenta suum locum habere, & efficacia esse Ego uero diuersum osten
595 2105 2200 2197 dere possum. Principio subijciunt scripturarum interpretationem sedi suae, & ius
600 2162 2206 2247 iudicandi de omnibus attribuunt suo idolo Pontifici Romano Notissimus est e¬
601 2229 2206 2299 nim canon ille, Ab omnibus quicquid statuit, quicquid ordinat, perpetuo quidem
604 2278 2214 2357 & irrefragabiliter obseruandum est. Item, Cuncta per mundum nouit ecclesia, quod
589 2347 2203 2432 sacrosancta Romana ecclesia phas de omnibus habeat iudicandi, neque cuiquam
598 2388 2202 2472 de eius liceat iudicare iudicio. Ergo & scripturas iudicat, exponit, ac pro suo arbi
592 2455 2208 2529 trio fectit & reflectit. Iam non comemorabo, quod disertis uerbis sedis illius pro
603 2515 2207 2584 machi scribunt, scripturam canonicam authoritatem suam accipere ab ecclesia,
600 2559 2205 2640 hac Augustini abutentes sententia, Euangelio non crederem, nisi me commoue¬
598 2610 2202 2693 ret sanctae ecclesiae authoritas. Hoc dicam quod nemini non perspicuum esse po¬
599 2664 2212 2752 test, Romanam ecclesiam aut huius praesides ecclesiae, natiuum scripturae sensum
606 2726 2214 2809 tollere e medio, substituere autem alienum, quem, ut sit plausibilior, sensum appel
605 2779 2213 2862 lant sanctae matris ecclesiae, quem & tanta urgent improbitate, ut si opponas sen
595 2837 2212 2926 sum natiuum, auditurus sis haeretici probrum. Breuiter, nisi totam scripturam ad
600 2889 2215 2979 ipsorum sententiam & commodum detortam, hoc est, ipsorum decretis seu uene
595 2952 2211 3038 no temperatam proferas, non ipsas scripturas protulisse, sed haeresim docuisse di-
