2288 3632
492 264 2173 377 formulam? Symbolo autem apostolico contineri perfectissimam credendorum uel
516 340 2157 433 fidei regulam?: Certe excedentibus ex hoc saeculo ferme omnibus, ac in ipso ago¬
509 396 2171 491 ne iam laborantibus, recitari consueuit symbolum uelut perfectissima saluantis fi
510 452 2164 552 dei regula. Nec dubitamus misericordem deum & patrem misericordiarum (qui
521 506 2165 597 & Latronem illum in cruce sub extremo uitae exitu seruauit) oppressorum tyran
509 574 2163 655 nide Antichristi misertum, immensa sua gratia tetigisse & uiuentium & morien¬
518 632 2168 715 tium corda, ac per spiritum sanctum docuisse, confitentesque unum deum patrem
527 686 2163 765 conditorem omnium, & unum Iesum Christum dei filium mundi redemptorem
535 750 2173 821 passum & resuscitatum, & unum spiritum sanctum, denique sanctam ecclesiam ca¬
524 784 2165 879 tholicam, sanctificasse condonatis peccatis omnibus, animasque fidelium in uitam
512 854 2176 943 aeternam (sicuti crediderunt) transtulisse, quo & in fine saeculi resuscitandam car¬
523 897 2176 994 nem nostram credimus transferendam. Habent hic quoque responsionem interro¬
524 953 2175 1058 gantes, Anne omnes maiores nostri ante haec ultima reuelati euangelij tempora
528 1010 2171 1101 mortui sint damnati? Dispiciant uiuentes potius, ne propter uerbi dei contem¬
522 1084 2167 1172 ptum, atque propter contentiones contra uerbum dei susceptas, disparem a maio¬
529 1122 2182 1226 ribus suis finem sortiantur. Quanquam ergo papisticam ecclesiam non agnosca¬
524 1181 2181 1272 mus ueram esse ecclesiam, inde tamen non sequitur nullam omnino esse aut fuisse
528 1232 2175 1330 in terris dei ecclesiam. lllam enim ueram dei ecclesiam esse dicimus, quae in Chri-
523 1288 2178 1378 stum credidit, & uerbum eius non deseruit, quam & fuse satis descripsimus. Sci-
535 1345 2178 1442 mus praeterea, nos ipsos qui hodie Christo credimus, ueram esse Christi domini
529 1402 2174 1494 ecclesiam. Nam ut fide unico capiti Christo omnibusque catholicae ecclesiae mem¬
529 1459 1877 1565 bris cohaeremus, ita ueris uerae dei ecclesiae signis non destituimur,
636 1504 2178 1602 Caeterum non legimus, inquiunt, sub ludaicae ecclesiae pontificibus, sacerdo¬
542 1575 2180 1662 tibus & principibus, uel prophetas, id est fidelium ductores, uel ipsos fideles desci
538 1625 2183 1716 uisse at pontifice, a rege uel ab uniuersali ecclesia, ac noua sibi separataque sacrilifi¬
534 1681 2181 1768 cia instituisse, sicuti uos hodie facitis. Deficientes enim a Romano pontifice, a re¬
537 1738 2191 1841 gibus, principibus, & ab uniuersali ecclesia, ecclesiam uobis ipsis congregatis, &
540 1797 2173 1897 praedicatione & sacramentorum celebratione ab illa diuersissimam, Respondeo,
550 1848 2181 1944 ueteres ante Christi domini aduentum praescripta de caussa templo idololatria oc
549 1903 2169 1992 cupato & prophanato, non noua sacrificijs quaesiuisse loca. Nephas enim erat ex
545 1978 2188 2050 tra templi septa immolare. Id quod uidere est Leuit. 17. & Deut. 52. cap. Nec alia de
548 2028 2178 2101 caussa populus Babylonica captiuitate per annos 70. detentus, nulla obtulit sacri
535 2088 2194 2166 ficia. Certissimum est tamen & prophetas dei, sanctos & ueros dei cultores sepa¬
537 2128 2181 2220 rasse se a cultu & sacrificijs, contra uerbum dei usurpatis. Certe sermonibus pro¬
551 2185 2194 2282 phetarum omnibus, & sacrificia illa & ecclesiam legimus esse damnatam. Quo
547 2240 2190 2328 nomine & ipsi uicissim damnabantur at pontificibus & sacerdotibus Baal, tanquam
544 2298 2181 2382 haeretici & schismatici execrabiles: quemadmodum hodie quoque anathematis telo
549 2353 2182 2440 confodimur, quod cum Papistica ecclesia & sacris eius communicare nolumus,
550 2410 2189 2492 sacraque ipsa reijcimus. His accedit quod impletis per dominum & iam abrogatis
549 2466 2184 2548 legalibus, apostoli manifesta defectione desciuerunt non modo a pontificibus &
544 2530 2189 2623 Hierosolymitana ecclesia, sed insuper nouam Christo per praedicationem euan¬
550 2581 2185 2675 gelij, & sacramentorum contesserationem collegerunt ecclesiam: quam in Actis
546 2635 2191 2728 apostolorum habemus descriptam: & ad cuius formam merito reformari debent
549 2690 2196 2776 omnes ecclesiae, quotquot Apostolicae uolunt appellari. Quid ergo hodie pecca¬
548 2757 2193 2829 uimus reformantes ecclesias ad apostolicae imaginem ecclesiae, prophanatas iam
545 2817 2188 2888 olim a sede illa Romana ac membris eius? Saepe legimus ecclesiam dei ante aduen¬
547 2854 2190 2952 tum Christi in carnem deturpatam foedis pollutionibus a corruptis hominibus,
546 2913 2199 3020 eandemque repurgatam renouatamque esse ad ueteris ecclesiae imaginem, secundum
