2288 3632
82 265 1721 351 uerbum dei. Cur autem illud ipsum eadem in caussa nostro saeculo non imitaremur?
160 322 1740 387 Extant praeterea uaticinia Christi seruatoris, sanctorum apostolorum & pro¬
81 386 1740 467 phetarum, graphice depingentia grauem hanc ecclesiae Christi sub antichristi ty¬
80 444 1739 520 rannide, extremo hoc nostro saeculo saeuientis, oppressionem: extant praecepta gra
83 502 1738 581 uissima, iubentia fugere antichristum, idololatriam, & pseudoprophetas. Domi¬
76 553 1729 634 nus enim dixit in euangelio secundum Matthaeum, Surgent pseudochristi & pseu¬
87 605 1733 695 doprophetae, & dabunt signa magna & prodigia, ita ut in errorem inducantur, si
80 654 1736 729 fieri possit, etiam electi. Ecce praedixi uobis. Si ergo dixe: int uobis., Ecce in deser¬
76 722 1737 789 to est, nolite exire, Ecce in penetralibus, nolite credere. Et iterum, Cauete uobis a
79 774 1735 859 pseudoprophetis, qui ueniunt ad uos in uestitu ouium, sed intrinsecus sunt lupi
67 835 1736 891 rapaces. Item, Nunquid potest caecus caecum ducere? Nonne ambo in foueam ca¬
80 881 1735 975 dunt? S. Petrus magna cum grauitate, Seruemini, ait, a generatione ista praua. Co
82 945 1724 1025 piosissima idem hac de re tradit in secunda sua epistola, capite 2. & 3. Sed & S. Pau¬
78 998 1729 1081 lus per omnia cum sancto euangelio, & beato Petro congruens, & antichristum
65 1056 1720 1136 & postrema illa antichristi tempora, hominesque corruptissimos, non lumina, sed
79 1103 1721 1181 faces ecclesiae, depingens, iubet sanctos ab his recedere, & ad Christum ac uerita
76 1157 1724 1247 tem eius synceram aggregari. Loca si quis requirat, inueniet 2. Thes. 2.1. Timoth.
77 1227 1731 1284 4. 2. Timoth. 3. & 4. cap. Idem alibi, quemadmodum & beatus apostolus Ioannes
74 1274 1731 1361 dixit, Fugite idololatriam. Et in 2. ad Corinth. 6. cap. disertis uerbis, & luculentis¬
67 1332 1729 1418 sima oppositone demonstrat, non posse constare ullum consensum inter Christum
76 1383 1718 1473 & Belial, inter tenebras & lucem, inter idola & templum dei. Ac subiungit mox,
81 1439 1717 1527 Quapropter exite de medio illorum, & separemini ab illis, dicit dominus, & im¬
76 1505 1705 1577 mundum ne tetigeritis: & ego suscipiam uos. Huc pertinet quod beatus Ioannes
68 1562 1719 1639 apostolus reuelatione sibi a domino Christo facta, uidens fata Babylonis, simul e¬
73 1618 1713 1683 tiam uocem coelo delatam, audit in hanc sententiam praecipientem, Exite de illa po¬
63 1672 1718 1754 pulus meus, ne participes sitis delictorum eius, & de plagis eius ne accipiatis,
76 1715 1714 1808 ldem non semel minatur aeternum exitium bestiam adorantibus : uitam autem
60 1777 1708 1859 & gloriam aspernantibus fugientibusque bestiam, adhaerentibus autem unice uni¬
67 1843 1703 1902 co mundi seruatori Iesu Christo. Proinde discessus ille noster a sede uel ab eccle¬
66 1882 1713 1974 sia Romana non modo licitus, sed & necessarius est, quippe mandatus nobis ab
64 1941 1708 2013 ipso domino per sanctos apostolos, quibus nisi obediamus, saluari nequaquam
68 1994 291 2078 poterimus,
130 2052 1696 2135 Alioqui non ignoramus abominandas ac culpabiles prorsus esse defectiones,
51 2112 1702 2194 inter quas tamen nisi distinguamus, non apparebit luculenter quid uel probemus
58 2172 1700 2246 uel improbemus, quidue sequamur aut fugiamus. Est defectio apostasiae, qua fi-
58 2226 1711 2304 dei uel religionis odio, ex mera impietate & contemptu numinis, athei cum Lu¬
60 2283 1702 2366 ciano suo impio ac luliano apostata, a fide orthodoxa & catholica, denique at
58 2343 1700 2407 communione fidelium deficiunt, & ueritatem praeterea Christianam conuitijs
55 2386 1708 2478 blasphemijsque impetunt, ac ipsam dei ecclesiam uel irrident uel persequuntur. Est
58 2450 1709 2533 rursus defectio haeretica, qua uidelicet cum Valentino, Marcione, Ario, Mani¬
68 2514 1706 2592 chaeo, Artemone, similibusque monstris superbi & confidentes pertinacesque nequam,
58 2570 1701 2646 uel ipsam scripturam repudiantes uel interpolantes contemnunt & calcant, uel
50 2630 1709 2705 certos fidei articulos, sanaque ecclesiae dei dogmata negant, subuertunt ac oppug¬
57 2675 1700 2763 nant, contraria astruunt, atque ita ecclesias sibi haereticas construunt, a uera autem
55 2731 1705 2809 orthodoxa & catholica recedunt. Est praeterea discessus schismaticus, qualis erat
56 2782 1702 2860 Donatistarum separantium se ab ecclesia dei uera, praetextu absolutioris conse¬
53 2848 1700 2925 quendae sanctificationis. De quo abunde satis diximus paulo ante haec. Et superio¬
55 2904 1711 2994 res quidem defectiones duae prorsus sunt abominabiles & nephariae: quemad¬
