2288 3632
73 272 1714 385 quae tollit omnem primatus superbiam, fideleque nobis ministerium & ministerij
80 358 1709 439 aequalitatem humilitatemque commendat: apostolo rursus attestante, ac dicente,
73 402 1647 492 Sic nos aestimet homo, ut ministros Christi, & dispensatores mysteriorum dei.
153 455 1703 544 Huc pertinet totum fere caput Ioan. 10. in quo dominus se statuit uerum uni
86 519 1702 616 uersalis ecclesiae pastorem, & unicum quidem. Quile huius pastoris unicum est
74 573 1707 663 ipsa ecclesia catholica, collecta per uerbum ex ludaeis & Gentibus. Proinde oues
67 628 1716 724 huius caulae sunt omnes in toto orbe fideles, audientes & sese totos regendos prae
71 683 1718 781 bentes summo pastori Christo: qui tametsi ministris ad ministerium ecclesiae depu
67 754 1708 829 tatis, nomen quoque pastoris communicet, ipse tamen soli sibi curam pastoralem
74 791 1705 881 summam, potestatemque & dignitatem primam retinet. Pastores ecclesiarum ho¬
76 858 1713 930 mines, omnes sunt aequales & ministri: Christus dominus uniuersalis pastor, pa¬
74 903 1709 998 storumque princeps ac dominus est. Pastores diligentia & fides praestantior excellen
74 964 1693 1045 tiores facit. Ergo cum Petro dixit dominus, Pasce oues meas: non commisit Petro
73 1021 1702 1111 imperium, uel in orbem, uel in ecclesiam, sed ministerium in eius redemptos. Do
73 1082 1702 1167 ce, inquit, & guberna uerbo meo meas oues, meas inquam, quas sanguine meo re
77 1129 1705 1224 demi. Paulus enim, Attendite uobis, inquit, & cuncto gregi, in quo uos spiritus san
71 1194 1704 1271 ctus posuit episcopos, ad regendum ecclesiam dei, quam acquisiuit sanguine suo.
61 1243 1701 1332 Fallitur itaque Rom, pontifex, qui uerbis domini ad Petrum dictis, arbitratur sibi
65 1304 1706 1380 plenam omnium in ecclesia potestatem esse traditam. Audiatur ipse apostolus Pe
60 1365 1690 1441 trus cum presbyteris colloquens, & ueluti enarrans illa domini ad se dicta uerba,
67 1408 1692 1502 Presbyteros qui inter uos sunt obsecro, ait, qui sum & ipse presbyter ac testis afffi
65 1473 1696 1554 ctionum Christi, atque idem consors gloriae quae reuelabitur, pascite quantum in uo
70 1522 1699 1619 bis est gregem Christi, curam illius agentes, non coacte, sed uolentes, non turpi¬
57 1582 1686 1663 ter affectantes lucrum, sed propenso animo, neque ceu dominium exercentes aduer.
60 1633 1691 1719 sus cleros, sed sic ut sitis exemplaria gregis. Non meminit Petrus ullius imperij et
59 1690 1682 1777 dominij, imo disertis uerbis prohibet dominium. Sicut enim ipse a domino const
55 1751 1681 1835 tutus est minister ac presbyter, non princeps & summus pontifex: ita ipse nullos
49 1808 1690 1881 principes constituit in ecclesia, sed ministros & presbyteros, qui uerbo Christi pa
55 1863 1694 1944 scant gregem Christi, idque sponte & legitime, artibus prauis semel sepositis omni
56 1912 1695 2000 bus. Huc pertinet integrum caput Ezech. 34. quod paulo ante citauimus. Nisi au
49 1979 1688 2054 tem incrassatum esset cor, oculique obriguissent Rom. Pont. & suis, uidissent iam
49 2030 1676 2116 dudum se nulla in parte, aut modo ullo inter pastores ecclesiae Petrique discipulos
52 2083 1680 2156 numerari posse : obseruassent saltem illam sui illius Gregorij sententiam, quam hisce
55 2144 1680 2231 propemodum uerbis recitat apud lmp. Mauricium, Ego fidenter dico, quia quisa
59 2201 1682 2280 quis se uniuersalem sacerdotem uocat, antichristum praecurrit. Et mox, Sed quo¬
40 2252 1677 2329 niam ueritas dicit. Omnis qui se exaltat, humiliabitur, scio quia quaelibet elatio
49 2306 1124 2378 tanto citius rumpitur quo inssatur amplius. Haec ille
137 2353 1676 2446 Postremo adumbratur negotium Christi & ecclesiae per parabolam Coniu¬
33 2416 1664 2511 gij mariti & uxoris. Christus enim ecclesiae sponsus: ecclesia Christi sponsa appel
40 2474 1679 2564 latur. Beatus Ioannes ad discipulos suos dicit, Ipsi uos testes estis quod dixerim,
47 2533 1672 2615 non sum ego Christus, sed missus sum ante illum. Qui habet sponsam sponsus est:
36 2594 1664 2671 amicus autem sponsi, qui stat & audit eum, gaudio gaudet propter uocem sponsi¬
39 2630 1664 2726 Hoc ergo gaudium meum impletum est: illum oportet crescere, me uero minui¬
42 2689 1683 2790 Et in prophetis frequentissimaest haec allegoria. Alicubi fingitur puella neglecta
46 2749 1667 2835 & foeda iacere in sordibus: approperare autem principem uirum, qui e coeno ex-
38 2807 1673 2891 tractam purgatamque a sordibus. nec non splendide ornatam, sibi in uxorem dele¬
35 2872 1672 2959 gerit. Quanquam uero haec allegoria explicet diuinum illud beneficium, quod
41 2927 1669 3028 deus populo suo in Aegypto capto, per mirabilem liberationem & adoptionem
