2288 3632
485 290 2164 374 ster pontifex summus per ministros uerbum ipsius praedicantes. Imo habemus
499 350 2158 434 omnia quaecunque locutus est deus per patriarchas, prophetas & apostolos in sa¬
498 402 2153 495 cris literis exposita, quae nobis praelegunt & enarrant ecclesiarum ministri. Quis
503 461 2155 549 ergo spernat posthac ministerium ac ministros Christi fideles, in primis cum ipse
504 517 2155 601 dominus & seruator noster ministerium subierit, ac factus sit apostolus & mini¬
498 590 2164 661 ster ecclesiae ludaicae.: Quid quod primi illi ministri tales fuerunt, ut nulla saecula,/
510 639 2167 711 nulla religionis doctrina, sanctimonia & excellentia, habuerint pares. nedum su¬
501 682 2158 777 periores. Hodie quia sunt extrema tempora, in quibus illusores & Epicurei late
501 738 2167 825 imperitant, uile est uerbi dei ministerium. Verum si omnia saecula ao exordium
502 796 2158 881 usque mundi percurras & excutias, inuenies sapientissimos, iustissimos & optimos
508 848 2161 936 in toto orbe homines nihil antiquius habuisse uerbo dei & prophetis ac aposto¬
505 926 789 1005 lis dei sanctis.
606 971 2170 1043 Priusquam uero ad alia huius negotij progrediamur, respondebimus non¬
505 1019 2171 1111 nullis etiam sanctarum scripturarum praetextu ministerium uerbi subuertere an
514 1077 2176 1160 nitentibus. Nam citant illud Ieremiae, Non docebit quisque proximum suum: om-
507 1131 2165 1218 nes enim cognoscent me. Nos autem non negamus leremiam sic scriptum reli¬
517 1187 2164 1285 quisse: sed addimus eo loquutionis genere, & dicendi figura aliud nihil insinuasse,
509 1251 2170 1333 quam maxime uulgarem fore in uniuerso mundo dei & rerum diuinarum cogni
511 1300 2177 1382 tionem. Id quod & icel futurum praedixit, quod & Petrus adduxit in Actis cap. 2¬
520 1358 2183 1442 lnterim duo illi prophetae, sicuti & alij omnes perfrequenter mentionem faciunt
520 1410 2169 1496 doctorum ecclesiae, quos dominus missurus sit populo suo: quod non fecissent, si
516 1468 2173 1550 intellexissent omnes e medio praedicatores fore tollendos. Quod alij obiiciunt om¬
531 1540 2182 1610 nibus ex aequo docendi officium esse impositum, uidelicet ut parentes liberos suos
533 1582 2177 1660 erudiant & quisque proximum suum admoneat : ergo nihil opus esse uerbi dei mi-
520 1639 2186 1716 nisterio in ecclesia, sophisticum est. Priuatim enim omnes docere & admonere pos¬
517 1687 2181 1774 sumus ac debemus liberos & proximos nostros: sed ideo superuacaneum non est
526 1757 2179 1832 publicum uerbi dei ministerium. Idem enim deus qui praecepit parentibus & no¬
523 1800 2174 1878 bis omnibus, ut illi liberos in pietate instituant, nos autem omnes proximos no¬
523 1858 2181 1940 stros doceamus & admoneamus, ministros publicos ecclesiae dedit. Horum est pa
518 1909 2180 1994 lam seu publice docere in ecclesia, nec hoc permissum est quibuslibet, sed tantum
518 1967 2175 2048 legitime ordinatis: nisi forte docentes, non recta ingrediantur. Tunc enim cuili¬
520 2031 2179 2106 bet spiritu dei instructo, licet suo loco, tempore, & sobrie contradicere, uerita¬
515 2083 2189 2166 temque asserere. Manet ergo nihilo minus & quidem perpetuo in ecclesia publicum
522 2153 915 2227 uerbi ministerium.¬
613 2196 2185 2270 Haec in genere diximus de ministerio & ministris uerbi dei, porro per species
522 2253 2181 2339 atque partes, quod reliquum huius est negotij, excutiemus, ac principio indicabi¬
517 2310 2182 2380 mus quos ordines, aut quae munia ipse dominus ab initio instituerit, uel quosnam
527 2373 2172 2438 ministerio ecclesiae sacro praefecerit : deinde quales & quomodo nobis ministros
534 2414 2183 2490 conueniat ordinare : postremo quale nam sit ordinatorum ecclesiae officium. Et ne
527 2472 2178 2552 longe repetito exordio iam inde a patriarchis deducto, uobis molesti simus, ab ip
526 2542 2187 2607 so domino nostro Christo exordiemur: de quo loquens Paulus apostolus,. Qui de¬
525 2583 2181 2664 scendit, inquit, idem ille est qui ascendit supra omnes coelos, ut impleret omnia. Et
529 2640 2179 2718 idem dedit, alios quidem apostolos, alios uero prophetas, alios autem euangelistas,
523 2709 2189 2778 alios autem pastores & doctores, ad instaurationem sanctorum, in opus dispensa
528 2747 2182 2828 tionis, in aedificationem corporis Christi. Et reliqua, quae leguntur ad Ephes: cap.
535 2811 2190 2890 . Ergo dominus noster ordinauit apostolos, prophetas, euangelistas, pastores &
526 2876 2198 2952 doctores, quorum opera ecclesiam & aedificare & conseruare atque guberna¬
516 2936 776 3025 re instituit.
