2288 3632
489 277 2154 381 siastico, qui tametsi non docerent continue sicut episcopi, docentibus tamen ade¬
496 350 2160 435 rant in omnibus negotijs. Fortassis appellantur alicubi ab eodem apostolo Gu¬
498 408 1835 492 bernatores, praefecti uidelicet disciplinae & alijs ecclesiae negotijs.
572 451 2151 545 Et quoniam huc praesenti dissertatione sumus delati, explicabimus & alia fun
511 514 2158 609 ctionis ecclesiasticae uocabula. Multus fit in sacris Diaconorum sermo, & apud scri-
501 571 2156 669 ptores ecclesiasticos Sacerdotum. Diaconis commendata erat in primitiua eccle¬
501 631 2163 716 sia pauperum cura. Sicuti clare colligitur ex 6. cap. Actuum apostolorum. Extant
502 684 2157 778 praeterea leges his praescriptae ab apostolo in priore ad Timoth. epistola capite 3¬
517 745 2154 827 Diaconorum functio segregata erat a munere pastorum: iccirco non recensemus
508 804 2157 879 eos in ordine pastorum. Veteres ad ministerium non sacerdotium retulerunt. Iam
519 850 2154 945 & mulieres, non maritatae, sed uiduae leguntur primitiuae ministrasse ecclesiae. In¬
520 909 2169 998 ter alias famigerata extitit Phoebe illa Cenchreen apostoli celebrata encomio. At
513 963 2160 1051 hic uetat mulieres docere in ecclesia & publica obire munia. Quomodo ergo aut
516 1018 2163 1119 qua in re ministrarunt mulieres ecclesiae: Haud dubie pauperibus officijs inser¬
521 1076 2163 1161 uierunt muliebribus. Ministrarunt aegrotantibus, & cum Martha Christi hospita,
512 1142 2166 1224 Christi membra summa fide & diligentia fouerunt. Quae enim alioqui officia obi¬
519 1212 805 1293 re potuerunt?
592 1244 2171 1332 Porro Sacerdotis uocabulum uidetur ex synagoga deriuatum esse in eccle¬
525 1302 2170 1386 siam. Alioqui enim non reperias in nouo testamento uerbi dei ecclesiarumque mi-
523 1361 2164 1446 nistros appellari sacerdotes, nisi ea ratione qua omnes Christiani sacerdotes esse di
529 1424 2166 1497 cuntur ab apostolo Petro. Apparet autem noui testamenti ministros ob similitu¬
523 1468 2176 1567 dinem quandam, quam cum ueteris testamenti ministris habent, dictos esse sacer
524 1525 2168 1625 dotes ab ecclesiasticis scriptoribus. Sicuti enim isti suo cultu tabernaculo inseruie
521 1580 2175 1672 runt: ita hi quoque suo modo & sua ratione dei ecclesiae ministrant. Alioqui ipsa
527 1641 2172 1724 uox Latina est deriuata a sacris: & significat ministrum sacrorum, hominem in¬
528 1695 2173 1788 quam deo dicatum & consecratum ad facienda sacra. Sacra autem sunt non tan¬
536 1749 2176 1833 tum sacrificia, sed quaecunque ueniunt sub religionis censum, unde non excludimus
527 1803 2166 1901 ipsas leges & doctrinam sanctam. In historia ueteri legimus filios Dauidis dictos
539 1869 2176 1946 esse sacerdotes, non quod ministri essent sacrorum. Non enim licebat de tribu su
529 1918 2174 2006 da descendentibus inseruire tabernaculo: sed Leuitis duntaxat) uerum quod sub
532 1979 2178 2064 magisterio & disciplina sacerdotum uiuentes, bonas artes & sanctam theolo¬
530 2048 860 2132 giam discerent.
612 2080 2176 2167 Hic minime dissimulandum uidetur, quod inter uocabula illa enumerata fre¬
547 2140 2173 2238 quens fit in scripturis comunicatio. Petrus enim Christi domini apostolus semeti¬
537 2214 2181 2292 psum appellat presbyterum. Idem in Actis apostolorum, apostolatum uocat episco¬
537 2251 2179 2351 patum. Nam & S. Paulus Miletum conuocans presbyteros, & cum his ipsis collo
547 2308 2185 2407 quens, episcopos esse dicit. Et in epistola ad Titum mandat oppidatim constitue¬
540 2363 2183 2447 re presbyteros, quos protinus nuncupat episcopos. Eosdem & doctores & pasto¬
535 2433 1429 2515 res appellari, nemo tam crassus est ut neget
610 2483 2185 2563 Ex his autem omnibus constare puto, quos ab initio ordines ipse dominus in¬
537 2551 2190 2617 stituerit, & quos ecclesiae ministerio sacro ad gubernandam ecclesiam suam con-
542 2599 2197 2677 secrauerit. Fundauit ecclesiam ab initio per apostolos, euangelistas & prophetas, ean
534 2655 2187 2737 dem prouexit & conseruauit per pastores doctoresque. His adminiculo fuere presby
542 2705 2201 2800 teri atque diaconi. Hi quidem in curandis pauperibus: illi uero in doctrina, in disci
546 2771 2182 2853 plina & in alijs grauioribus ecclesiae negotijs sustinendis administrandisque. Appa
540 2823 2184 2897 ret tamen ordinem apostolicum, adde & euangelisticum & propheticum ab initio
535 2870 2190 2965 ecclesiae a domino ad tempus, pro ratione rei, personarum & locorum, fuisse insti
544 2945 2188 3021 tutum. Nam saeculis iam multis, & mox a fundato Christi regno in terris desie¬
