2288 3632
110 272 1766 396 runt apostoli, euangelistae & prophetae, subierunt autem in locum eorum episco¬
116 359 1754 454 pi, pastores, doctores atque presbyteri: quorum ordo in ecclesia constantissime per
115 423 1753 505 durauit: ut iam nihil dubitare possimus plenum ecclesiae ordinem, & absolutam
116 464 1757 564 fore gubernationem, si hodie quoque maneant in ecclesia dei episcopi siue pasto¬
115 526 1755 617 res, doctores item siue presbyteri. Interim uero non diffitemur ab apostolorum
110 581 1753 673 morte saepius excitatos esse a deo apostolos, qui gentibus barbaris & impijs euan¬
111 636 1754 734 gelium praedicarent: fatemur deum etiam hodie excitare posse apostolos, euange
117 698 1753 781 listas, & prophetas, quorum opera utatur ad salutem hominum. Agnoscimus enim
110 747 1751 837 apostolos & euangelistas appellari posse uiros sanctos & fideles, qui primum ue¬
109 802 1749 883 ritatem euangelicam praedicant infideli alicui populo. Agnoscimus uiros singu¬
106 854 1761 960 lari afflatos gratia spiritus futura praeuidentes atque praedicentes, excellentesque scri
112 926 1751 1027 pturarum interpretes uel theologos illuminatos, appellari posse prophetas. Sicuti
105 964 643 1041 & alias copiosius ostendi.
205 1024 1764 1121 Caeterum in ordine episcoporum atque presbyterorum ab initio summa fuit hu¬
100 1080 1763 1178 militas, charitas atque concordia, nulla lis aut concertatio de praerogatiua aut titu¬
104 1135 1761 1232 lis dignitatibusue. Omnes enim agnoscebant se esse unius domini ministros, coae¬
103 1197 1745 1285 quales per omnia in munere. Inaequales faciebat, non in munere, sed in donis, do
101 1258 1750 1347 norum excellentia. Interim tamen excellentiora consecuti non aspernabantur me¬
97 1311 1758 1402 diocres, neque hi illis sua inuidebant dona. S. Paulus, Sic nos homo aestimet, inquit
99 1361 1748 1451 ut ministros Christi, & dispensatores mysteriorum dei. Idem praedicationem euan
100 1420 1734 1510 gelicam non uno loco appellat ministerium. Altissimis nimirum fixum radicibus
101 1480 1742 1567 inhaerebat antiquis illis episcopis, quod dominus contendentibus discipulis de ex-
96 1527 1753 1619 cellentia, &, ut aiunt, de maioritate, producto in medium ipsorum puello dixit, Amen
98 1591 1737 1667 dico uobis, nisi conuersi fueritis, & efficiamini sicut pueri, non ingrediemini in re
100 1650 1739 1727 gnum coelorum. Certe S. dei martyr Cyprianus in Synodo episcoporum Cartha¬
91 1703 1734 1791 gini stans, disertis uerbis dixit, Neque quisquam nostrum episcopum se esse episco¬
93 1763 1732 1849 porum constituit, aut tyrannico terrore ad obsequendi necessitatem collegas suos
90 1818 1733 1898 adegit: quando habeat omnis episcopus pro licentia libertatis & potestatis suae, ar
92 1863 1726 1955 bitrium proprium, tanquam iudicari ab alio non possit, cum nec ipse possitalte¬
92 1927 1735 2000 rum iudicare : sed expectemus uniuersi iudicium domini nostri Iesu Christi, qui
91 1984 1732 2065 unus & solus habet potestatem, & praeponendi nos in ecclesiae suae gubernatio¬
79 2029 1727 2122 ne, & de actu nostro iudicandi. Tantum ille. lllo ergo tempore contenderunt epi¬
91 2085 1727 2180 scopi non de primatu aut patrimonio Petri, nescio quo, sed ut doctrinae puritate
95 2138 1729 2237 & sanctimonia uitae alter alteri praeluceret, adde & mutuam sibi inuicem operam
91 2204 1726 2291 conferrent. At tunc quidem feliciter procedebant res ecclesiae, ita ut quamuis po¬
92 2255 1720 2333 tentissimi orbis principes, Christi ecclesiam ferro & igni persequerentur, haec ta¬
88 2323 1726 2408 men nihilo minus aduersus omnes sathanae & mundi assultus immota subsisteret
80 2364 1727 2448 uictrix, sed & in diem redderetur & auctior & illustrior. O felices nos, si ordo pa
92 2420 1727 2504 storalis non fuisset immutatus, sed auita illa ministrorum simplicitas, fides, humi¬
87 2479 958 2556 litas & diligentia permansisset incorrupta.
161 2534 1736 2621 At processu temporis omnia synceritatis, humilitatis, & simplicitatis antiquae
83 2588 1733 2685 euanuerunt, dum alia quidem inuertuntur, alia uel sponte obsolescunt uel arte ab¬
83 2643 1734 2732 rogantur, alia adijnciuntur. Certe non ita multis post mortem apostolorum saecu¬
82 2703 1733 2793 lis uisa est in ecclesia longe alia hierarchia, quam fuerat ab initio. Quamuis prin¬
74 2764 1721 2835 cipia illa uideantur tolerabiliora fuisse, quam sint hodie istius ordinis omnia. San¬
85 2812 1711 2894 ctus Hieronymus, Quondam, inquit, communi presbyterorum consilio eccle¬
74 2867 1725 2963 siae gubernabantur, postea decretum est, ut unus de presbyteris electus, super¬
71 2924 1720 3030 poneretur caeteris, ad quem omnis ecclesiae cura pertineret, & schismatum semina
