2288 3632
504 294 2164 383 & ueram religionem persequuntur acerrime. Alij & potior quidem monastico¬
508 361 2161 434 rum sacerdotum turba nihil aliud quam canit in templis & missat, idque uilissimo
510 429 2172 494 pretio. Libycas enim harenas citius numeraueris, quam istos. Sed & deo, & eccle
516 481 2170 545 siae, denique sibijpsis sunt inutiles, homines plane indocti, ac uentres pigri, implaca
514 537 1358 621 biles interim euangelicae ueritatis hostes.
589 573 2169 653 lnter Saeculares sacerdotes primas tenent Canonici, qui fere sunt homines o¬
514 640 2169 717 ciosi, uoluptuarij, epulones, ac reuera saeculares. Hi existimant se suo functos esse
516 717 2168 774 officio, si Horas quas Canonicas uocant, absoluant, & spectatores misse assistant,
516 768 2168 829 cultumque diuinum (ut uocant) sua honorent ornentque praesentia. Seueriores &
522 816 2168 879 minime saeculares esse uidentur, qui etiam missas pro uiuis & defunctis celebrant.
520 867 2176 934 Numerantur in saecularium sacerdotum turba & Parochi, quos Plebanos nun¬
517 920 2157 993 cupant, nimirum plebi destinatos sacerdotes, qui soli umbram aliquam ueteris in
519 986 2167 1048 stituti referunt, in hoc, quod praedicant & sacramenta administrant: quae tamen
521 1046 2163 1112 ipsa probare non queas, quod haec iuxta traditiones papisticas, non secundum do¬
516 1088 2170 1157 ctrinam apostolicam administrent. Plurima & alia ex suo faciunt officio, quae pie
516 1150 2160 1224 tas modis omnibus improbat. Adduntur istis Mercenarij, Adiutores uel Vicarij.
519 1206 2173 1272 Accedunt his & Sacellani, quos Capellanos uocant, quorum immensus est nume
517 1271 2163 1329 rus. Hi sicut & monastici sacerdotes potissimas officij sui partes collocant in reci¬
515 1330 2163 1389 tandis horis, praecipue autem in missando, doctrinae nihil tribuunt. Ex hoc enim
522 1378 2178 1449 grege inuenias, qui omni sua uita nunquam sint concionati. Nam concionandi
520 1429 2166 1506 munus ad solos parochos & uicarios eorum reijciunt, ipsi Dijs, quibus ara uel sa¬
517 1498 2172 1560 cellum eorum consecratum est, seruiunt &c. Ex quibus omnibus uel caecis appa
524 1539 2168 1608 ret luculentissime, quam foede corrupta & inuersa sit presbyterorum uel pastorum
525 1597 2177 1671 prima institutio. Presbyteris archipresbyteros praeficiunt. Eo uocabulo usus sum
529 1667 2171 1728 in praeliminari epistola Decadis primae: ac audio fratres aliquos eo esse offensos,
526 1719 2170 1781 quasi papistici fermenti aliquid adhuc apud nos haereat, quasi dignitatis indignae
518 1777 2176 1836 aliquid in ecclesiam reducere cogitemus. Verum securos iubeo esse fratres illos,
527 1817 2173 1892 Nulli sunt apud nos archipresbyteri papistici: nec dignitatem ullam Papae eo uo
521 1891 2173 1944 cabulo intellexi, sed munus inspectionis, quod uisitationis alij nuncupant. Curam
525 1928 2167 1998 enim hi gerunt omnium in agro nostro classium, in admonendo & corrigendo¬
517 2004 1878 2069 nullam gerunt praelaturam, nulla inde consequuntur praemia, &c
619 2041 2173 2113 Sed redimus ad nostrum institutum. Presbyteros uel sacerdotes deriuant a
517 2100 2173 2171 LXX. discipulis, quos dominus in euangelio elegisse legitur, episcopalem ordi¬
514 2165 2172 2222 nem ab ipso Petro & reliquis apostolis. Et ordinem episcoporum mox distinguunt in
526 2214 2185 2276 tres partes. Numerant enim Patriarchas, Archiepiscopos & Episcopos. Patriar¬
516 2279 2179 2337 chas intelligunt patres principum seu summos patres. Eosdem & Primates nun¬
530 2334 2176 2390 cupant. Ac Primates, inquiunt, tribus archiepiscopis praesunt, sicut & rex tribus
528 2376 2175 2456 praesidet ducibus. Hic locum habent opinor Cardinales, in quibus ecclesia Roma
523 2429 2170 2507 na ceu in cardinibus ianua uoluitur. Nam in Decretal. Greg. de officio archipr.
520 2490 2176 2561 sic legitur, Cardinales dicuntur a cardine : quia sicut in cardine regitur ostium,
528 2549 2176 2617 ita per cardinales regitur uniuersalis ecclesia. Archiepiscopi sunt ueluti princi¬
526 2614 2173 2676 pes episcoporum: Metropolitani quoque cognominati, quod praesideant in urbi¬
511 2667 2165 2729 bus primarijs, Reuera metropolis ueluti matrix quaedam urbs dicitur Grecis, ex
523 2714 2167 2789 qua coloniae deductae. Vnde metropolitanus episcopus nominatur, qui prouin¬
526 2783 2179 2851 ciae alicui praeest, aliosque sibi subiectos habet episcopos. Hi uero & pontifices
528 2829 2170 2887 & antistites & praesules appellantur. Si uero haec omnia conferas cum ijs quae an
523 2885 2185 2948 tea dixi de primitiuae ecclesiae episcopis & gubernatoribus, diuersissima inter se
513 2936 737 3030 esse dices.
