2288 3632
80 297 1773 377 tradenda a pastoribus ecclesiae, quae est coetus Christi uerbo credentium. Quis au
88 362 1772 449 tem nesciat pronunciatum esse a propheta: Omnis homo mendax, solus deus ue¬
89 424 1773 499 rax. Et ecclesia est columna & basis ueritatis, quia ut ueritati scripturarum inniti¬
97 477 1766 559 tur, ita non aliam quam scripturis traditam profert, aut prolatam recipit doctri-
96 531 1765 609 nam. Quis uero gloriam soli deo debitam, sibi etiam usurpet? Solus deus totius
91 592 1762 670 generis humani, in ijs maxime quae attinent ad religionem & uitam beatam, legisla
86 649 1780 724 tor est. Isaias enim, Dominus, inquit, est iudex noster: dominus legislator noster:
93 690 1780 786 dominus rex noster, ipse seruabit nos. S. Iacobus item, Vnus, inquit, est legislator
97 755 1762 842 qui potest seruare & perdere. Deus hoc sibi uelut proprium asserit, ut legibus uer
83 803 1756 891 bi suiregat suos, in quos solus habet ius uitae & necis. Quinimo non possunt piae
91 858 1758 951 leges esse quae suo arbitrio fidem docere & cultum dei praescribere praesumunt,
85 912 1762 1004 Doctrina fidei & cultus dei, nisi diuina sit, nihil minus est quam quod esse dici¬
91 981 1760 1064 tur. Solus deus docet nos quae sit uera fides, quis ei placeat cultus. Ideoque apud
88 1025 1776 1124 Matthaeum ex lsaia filius dei pronunciauit, Frustra me colunt, docentes doctrinas
93 1096 1756 1172 praecepta hominum. His accedit & illud, quod ex nouis hominum constitutioni¬
85 1147 1757 1229 bus semper enascitur mirus uerbi dei legumque diuinarum neglectus, adde & con
92 1210 1755 1294 temptus. Nam propter traditiones nostras, quod & in euangelio dixit dominus,
72 1257 1065 1330 praeuaricamur & paruipendimus praecepta dei.
150 1305 1750 1391 Postquam autem constat unde sit pastori seu doctori petenda doctrina, non
74 1381 1742 1458 aliunde quam ex scriptura noui & ueteris testamenti, quae est certissimum & uera
85 1436 1746 1505 cissimum uerbum dei, ideoque hanc doctrinam esse certam & definitam, dicendum
86 1488 1747 1565 porro erit nonnihil & de ratione docendi, quam sequatur doctor siue pastor eccle
88 1536 1770 1621 siasticus. Atque hic summas duntaxat rerum perstringam. Ante omnia autem re¬
79 1603 1767 1658 quiritur at pastoribus, ut perpetuo id sibi dictum existiment, quod Archippo incul
87 1653 1737 1721 care iussit apostolus, Vide ministerium quod accepisti a domino, ut illud impleas:
75 1697 1738 1775 denique a pastoribus ne unquam oculos detrahant a uiua illa boni & mali pastoris
84 1762 1764 1831 pictura, quam Ezechiel illustris propheta ad hunc modum proposuit, Sic dicit do
69 1823 1736 1901 minus deus, Vae pastoribus lsiael qui pauerunt seipsos. Nonne pastorum est pa¬
69 1873 1744 1945 scere gregem ipsum? Pinguedinem comeditis, & lana induimini, & quod crassum
72 1934 1739 2012 est mactatis, oues autem ipsas non pascitis. Dolore correptam non consolidastis,
76 1992 1743 2068 aegrotam non sanastis, confractam non ligastis, propulsatam non reduxistis, & per
72 2034 1738 2122 ditam non quaesiuistis, quin & cum duritia & saeuitia dominati estis eis. Et iterum,
67 2090 1737 2181 Ego pascam oues meas, dicit dominus deus. Perditam requiram, propulsatam re¬
73 2158 1735 2225 ducam, confractam sanabo, infirmam roborabo, pinguem uero & firmam coher¬
73 2220 1742 2288 cebo, & pascam in iudicio. Hinc colligimus boni pastoris esse pascere non deuo¬
73 2267 1729 2338 rare gregem, ministrare non dominari, salutem ouium non priuatam rem quaere¬
66 2321 1731 2389 re. Perditam item ouem requirere, id est, eos qui abhorrent a ueritate & uersantur
61 2377 1734 2456 in tenebris errorum in ecclesiam & lucem ueritatis pertrahere : propulsatam, ni¬
67 2432 1738 2504 mirum separatam a consortio sanctorum, priuati alicuius affectus gratia, restitue¬
73 2486 1740 2572 re & reducere : confractam sanare siue obligare. Vulnera enim peccatorum notat:
72 2547 1754 2619 quae & Ieremias curare praecipit : denique infirmam & languentem roborare non
66 2604 1754 2678 prorsus conterere: ac firmam, id est, homines in uirtutibus fforentes cohercere, ne l
73 2658 1753 2742 superbiant in donis dei, ac excidant. Cogitet autem haec non posse perfici nisi sana
69 2709 983 2781 & perpetua doctrina deriuata ex uerbo dei¬
160 2760 1752 2850 Docendi ratio extendit se ad publicas doctrinas & priuatas. Publica doctri.
74 2830 1750 2901 na instituit pastor publice uel Catechumenos uel Perfectiores. Catechumenis
80 2889 1735 2961 quidem tradit elementa uerae religionis. Comprehendit enim Catechesis rudimen¬
74 2941 1741 3013 ta fidei & doctrinae Christianae, nempe capita foederis, decalogum, symbolum apo¬
