2288 3632
85 308 1752 396 prudentia, modestia, humanitas, humilitas & authoritas dei ministris digna. Ab¬
80 383 1745 468 sint autem his contraria uitia siue flagitia. His pauculis comprehensa puto, quae
86 429 1748 513 alij fuse tractarunt disserentes de disciplina & honestate clericorum. Omnia enim
81 485 1741 566 saecula intellexerunt in omni gradu & hominum genere malam esse uitam disso¬
86 541 1744 624 lutam, in ministris autem ecclesiarum pessimam & intolerabilem. Quid enim effi
79 605 1742 691 ciat in ecclesia ecclesiae minister, cuius omnis intercidit authoritas? Requiritur er
69 652 661 727 go in pastoribus authoritas.
166 710 1758 801 Hanc concidisse queruntur multi, & collapsam fulcris nescio quibus, titulis
77 763 1756 860 inquam, caeremonijsque subleuare contendunt. Verum non paratur authoritas re¬
82 821 1736 911 bus huiusmodi leuiculis & uulgaribus. Paratur potius dei gratia, ueritatis & in¬
82 879 1728 970 tegritatis studio: si uidelicet deus corda tangat hominum, si hi intelligant deum per
70 939 1736 1023 ministros tanquam per organa sua operari opera sua in medio ecclesiae: si sentiant
73 997 1735 1071 spiritus feruore non frigide ministros negotia domini agere, nihil metuere in cau¬
78 1049 1726 1129 sa bona, nihil timere impios & potentes huius saeculi, sed his obsistere: nihil tamen
80 1105 1724 1194 hic indulgere odio, sed animo paterno, forti, constanti & prudenti agere omnia.
73 1157 1736 1248 Quibus si iam accedat non hypocritica, sed uere sancta & integra uita, mores in¬
73 1228 1727 1306 tegri, suaues & iucundi, satis authoritatis paratum sentient fideli ministro omnes
70 1269 446 1340 uiri prudentiores.
162 1333 1748 1406 Nollem tamen his uel tantillum Donatistis & Anabaptistis patrocinatum.
77 1375 1748 1479 Contendunt uerbi & sacramentorum ministerium, a ministro impurioris uitae ad¬
69 1435 1746 1518 ministratum, esse inefficax. Tametsi enim uita a ministro sancta requiritur, non
69 1499 1745 1577 inefficax tamen redditur ministerium, ministri uita existente impura, modo do¬
79 1549 1744 1640 ctrina sit integra atque syncera. Dominus enim in euangelio iubet audire docentes
64 1607 1745 1700 in cathedra Mosis, uetat autem imitari ipsorum opera. Docere enim bona, sed non
68 1665 1720 1746 facere. Dixi hac de re Sermone huius Decad. 2. Nazianzenus pulchre ait eundem
76 1717 1728 1813 esse sigilli typum, siue ferro insculpatur siue auro. Vnum atque idem est euangelium,
72 1782 1726 1854 unus atque idem est coelestis a patre missus thesaurus, siue hic a bono siue a malo affe¬
68 1844 1731 1921 ratur nuncio. Interim uero impura ministrorum ecclesiae uita non dissimulari, sed
73 1885 1727 1986 coherceri, incurabilesque e gradu suo deiici debent, ne perpetuo offendiculo infa¬
67 1936 781 2018 me reddant sanctum ministerium.¬
160 2001 1730 2085 Caeterum cur haec tractas, aiunt multi, pro concione publica : priuatim haec di
53 2057 1719 2135 cenda fuerant sacerdotibus, Respondeo ipsas leges ad sacerdotes praecipue perti¬
63 2124 1726 2196 nentes, quondam principibus populi esse communicatas & praelectas ipsi popu¬
69 2165 1721 2257 lo. Praeterea constat Christum dominum nostrum ea qua peculiariter pertinebant
59 2234 1719 2314 ad doctores pastoresque populi in publicis tractasse concionibus. His accedit quod
66 2273 1723 2374 S. Paulus loquens de presbyteris, Peccantes coram omnibus argue, inquit, ut &
62 2330 569 2396 caeteri timorem habeant.
154 2387 1711 2490 Scriptura sancta, quae summa diligentia bonos & fidos pastores doctoresque
57 2452 1718 2537 describit, non minore fide & sedulitate etiam pseudodoctores & depastores depin¬
59 2510 1705 2584 git, in hoc ut agnoscantur ab omnibus sanctis, & caueantur. Obuia ueniunt haec
66 2568 1716 2639 ubique in scriptis prophetarum & apostolorum. Singulares tamen locos si qui ue¬
58 2610 1708 2695 lint cognoscere, extant Deut. 13. & 1S. lsaiae 56. Iere. 23. Ezech.34. Dan. 1. Matth.
58 2686 1708 2752 7. & 23. Paulinae epistolae in his describendis & confutandis sunt densissimes. Et S¬
68 2724 1499 2807 Petrus in his conuellendis bonam partem epistolae posterioris insumit.
151 2781 1718 2868 Eorundem prophetarum & apostolorum testimonia atque exempla tradunt
60 2844 1708 2917 ministros sanctos & fidos pastores omnigenis diuexandos fore afflictionibus
57 2900 1706 2989 persecutionibusque. llla ipsa interim manifeste testantur, ministerium nunquam op¬
62 2962 1708 3054 primendum fore, sed ministros perpetuo triumphaturos uel morientes, Semper enim
