2288 3632
511 364 2193 431 malis, illos quorum salutem ecclesia domino commendat. Saepe experti sumus ea
516 407 2184 493 ipsa hora praesentissimum sensisse auxilium in discrimine positos, qua preces suas
521 472 2203 543 domino obtulit coetus. Praeterea permouet exemplum plurimos, alioqui duros &
519 518 2200 602 barbaros. Cernunt enim Coetus sacri religiosam pietatem fideliumque in coetibus
516 590 2190 660 ardorem, & commouentur, ut in seipsos descendentes agnoscant se miseros esse,
531 640 2191 714 cupiantque huius coetus esse consortes. S. Paulus, Si conuenerit tota ecclesia in idem,
517 698 2197 777 & omnes linguis loquantur, ingrediantur autem indocti aut increduli, nonne di-
519 749 2199 830 cent uos insanire . Quod si omnes prophetetis, ingrediatur autem incredulus, aut
528 800 2192 890 indoctus, coarguitur ab omnibus, dijudicatur ab omnibus : & sic occulta cordis
530 870 2191 939 eius manifesta fiunt, ac procidens in faciem adorabit, renuncians quod deus reue
527 935 2199 994 ra in uobis sit. Qua ergo confidentia quoue pudore audent nonnulli Coetus sa¬
528 981 2197 1057 cros negligere & neglectos suggillare, quasi sine fructu colligantur? Dauid actus
520 1022 2194 1111 in exilium, de nulla re perinde dolet, quam quod coetibus sacris exclusus, per de¬
536 1081 2187 1167 serta oberrare cogeretur. Promittit autem domino se in coetum sacrum ingressu¬
526 1140 2193 1221 rum, siquidem restituatur. Certe cum dominus in euangelio dicat, Qui ex deo est,
535 1193 2199 1278 uerbum dei audit, consequens est diligentes coetum in quo annunciatur uerbum
528 1259 1408 1341 dei genuinam habere filiorum dei notam.
633 1309 2195 1395 Quoniam uero multi non tantum sacros coetus fastidiunt, sed & preces in uni¬
530 1361 2198 1444 uersum aiunt esse superuacuas, inanes, & inefficaces, priusquam progrediamur,
524 1419 2202 1508 demonstrabimus orandum esse sanctis, orationesque sanctorum & efficaces esse &
525 1474 2195 1556 utiles, adeoque necessarias. Prouidentia dei omnia fiunt, inquiunt, ergo preces sunt
532 1543 2193 1621 inutiles. Quod enim praesciuit deus, id omnino eo modo in effectum deducit, sicut
533 1596 2196 1680 praesciuit, nec impediri potest precibus. Caeterum isti abutuntur dei prouidentia,
523 1653 2190 1722 utpote ex qua colligunt quod non docent colligere eloquia sacra. Nam in Deut.
530 1701 2201 1777 disertis uerbis Moses scriptum reliquit, Decreuerat uos dominus delere, Oraui
532 1766 2195 1838 igitur ad dominum, & inueni gratiam. Ionas Niniuitis denunciauit excidium a¬
522 1810 2206 1887 deo certum a domino, ut etiam dierum numerum ediceret. Sed cum uiri Niniui¬
521 1866 2197 1943 tae crederent domino, & poenitentiam agerent, redijt cum ipsis in gratiam domi¬
528 1924 2199 2005 nus, nec poenitentes excidit. Dixerat praeterea lsaias Ezechiae ex ore domini, Mo
527 1994 2197 2057 rieris tu, & non uiues. Cum uero ex imis praecordijs domino preces funderet rex,
529 2045 2188 2113 mutauit deus latam sententiam. Nam dominus ipse apud Ieremiam, Repente lo¬
530 2094 2192 2185 quar aduersus gentem & regnum, inquit, ut excindam illud. Si poenitentiam ege¬
527 2149 2192 2228 rit gens illa, contra quam loquutus eram, a malitia sua, iam & me mali poenitebit
528 2203 2184 2284 quod ei facere constitueram. Et caetera. Proinde efficaces sunt fidelium preces,
522 2273 2198 2358 irata dei iudicia retardantes, adde & e medio sustollentes. Nam quod rursus obii¬
523 2323 2188 2392 ciunt, orationem esse expositonem rerum, quas postulamus a domino, Dominum
527 2376 2184 2452 autem omnia praescire, eidem ergo inutiliter & superuacue ea quae nouit exponi,
533 2443 2198 2511 ideoque inutilem esse orationem: ab ipso diluitur Christo domino, qui cum diserte
530 2487 2196 2571 dixisset, Nouit pater uester coelestis, quibus rebus opus sit uobis, priusquam peta
531 2541 2186 2622 tis ab eo, nihilominus tamen formulam precandi subijciens docet nos orare. Alibi
524 2599 2188 2690 praecipit & urget ut frequenter oremus. Vigilate & orate, ait ne intretis in tenta¬
532 2653 2181 2740 tionem. Et Paulus, Semper gaudete, inquit incessanter orate. Huius generis ubi¬
528 2714 2179 2794 que multa occurrunt praecepta. Neque uero res nostras ut nescienti exponimus,
533 2776 2188 2850 ed uota cordis nostri scienti proponimus, & nos ad pedes maiestatis eius humi¬
529 2821 2190 2912 liamus, Petimus ab illo, quod scimus nobis deesse, sed ab ipso, utpote omnium bo-
529 2889 2190 2960 norum authore, certo dandum. Credimus enim certis & infallibilibus eius pro¬
521 2933 2186 3023 missis: interim preces non sunt superuacaneae, quia dominus certo daturus erat
526 2990 2190 3093 quod petebamus. Promisit deus liberationem populi sui, de qua sancti nihil dubi¬
