2288 3632
493 276 2167 402 & in terra: seruiunt ei millena angelorum milia. Cogitemus quam utiles & neces¬
491 364 2164 453 sarias res a deo petamus: sine quibus felices esse non possumus Remoueamus prae¬
498 422 2161 510 terea omnia ea quae uel retinent in hoc saeculo, uel detrahunt ad terrena, cuiusmo
498 464 2179 578 di sunt accidia, auaritia & crapula, denique his alia similia crimina. Contra uero stu
507 518 2176 620 deamus uigiliae, sobrietati, benignitati, liberalitatique. Certe scriptura ubique fere con¬
504 579 2178 676 iungit orationi ieiunium & misericordiam. Hae enim uirtutes alacriores & expe¬
504 633 2167 736 ditiores ad orandum efficiunt per fidem. Daniel, Posui faciem meam, inquit, ad
497 697 2164 793 dominum deum, ut rogarem eum oratione & obsecrationibus, in ieiunio, & sac¬
499 748 2178 836 co, & cinere. Nec his dissimilia tradunt lonas & loel. Imo in euangelio & aposto¬
504 800 2182 909 lorum literis ubique obuium habemus, Vigilate, orationi instate, sobrij este. Nam
516 864 2176 971 pleno uentre, uel nullae, uel pingues funduntur orationes. Vnde Augustinus di-
514 908 2185 1015 xisse legitur, Vis orationem tuam uolare ad deum: Fac illi duas alas, ieiunium &
513 968 2188 1075 eleemosynam. Nam in Actis apostolorum dicit Cornelio Centurioni angelus do¬
515 1035 2135 1127 mini. Orationes tuae & eleemosynae tuae ascenderunt in memoriam coram deo.
606 1084 2186 1177 Et sane requirit a nobis orationem ardentem: at non frigere non potest quae
523 1138 2181 1237 charitate non infammatur. Crudeles ergo, & fratribus sua delicta condonare no
514 1193 2185 1294 lentes, odijque fraterni retinentes, non possunt orare coram domino, dicente, Et
515 1251 2180 1346 cum steteritis orantes, remittite si quid habetis aduersus aliquem, ut & pater ue¬
516 1317 2174 1402 ster qui in coelis est remittat uobis delicta uestra. Et iterum, Si remiseritis homini¬
519 1361 2184 1458 bus errata sua, remittet & uobis pater uester coelestis. Quod si non remiseritis ho-
520 1417 2179 1513 minibus errata sua, nec pater remittet uobis errata uestra. Nam & alibi, Itaque si ob
521 1471 2192 1569 tuleris munus tuum ad altare, inquit, & illic recordatus fueris quod frater tuus
515 1529 2180 1629 habet aliquid aduersum te, relinque illic munus tuum coram altari, & abi prius &
523 1588 2187 1685 reconcilieris fratri tuo, & tunc ueniens offer munus tuum. Alioqui enim ingrata
519 1642 2188 1740 erunt omnia tua munera deo. Condonemus ergo libenter, amemus & beneficijs
512 1714 1909 1807 prosequamur proximos nostros, sic oratio nostra penetrabit coelos.
606 1742 2184 1841 His confine est ne ore duntaxat aut uoce, sed mente & cordis intimo affectu
538 1805 2180 1912 spiritu ac desiderio oremus. Nulla exaudiebatur Mosis & Annae matris Samue¬
522 1862 2189 1958 lis uox orantium, sed fortissime uociferabantur spiritu ad deum, qui & exaudiuit,
527 1924 2187 2014 & illum incolumem cum uniuerso populo lsraelis per mare rubrum ex cruentis¬
520 1982 2181 2070 simis Aegyptiorum manibus deduxit, & hanc sterilem quidem, foecundam secit.
529 2030 2185 2124 Contra uero legimus dominum in euangelio ex lsaia haec contra pharisaeos protu¬
522 2093 2190 2186 lisse uerba, Appropinquat mihi populus hic ore suo, & labijs suis me honorat, cae¬
522 2160 2184 2255 terum cor eorum procul abest a me: sed frustra me colunt docentes doctrinas, prae
522 2207 2192 2295 cepta hominum, Recte ergo Paulus. Orabo spiritu, inquit, sed orabo & mente: spi
529 2264 2192 2351 ritum uocans flatum animalem & uocem illam humanam. Condemnantur his
522 2324 2184 2409 diuinis testimonijs eorum preces qui mirabili linguae uolubilitare & celeritate bre¬
534 2366 2192 2463 ui momento multa uerba eaque fracta & detruncata deblaterant, uoces profunden¬
528 2422 2193 2517 tes sine sensu. Animus enim eorum interea peregrinatur. Nullum preterea ab his
527 2478 2190 2577 sentitur desiderium, nisi hoc forte desiderium uideatur, quod acclerando finem
529 2540 2180 2629 orationi imponere cupide anhelant. In quo genere primas obtinent monachi &
529 2596 2193 2685 sacerdotes, precio & mercede precantes, id est rem nihili magno uenditantes in¬
525 2647 2188 2744 sano populo: non quod preces inanes sint per se, sed quod ad eum modum usur¬
523 2707 2186 2809 patae inanes sint. De his pronunciauit dominus in euangelio, Vae uobis scribae &
535 2767 2189 2863 pharisaei hypocritae, quia comeditis domos uiduarum, dum sub praetextu preci¬
529 2822 2181 2909 bus prolixis precamini : propter hoc plus accipietis condemnationis. Scio quae hic
530 2868 2197 2979 logodedali isti pro mercede conductis precationibus afferant, atque obtendant: sed
513 2928 2198 3037 paucis hunc illis nodum explicandum propono, Precatores isti fidem & charita¬
