2288 3632
523 281 2179 407 & qui uenturus est ueniet, & non tardabit. lustus autem ex fide uiuet, &c. Heb, Ie¬
611 361 2185 445 Ex his facillimum erit explicare tempus orationis, de quo etiam inquiritur,
528 423 2189 515 quando oporteat orare. Priuatim enim semper orare oportet. Semper enim dum
526 466 2188 561 uiuimus uaria & multiplex offertur orandi materia. Ora ergo quoties impellit spi
531 521 2181 612 ritus, & quoties ipsa necessitas aut res te orare compellit. Nihil tame hic coactum
524 571 2178 682 sit: omnia hilari & libero prodeant spiritu. Publicae uero preces tempori sunt astri
527 634 2178 728 ctae. Sunt enim horae precandi statae, sunt conceptiuae. Statae sunt certae illae ab ec¬
535 688 2187 783 clesia receptae, quibus mane uel uespere tota coit ecclesia ad audiendum uerbum
526 743 2182 837 dei, ad orandum, & ad participationem sacramentorum. Non eodem tempore, &
523 799 2189 907 ijsdem horis in sacrum coetum quondam coijsse ueteres ecclesias, testis est Socra¬
533 860 2188 948 tes in historia. Et in hac quidem diuersitate nullum est periculum. Coueniant ad
521 910 2184 1017 cultum sacrum ecclesiae, cum maxime ipsis opportunum, honestum, dignum &
529 984 2196 1064 utile uidetur. Porro conceptiuae precandi horae sunt, quae pro praesenti necessita¬
532 1022 2192 1126 te ad certum tempus suscipiuntur aut indicuntur ab ecclesia. Temporibus diffi-
539 1080 2193 1177 cilibus, & in rebus grauioribus indixerunt sancti apostoli preces & ieiunia. Quod
528 1136 2192 1233 hodie quoque sine superstitione & cum iusta moderatione licet. Et antiquissimum
532 1201 2192 1281 quidem hoc esse institutum liquet ex his loelis prophetae uerbis. Clangite tuba in
543 1250 2197 1339 ion, sanctificate ieiunium, indicite coetum, congregate populum. Quid quod
547 1302 2203 1407 priuatim apostolus iubet secubare coniuges ad tempus, & a licitis sibi temperare
551 1373 1558 1455 uoluptatibus, ut oratio in necessitate sit ardentior?
631 1420 2195 1510 lam & de loco orationis non difficile erit iudicare. Nam ut priuatim omni tem
542 1471 2202 1572 pore, ita ubique orare posse sanctos dixi in principio huius Sermonis. Nulli enim
550 1536 2200 1621 loco alligatur uera sanctorum oratio, neque in hoc loco quam illo melior esse iudi¬
535 1595 2197 1673 catur. Bonitas enim siue praestantia orationis non ex loco, sed ex mente orantis ae¬
547 1640 2204 1737 stimatur. Nam dominus in euangelio ait, Veniet hora, & nunc est, quando ueri
548 1698 2206 1789 adoratores adorabunt patrem spiritu & ueritate, &c. Ioan. 4. cap. Minime autem
539 1751 2206 1840 hic praetereundi uidentur, quibus persuasum est pios nullibi orare posse nisi domi
549 1805 2195 1897 in cubiculo. Quo detorquent illa saluatoris nostri uerba, Tu cum oras, introito in
543 1865 2207 1951 conclaue tuum, & occluso ostio tuo ora patrem tuum qui est in occulto, & is qui est
548 1927 2200 2017 in occulto, persoluet tibi in propatulo. Caeterum habent haec antithesin ad supe¬
544 1976 2196 2069 riora. Nam praecessit, Cum oraueritis non eritis sicuti hypocritae : solent enim in
546 2030 2196 2116 conciliabulis & in angulis platearum stantes orare, quo conspicui sint hominibus,
546 2089 2202 2174 His enim modo opponit, Tsu uero cum oraueris introito in conclaue tuum. Quo¬
554 2155 2203 2235 niam autem in taxando orationis uitio non locum proprie damnauit, sed figurate
552 2203 2206 2287 hoc potius dixit, Pharisaei precibus suis in plateis factis uenantur laudem & assen
547 2254 2206 2345 tationem populi: ita ex contrario cubiculi mentionem faciens, non locum proprie
551 2318 2214 2401 orationem uel meliorem, uel peiorem facere sensit, sed figurato sermone docuit
554 2365 2202 2467 syncero animo & alienissimo a captandis hominum laudibus esse orandum. Nam
552 2439 2206 2514 qui mente ab affectibus tranquilla solum deum respiciens orat, in cubiculo suo
552 2480 2208 2574 orat, siue in templo siue in platea oret. Alioqui enim dominus cum discipulis in
549 2538 2204 2634 templo, in urbe, in agro, & ubicunque res postulabat, orauit. Sequitur item, Pater
550 2588 2215 2694 qui uidet in occulto, reddet tibi in propatulo. Id est, pater cui probatur animus
540 2651 2202 2746 non superbus, sed humilis & ab ambitione alienus, rependet tibi palam. Publicae
552 2709 2201 2805 autem preces fiunt in templo aut in coetu sanctorum: quem si quis contemnat, cla¬
559 2757 2209 2844 mitans orationem nulli loco alligari oportere, nescio an Christiano nomine dignus
547 2818 2210 2901 sit, cum libertate Christiana foede abutatur. Porro de Coetibus dixi paulo supe¬
539 2880 1830 2974 rius. Dicemus plura fortassis ultimo huius Decadis Sermone.
633 2926 2200 3032 Attingendus hic quoque uenit orantium habitus. Absit autem omnis luxus,
