2288 3632
88 296 1743 381 rat Ambrosium pressum lustinae imperatricis Arianae insidijs & persecutione, se
92 358 1747 442 cundum morem Orientalium partium, instituisse, ut hymni & Psalmi canerentur,
88 424 1740 498 ex quo retenta sit psallendi consuetudo, & recepta ab alijs quoque orbis partibus,
91 464 1737 552 Priusquam tamen canendi ritum occidentales ecclesiae recepissent, habebantur ab
91 526 1739 610 omnibus orientalibus pro ueris ecclesijs, nec cuiquam ueniebat in mentem, ideo
82 575 1749 663 haereticas aut schismaticas, aut non recte institutas esse, quod cantu uel psalmo¬
97 633 1750 726 dia destituerentur. Nemo colligebat, Orientis ecclesiae cantant. Occidentis non
84 695 673 760 item: ergo non sunt ecclesiae.
168 745 1763 836 Haec integritas & libertas si mansisset incolumis & intemerata, hoc est, si uete
90 813 1763 877 ri illa modulatione nihil extra canonicas scripturas esset cantatum, si libertas man
90 856 1763 943 sisset ecclesijs canendi uel non canendi, profecto nullum hodie in ecclesia esset cer
86 920 1746 995 tamen de cantu ecclesiastico. Quae enim cantarent ecclesiae, ueteri modulatione
92 980 1740 1056 uerbum dei & solius quidem dei laudes cantarent nec hac parte se alios excelle¬
76 1039 1745 1104 re existimarent, neque nihil canentes condemnarent : cum hae quoque non despice¬
83 1091 1741 1161 rent sobrie & pie cantantes. Si enim pij in studio pietatis, inque assiduis precationi
89 1137 1739 1214 bus perseuerent, licet non canant, filij dei nihilominus manent. Neque uero omnes
92 1195 1743 1283 & ubique cantus aedificat: neque omnes ecclesiae ad canendum sunt idoneae. Quid
85 1261 1735 1332 quod Rabanus eodem loco, quem modo citauimus ? Propter carnales, inquit non
92 1317 1738 1397 propter spirituales, in ecclesia consuetudo cantandi instituta est, ut qui uerbis non
82 1376 1249 1440 compunguntur, suauitate modulaminis moueantur, &c.
151 1419 1731 1498 Caeterum Cantus de quo hodie contenditur, non est uetus ille cantus, quin¬
87 1476 1753 1558 imo ueteri & materia fere & modulatione per omnia contrarius. Vulgus Grego¬
76 1533 1724 1621 rianum uocat, non utique a magno illo Gregorio, qui cantui non admodum propi
75 1601 1732 1671 tius fuisse uidetur, uti claret ex eius constitutione, quae legitur in Regist, eius par
85 1653 1729 1731 te 5. cap. 44. Rectius ergo sentire uidebimur, si referamus ad Gregorium V. qui
78 1702 1735 1786 sedisse dicitur circa annum domini 995. & opera praeterea usus, nescio cuius Ro-
77 1756 1731 1827 berti Carnotensis. Sunt tamen qui Vitaliano, sunt qui Gelasio ascribant. Piget com
79 1816 1727 1887 memorare quae hic contexit Durandus in Rat, diuin. lib. 5. Nam haec parum moror.
147 1864 1748 1952 Plurima in hoc ueniunt uituperanda. Principio enim multa, imo pleraque can
78 1934 1745 1997 tantur contra ueram pietatem, nec cantantur ex scripturis sanctis omnia, sed ex
82 1979 1745 2058 legendis, nescio qualibus, & ex hominum traditionibus. Et quae cantantur ex scri
74 2043 1731 2123 pturis, ita fere detorquentur & corrumpuntur, ut nihil genij diuini maneat reli¬
78 2105 1718 2178 quum. Inuocantur creaturae ac homines mortui. Deinde praecipitur hic cantus,
72 2155 1731 2229 cantaturque non sponte & liberali spiritu, sed coacte: imo cantatur pro pretio, & ut
69 2202 1719 2280 beneficium ecclesiasticum, quod uocant, recipiatur. Cantatur duntaxat a clericis
70 2266 1727 2334 ad hoc conductis, non a tota, ut quondam, ecclesia Christi. Nec ullus est cantandi
74 2314 1716 2402 finis aut modus. Cantatur dies atque noctes. Huic inepto & etiam impio cantui tan¬
74 2382 1714 2447 quam operi diuino meritorioque tribuitur plus quam uera fides admittat. Multilo¬
79 2436 1719 2494 quium esse dicas quod dominus apud Matt: prohibuit atque condennauit ceu ethni
74 2491 1721 2568 cam superstitionem. Cantatur praeterea lingua peregrina, & paucis nota, ideoque si
69 2545 1713 2624 ne omni fructu ecclesiae. Auditur diu sonus sine uerbis significantibus, suspensus,
70 2590 1717 2678 & sursum deorsumque deflexus. Certant non raro inter se cantores uocibus, ita fit
60 2652 1712 2730 ut totum templum rauco detonet boatu, ac per uocum contentiones auditores quid
62 2712 1706 2785 canatur parum intelligant. Nihil nunc dico de musica, quam figuratiuam uocant,
68 2760 1717 2854 & de musicis instrumentis, quae omnia pene organo ut uocant continentur. Nihil
68 2824 1718 2899 nunc dico de naenijs, siue orationibus pro defunctis. De quibus etiam alibi disputa¬
67 2882 1712 2959 uimus. Haec autem & hi similia ita occuparunt totum ecclesiastici cultus tepus,
58 2939 1719 3009 ut minimum aut nihil cedere possit ueris precibus & sanctae diuinaeque praedicationi
