2288 3632
95 296 1778 406 non agnoscit morbum bona dei uoluntate sibi immissum esse, imo arbitratur deum
112 363 1772 474 ignorare morbum, deum non curare morbum, hunc ergo in alias atque alias reij¬
107 429 1779 522 cit caussas, modosque comminiscitur & quaerit medendi uarios, ac in his mirifice
107 485 1763 570 exercetur & affligitur, nec tamen sic reluctando diuinae uoluntati quicquam in¬
104 533 1764 633 de sentit refrigerij aut consolationis : quid ergo hic aliud facit, nolens quod uult
97 589 1768 688 deus, quam quod solent malum male uitando conduplicare: Proinde fundamen¬
95 651 1767 748 tum omnis felicitatis est fidelis obedientia, qua nos & nostra omnia plene subij¬
92 703 1762 792 cimus bonae dei uoluntati: ideoque maxima hac petitione nobis concedi a patre o¬
103 761 1756 846 ramus, regenerationem uel innouationem mentis, obedientiam ueram, patien¬
98 826 1758 921 tiam perseuerantem, mentemque deo in omnibus & semper consentientem atque
85 867 332 941 subiectam.
198 924 1779 1021 Quarta petitio talis est, Panem nostrum quotidianum da nobis hodie. Nam
100 976 1753 1087 diuina uoluntas non potest in nobis fieri, nisi alamur & confortemur pane dei. Pa¬
101 1036 1754 1148 nis significat Hebraeis omne ciborum genus & conseruationem seu sustenta¬
92 1102 1743 1202 mentum humanae substantiae. Vnde in prophetis dictum legimus, Frangam ba¬
103 1165 1749 1247 culum panis. Constat autem homo substantia duplici, anima & corpore. Anima
94 1204 1751 1316 spiritus est : corpus ex terra & elementis alijs confectum est. Duplici ergo conser¬
97 1275 1741 1367 uatur pane, spirituali & corporali. Spiritualis animae cibus, quo in uita conserua¬
89 1318 1735 1419 tur, est ipsum dei uerbum, ex ore diuino prolatum: in euangelio ex lege repetente
94 1381 1739 1481 domino, & dicente, Non solo pane uiuit homo, sed omni uerbo quod egreditur ex
82 1426 1741 1525 ore dei. Et quoniam hoc unice proponit fidelibus uerbum dei aeternum & incar¬
82 1482 1730 1586 natum, ipsum inquam dei filium, recte hunc agnoscimus cibum esse animae, imo
85 1543 1745 1642 totius hominis fidelis. Ipse enim testatur se esse panem qui e coelo descenderit, ex
80 1607 1740 1702 quo manducantes non moriantur, sed habeant uitam aeternam. Corporalis panis
77 1655 1736 1753 constat elementis, & terrenus est, ac comprehendit cibum, potum, uestitum, sani¬
73 1713 1727 1808 tatem corporis prosperam, defensionem, breuiter incolumitatem & saluum uitae
73 1769 1754 1875 humanae statum. Et hunc quidem panem appellamus nostrum: non quod non sit
85 1830 1724 1924 munus & beneficium dei, sed quod nobis destinatus, ad conseruationem nostri
71 1884 1721 1990 pertineat, nobisque necessarius sit. Interim tamen & quotidianum siue &goop ap¬
81 1950 1726 2042 pellantes omnium praestantissimum significamus, qui solus possit substantiam no¬
74 2000 1733 2100 stram, quantum satis, & quam diu oportet, & eo prorsus modo & ea ratione qua
66 2048 1732 2153 necesse est, sustentare uel conseruare. Diximus enim superius, nostrum non esse
77 2106 1719 2201 deo modum agendi uel dandi praescribere. Huc pertinent & illa consequentia uer
66 2158 1742 2263 ba, Da nobis hodie: Solius enim dei est dare: nec congruit ulli creaturae baec petitio.
69 2216 1717 2318 Dauid canit. Omnia a te expectant, ut des illis escam in tempore. Dante te illis
77 2285 1715 2362 colligent, aperiente te manum tuam omnia implebuntur bonitate. Item, Oculi o¬
61 2332 1722 2435 mnium in te sperant domine, & tu das illis escam in tempore opportuno. Aperis
72 2393 1736 2479 tu manum tuam, & imples omne animal benedictione. lam Nobis da, non Mihi
66 2441 1720 2536 da, oramus, id quod iterum admonet & charitatis & coniunctionis fraternae. Non
63 2509 1714 2590 enim nostra duntaxat quaerere, sed & omnium aliorum hominum incolumitatem
68 2555 1709 2656 & conseruationem petere debemus. Vocabulum Hodie modum nobis statuit.
56 2607 1710 2713 Hoc enim dicimus, Suffice tu nobis quotidie & momentis singulis, quantum satis
62 2674 1713 2764 nobisue necessarium est: id quod tu solus optime nouisti. Admonemur enim obi¬
62 2728 1705 2830 ter ne immodica fluxarum rerum cupiditate ardeamus, & consequutas prodiga¬
63 2782 1723 2870 mus luxu, perdentes & opes & nostras animas. Ideo uero Sapiens ille legitur di-
62 2846 1703 2933 xisse, Duo a te postulaui, ne deneges antequam moriar. Procul a me remoue uani¬
56 2900 1705 2996 tatem & mendacium. Inopiam & diuitias ne dederis mihi: sed fac ut habeam pa¬
49 2948 1713 3059 nem dimensi mei, ne satiatus te negem dicens, Quis est deus: aut per inopiam fu¬
