2288 3632
100 309 1773 397 ponimus. Sed aequum est ut minora remittamus fratribus, qui maximorum pec¬
104 378 1770 462 catorum ueniam accepimus a benignissimo patre: nisi forte illius fortunam expe
92 430 1765 518 riri libeat qui in parabola euangelica & ipse magnam domini benignitatem & li¬
87 481 1760 573 beralitatem in donando expertus, interim atrox & crudelis erat erga fratrem in
94 538 1758 637 exigendo debito modico & leuiculo. Notissima est parabola apud Matthaeum in
96 586 550 664 capite decimooctauo.
171 612 1777 734 Sexta & ultima petitio est, Et ne indueas nos in tentationem : sed libera nos a
93 700 1775 790 malo. Nunquam enim ita remititur peccatum, ut non remaneat in carne concu
92 766 1747 854 piscentia, quam excitant & in uaria peccatorum genera producunt tentationes.
101 812 1748 918 Eae sunt uariae. Principio enim tentat nos deus, cem aliquid obiicit, quo nos probat:
97 868 1760 969 ut cum iubet Abrahamum immolare filium: uel cum aduersa immittit, ut & fidem
95 926 1750 1023 nostram exerceat & igne tentationis scoriam excoquat scelerum. Hae tentationes
95 986 1744 1062 diuinae tendunt ad salutem fidelium. Proinde simpliciter non oramus, ne tente¬
90 1042 1770 1134 mur. Tentatio enim diuina utilis est. Beatus enim praedicatur uir ille qui suffert ten
92 1094 1756 1198 tationem. Cum enim probatus fuerit, accipiet coronam uitae. Petimus autem ne in¬
97 1154 1757 1236 ducamur in tentationem. Tentat enim & diabolus, tentamur a mundo, & a carne
95 1208 1751 1306 nostra. Sunt tentationes a dextris & sinistris, huc tendentes, ut subuertamur, ut de¬
88 1273 1745 1357 mergamur in peccatorum barathrum, ac pereamus: id cum fit, non tentamur tan
85 1327 1744 1409 tum, sed & in tentationem inducimur & capimur. Tale ergo est quod petimus, Si
88 1379 1741 1472 tuis salubribus tentationibus o pater coelestis exercere nos uolueris, praesta quae¬
78 1432 1739 1526 sumus ut probati reperiamur: ne autem patiare abduci nos per sathanicam & pra
87 1486 1732 1575 uam tentationem, ut te relicto, hostique nostro mancipati & scelerum uoragini im¬
91 1549 1735 1644 mersi, retineamur & capiamur ab illo in malo & perditione nostra. Ia enim subij¬
92 1605 1737 1696 cimus membrum oppositum, quod & praecedens exponit, id quod alij septimam
79 1663 1758 1752 esse dicunt petitionem, Sed libera nos a malo: &e am anups, ab illo inquam malo, ni
84 1721 1756 1805 mirum a sathana, qui alibi tentator cognominatur. Libera nos a sathana & ab om
73 1769 1729 1865 nibus malis quae ille immittit: libera ab insidijs, artibus, deceptionibus, a bello, fa¬
80 1825 1738 1919 me, captiuitate, peste, ab omnib. ijs quae mala, calamitosa & noxia sunt. Ea quae sint
89 1885 1731 1963 optime nouit pater coelestis, ad quem hic dicentes. Da nobis salutaria & bona: aufer
68 1928 1740 2028 a nobis quae tu nosti esse pernitiosa & mala, collecta breuitate orationem diuinis¬
74 1993 1723 2088 simam concludimus, adiincientes insuper Amen. Vulgaris illa quondam confir
70 2055 1730 2143 matio & acclamatio fuisse legitur, ut uidere est Deut. 27. Nehem. 8. 5. Cor. 14. Ex-
76 2115 1736 2196 primit ea principio nostrum desiderium. Profitemur enim illa quae orauimus ex
77 2171 1726 2248 animo nos desiderare. Deinde fidei nostrae certitudinem exprimit. Quasi dicamus,
70 2209 1725 2296 Haec autem certo mihi concedenda a deo credo. Perinde enim est Amen, ac si quis
72 2273 1735 2351 dicat, Fiat. Et dominus in euangelio saepe clamat, Amen amen dico uobis, id est
78 2331 1723 2420 pro certo certam ueritatem dico uobis. Vel indubitatam uobis ueritatem profero.
74 2387 1729 2480 Sic autem fideles post oblatas deo preces, pacatis sunt mentibus, alacres iam mu
70 2435 614 2501 nera domini expectantes.
148 2491 1744 2581 Porro inserunt quidam ante dictionem Amen, mox post illa uerba recitata, Sed
66 2541 1742 2648 libera nos a malo, Quia tuum est regnum & potestas & gloria in saecula, Amen. Cae¬
60 2616 1743 2692 terum Erasmus Roterod, in suis ad Nouum testamentum Annotationibus testa¬
61 2672 1741 2756 tur illa uerba non reperiri in ullo antiquo exemplari Latino: in Graecis quidem
61 2722 1718 2817 inueniri adiecta omnibus, sed a nemine exposita interpretum, nisi ab uno Chry¬
62 2769 1715 2873 sostomo & eius imitatore Theophylacto. Sibi ergo addita uideri orationi domi¬
56 2834 1724 2924 nicae, sicuti Psalmis quidam adpenderunt, Gloria patri & filio, &c. Idem mox sub¬
68 2888 1721 2980 iungit, Proinde non est quod Laurentius Valla stomachetur bonam precationis do¬
55 2950 1736 3053 minicae partem fuisse decurtatam. Magis taxanda fuerat illorum temeritas, qui non
