2288 3632
66 268 1716 353 offerimus hostiam laudis semper deo, hoc est fructum labiorum confitentium
72 325 349 395 nomini eius.
149 347 1726 456 Vt autem pro omnibus dei beneficijs grati esse, & continuas gratiarumactio¬
58 438 1726 505 nes deo offerre possimus, necesse est ut prius agnoscamus & probe nobiscum ex-
57 508 1716 569 pendamus dei beneficia. His enim nondum cognitis aut recte expensis mens
70 552 1715 629 nostra non inardescit ad agendas gratias pro beneficijs. Haec plane uaria, imo im
66 608 1720 680 mensa sunt. Sunt enim priuata & publica, generalia & specialia, spiritualia & cor-
67 672 1710 740 poralia, temporalia & aeterna, ecclesiastica & politica, singularia & eximia. Quis
66 729 1711 792 uero omnes species & partes commemoret? Creauit deus, ornauit, illustrauit &
58 776 1714 836 foecundum reddidit hunc mundum propter hominem. Ad huius ministerium
60 833 1709 908 ablegat angelicos spiritus, quos sibi creauerat ministros. Dat nobis corpora &
56 906 1720 966 animas: quae infinitis instruit & cumulat donis ac facultatibus : & quod reliqua
57 943 1705 1015 beneficia excellit omnia, hominem peccato implicitum explicat, diabolo man¬
63 1015 1704 1075 cipatum liberat. Asserit enim nos filius dei in libertatem filiorum dei: moriendo
64 1060 1705 1125 nos uiuificat: sanguinem profundendo purgat ac expiat : spiritu suo nos donat,
69 1123 1714 1188 quo in hoc exilio regamur & conseruemur, donec recipiamur in aeternam &
63 1181 1719 1244 ueram illam patriam nostram. Haec qui uera fide expendunt, non possunt non
51 1231 1723 1295 rapi in laudem & celebrationem diuinae bonitatis, & in admirationem rei pro¬
61 1285 1723 1345 fecto stupendae, quod deus optimus maximus tam exactam habet rationem ho
54 1337 1711 1406 minum, quibus haec tellus nihil habet uel miserabilius uel aerumnosius alias, De
59 1403 1730 1465 stituuntur hic uerbis sancti dei. Neque enim uerba satis huic negotio tanto idonea
60 1455 1711 1526 suppetunt. Clamat Dauid, Domine dominus noster, quam admirabile est nomen
57 1504 1717 1575 tuum in uniuersa terra. Quoniam eleuata est magnificentia tua super coelos. Et
61 1576 1710 1637 quae sequuntur Psalmo S. Et iterum idem, Quis sum ego domine deus? & quae
58 1622 1724 1691 domus patris mei, quod me tantum euehis? Quid uero ultra potest addere Da¬
55 1682 1717 1744 uid, ut ad te loquatur, cum tu noueris seruum tuum domine deus? Et caetera quae
53 1730 1715 1797 leguntur 2. Samuelis lib. cap. 7. Extat eiusdem Dauidis elegantissima benedi¬
62 1784 1709 1859 cendi uel laudandi, aut gratias agendi deo formula in Psal. 163. cuius initium est,
57 1840 1723 1903 Benedic anima mea dominum, & omnia quae intra me sunt nomini sancto eius.
57 1901 1723 1970 Benedic anima mea domino, & noli obliuisci omnium beneficiorum eius. Qui
54 1959 1720 2026 propiciatur omnibus iniquitatibus tuis. Et reliqua. Quid uero pluribus opus?
61 2011 1708 2074 Vnica oratio dominica poterit esse perfectissima laudandi dei, & gratias agen¬
51 2063 1708 2138 di deo pro omnibus beneficijs uice multarum formula. Vt enim praefatiuncula
46 2121 1716 2189 & petitiones omnes, in memoriam reducunt & absolute proponunt maxima
48 2177 1708 2248 dei beneficia, & nobis ipsis et omnibus alijs largissime exhibita: ita si cogitemus
51 2244 1707 2307 nostri officij esse pro his singulis deo gratias agere, incipiamusque mox ab ipso do
47 2286 1717 2356 minicae orationis principio nobiscum expendere illud maxime, quod deus pa
49 2343 1711 2408 ter pro ineffabili sua erga nos misericordia miseros peccatores in numerum fi-
43 2411 1717 2472 liorum adoptauit, per quos sanctificari, & in quibus regnare, tandem & in re¬
56 2464 1714 2535 gnum suum aeternum transferre uelit: ut nihil de alijs petitionibus dicam, quam
52 2522 1707 2595 copiosa quaeso subnascetur laudandi dei, & gratias ipsi agendi materia? Sed in¬
51 2562 1709 2646 telliguntur haec rectius ex pia religiosaque exercitatione, quam ex diligentissi-
49 2631 499 2704 mis etiam praeceptis,
139 2683 1734 2750 Hanc autem gratiarumactionem oblatam ex uera animi humilitate & fide
47 2738 1733 2809 deo, tanti facit dominus, ut recipiat et habeat pro sacrificio gratissimo. Huius rei e
49 2794 1735 2876 frequentissima fit mentio in testamento ueteri, ut cum dicitur, Sacrificium laua p
51 2862 1705 2920 dis honorificabit me. Non in sacrificijs tuis arguam te, nec accipiam de domo
50 2917 1718 2986 tua uitulos: Immola deo sacrificium laudis, & redde altissimo uota tua. Inuoca
