2288 3632
556 300 2196 401 plum ad tactum, Et cum mulier tangendo fimbriam uestimenti eius salua facta est,
550 378 2195 447 nonihil significat. Sic August, de Signorum generibus & differentia disseruit.
645 420 2191 494 Alij uero nihil diuersi quidem ab illo afferentes, Signa iuxta temporum ra
556 478 2189 552 tionem distinguunt. Dicunt enim Signa alia quidem esse rerum praesentium, alia
555 549 2196 611 rerum praeteritarum, alia uero rerum futurarum. Praesentium signa putat, quae
561 596 2194 664 significant res esse praesentes: ueluti haedera suspensa indicat uinum ibi uendi ubi
568 650 2197 717 suspensa haeret. Signa qua patrabat dominus noster, significabant adesse Mes¬
569 716 2198 775 siam & regnum dei a prophetis promissum. Sub praeterita signa reserunt omnia
556 759 2200 827 defunctorum monimenta, & lapides illos in lordane erectos a losue, posteritati
563 815 2191 889 significantes quid praeteritis actum sit temporibus. Futurarum rerum signum
566 872 1680 947 dat Vellus Gedeonis, futurae scilicet uictoriae signum.
620 924 2199 1008 Caeterum expensis nec reiectis illis quidem, poterunt signa plenius & diluci
560 995 2195 1055 dius diuidi in signa, quorum alia quidem ab hominibus data, alia uero ab ipso deo
572 1037 2193 1112 instituta sunt. Ab hominibus dantur Signa ceu notae, quibus aliquid significant
567 1109 2190 1171 aut designant, quibus denique aliquid apud homines in memoriaretinent: aut
558 1151 2189 1229 quod certum & firmum esse uolunt, obsignant. Hac ratione omnis descriptio &
575 1210 2194 1278 pictura demostratiua dicitur Signum. Nam Ezechielis 4. picta Hierusalem di-
560 1264 2205 1337 citur signum: uetustas quoque imagines mortuorum signa appellauit, quod ijs uel
572 1316 2201 1392 let memoriam eorum, quorum signa dicebantur, refricare & superstitem quasi
569 1375 2197 1446 retinere: quin ipsa etiam scriptura sancta idola appellat signa, sicuti uidere licet
571 1430 2200 1503 lsaiae 45. & 2. Paral. 33. Ita lapides quoque ad significandum aliquid positi, cuius¬
569 1482 2209 1565 modi sunt limites agrorum & omnia monimenta, signa sunt, Rahab illa Hieri¬
569 1543 2198 1616 chuntina ad exploratores lzraelitas dicit, Date mihi signum ueritatis, quod fa¬
563 1614 2203 1669 cturi sitis mecum misericordiam. Et dederunt illi funem suspensum e fenestra¬
572 1667 2189 1722 En fidei & ueritatis signum erat funis, quo illi uelut obsignabant serio & uere¬
562 1713 2202 1781 sed diligenter curaturos ne perderetur Rahab. Germani huiusmodi signa fidei
560 1763 2200 1842 & ueritatis gratia uel data uel accepta, nuncupamus & po:taeyqen, quia uerbis
569 1820 2202 1889 adduntur, ac ea ueluti obsignant, et argeyoen, quia his ueluti attestamur bona
560 1876 1873 1947 fide, & absque dolo malo exequuturos, quod uerbis promisimus,
641 1924 2197 1998 Sunt autem huiusmodi signa uarij generis. Alia enim muta sunt, & pertinent
565 1986 2197 2056 ad sensum oculorum : cuiusmodi sunt militaria signa, cruces, fasciae, uexilla, ac¬
572 2041 2202 2117 censi ignes: quorum mentio fit Numeri 2. Psal. 73. &c. Neque enim quisquam huius
565 2107 2200 2174 generis enumerauerit omnia. Nascuntur enim noua subinde pro hominum ar¬
565 2158 2197 2227 bitrio. ludas suis dabat signum, Quemcumque osculatus fuero, ipse est, tenete eum,
562 2223 2203 2279 Consertio datae dextrae quae ad sensum tactus pertinet, fidei auxilij & commu¬
565 2273 2204 2340 nionis signum est, & ipsum signum mutum: quod Paulus appellauit signum so
560 2323 2199 2394 cietatis. Huc pertinent uarij motus & gestus. Alia uero ex his Vocalia sunt,
569 2377 2205 2459 quae auditu percipiuntur, aedunturque uel per humanas, uel per inanimatorum
570 2436 2207 2512 uoces. Humana uoce aeduntur uerba, sibilus, & quae alia sunt huius generis. Quo
566 2501 2205 2571 pertinent uocales tesserae, qualis illa ludicum 12. cap. Schiboleth. Porro inanimes
560 2553 2203 2619 uoces sunt, quae fiunt per tubas, tibias, cornua, tympana, bobardas, per pulsum
563 2598 2204 2676 campanarum, & per instrumenta sonora, quae & ipsa logissime latissimeque patent.
662 2658 2200 2737 lam uero dantur signa a deo in hoc, ut instruant admoneantque rerum futu¬
562 2714 2207 2784 rarum, aut etiam praeteritarum: uel ut res ipsas quarum signa sunt, quodam mo¬
571 2767 2196 2835 do spectatorum oculis subiiciant, & similitudine quadam repraesentent, uel ui
563 2825 2203 2907 promissiones et uerba dei obsignent, uisibili aliqua caeremonia, ab hominibus di
564 2885 2207 2961 uina institutione celebrata, ut denique fidem nostram exerceant, et dispersos colli
564 2950 2197 3037 gant in unum aliquem coetum. Sunt autem & haec non eiusdem generis, ac ma
