2288 3632
95 302 1745 401 obstringit, Sacramenti uocabulum appositssime signis nostris inditum appa¬
96 375 1736 449 ret. Legitur apud Latinos scriptores & de Militari quodam sacramento. Non
90 414 1747 512 enim pugnare phas erat, nisi sacramento adactis. Conceptis autem uerbis iura¬
83 466 1742 569 bant se omnia strenue facturos (ut ait de re militari Vegetius) quae praecepisset
82 530 1732 620 imperator, nunquam deserturos militiam pro republica Romana. Dabatur do¬
81 592 1734 673 natiuum ueluti pignus & authoramentum: dabant nomina: signabantur notis.
84 638 1739 727 lam quia nos nostris sacramentis, baptismo maxime, recipimur & inscribimur
92 694 1726 797 in militiam Christi, & sacramentis sumptis nos profitemur attestamurque esse
82 754 1738 845 Christi milites, inde nec absurde nec praeter rationem signa Christi & ecclesiae
80 810 1736 896 sacramenta appellantur. Interim nolo pertinaciter contendere uocem Sacramen
86 868 1732 960 tum illa caussa potissimum sacris illis signis nostris a ueteribus esse attributam.
85 924 1742 1022 Nam Erasmus ille Roterodamus linguarum peritissimus & in sacris uetustisque
81 980 1729 1061 scriptoribus, si quis alius, sedulo uersatus, in Catachesi sua symboli s. Qui exa¬
82 1042 1728 1117 ctius loquuti sunt, inquit, sacramentum appellant iusiurandum aut obligationem
83 1094 1729 1181 numinis ac religionis interuentu confirmatam. At maiores nostri uocem eam
73 1154 1735 1232 accommodarunt ad significandum id quod Graeci dicunt Mysterium, quod re
75 1205 1732 1299 ligiosum arcanum possis dicere. Quia ab his tractandis secludebatur uulgus.
79 1259 1726 1350 Haec Erasmus. Fuerunt ergo ueteribus scriptoribus ecclesiasticis sacramenta di
79 1312 474 1391 cta quasi mysteria.
173 1369 1736 1469 Eadem enim signa appellantur a scriptoribus ecclesiasticis Graecis uusnoae.
92 1424 1721 1523 Quae Latini fere interpretantur sacra & religiosa arcana, arcana inquam sacra, a
79 1496 1723 1583 quarum celebratione ( ut modo dictum) excludebatur prophanum uulgus. Nam
76 1561 1714 1629 Coelius in Lectioibus antiquis dicta arbitratur mysteria dei uucaetas rugein tyduus,
73 1608 1723 1696 quod oportet occludentes, siue qui conclusi ea peragunt, custodire intus ac nul
70 1653 1725 1749 li proferre prophano: unde recte uocauerimus Mysteria seclusa & arcana sacra,
62 1713 1716 1803 solis initiatis cognita, solisque celebranda sanctis. Videri tamen poterat uusiptop
73 1769 1713 1856 deriuatum a roxis & uuo, sicut aedturnooou, ex &a & dtuo, ut etymon apud Graecos
73 1829 1721 1915 non magis ualeat quam testamenti apud Latinos, quod sit mentis contestatio.
85 1877 1725 1969 Quanquam non nesciam quid hic quoque nonnulli disputent. Certe Mysteria
67 1933 1718 2020 dicuntur Sacramenta quod inuolucro tegant res alias magis sacras. Libenter
60 1995 1721 2077 autem hac uoce in epistolis suis utitur Paulus. Ac ratio patet cur attributa sit haec
56 2057 1713 2140 uox sacris Christianae ecclesiae signis. Haec enim solis nota sunt fidelibus, exclu
67 2103 1727 2181 duntque prophanos. Certe praedicatio euangelica dicitur & ipsa mysterium regni
57 2161 1728 2249 dei, nimirum quod exclusis impuris, perspectum sit solis dei filijs. Dixit enim my
49 2216 1727 2307 stagogus ille noster, Ne proieceritis margaritas ante porcos, neque dederitis qd
57 2272 1707 2359 sanctum est canibus. Et Paulus, Quod si adhuc uelatum est, ait, euangelium no¬
53 2324 1711 2425 strum, in his qui pereunt uelatum est, in quibus deus huius saeculi excaecauit sen
59 2378 728 2452 sus incredulorum, 2. Corinth.4.
112 2439 1725 2531 Porro ex Graecis ecclesiae doctoribus plerique sacramenta nostra appellarunt
48 2496 1704 2564 cruusone, quae uox & a Latinis recepta est, & usurpatur frequentissime. Deduci¬
55 2561 1703 2642 tur ea a cuudemo, id est confero. Collatione enim illustrantur & recte perspiciun
44 2610 1704 2695 tur symbola. Significat ergo symbolum signum quod relationem habet ad a¬
49 2664 1707 2740 liud: quemadmodum dicimus signum militare. Ac uarius quidem fuit olim
42 2722 1703 2810 symbolorum apud Graecos usus. Habebant enim in sacris sua symbola, signa,
55 2778 1705 2851 inquam, allegorice aliquid insinuantia: ut in sacris Bacchi symbolum erat, quod
48 2830 1705 2927 circunferebant bacchantes cribrum, significantes utique ebrios esse futiles. Quid
53 2890 1707 2962 quod sententiae reconditioris aliquid sensus comprehendentes, per allego¬
52 2958 1707 3043 riam aut aenigma, symbola dici coeperunt? Nam nota sunt symbola Pytha¬
