<?xml version="1.0" encoding="UTF-8" standalone="yes"?>
<PcGts xmlns="http://schema.primaresearch.org/PAGE/gts/pagecontent/2013-07-15" xmlns:xsi="http://www.w3.org/2001/XMLSchema-instance" xsi:schemaLocation="http://schema.primaresearch.org/PAGE/gts/pagecontent/2013-07-15 http://schema.primaresearch.org/PAGE/gts/pagecontent/2013-07-15/pagecontent.xsd">
    <Metadata>
        <Creator>prov=University of Rostock/Institute of Mathematics/CITlab|PLANET AI GmbH/Gundram Leifert/gundram.leifert@planet-ai.de:name=cod-a3V3DV-m3(htr_id=25165)::::v=2.6.6
prov=University of Rostock/Institute of Mathematics/CITlab|PLANET AI GmbH/Tobias Gruening/tobias.gruening@planet-ai.de:name=de.uros.citlab.module.baseline2polygon.B2PSeamMultiOriented:v=2.6.6
prov=University of Rostock/Institute of Mathematics/CITlab|PLANET AI GmbH/Tobias Gruening/tobias.gruening@planet-ai.de:name=/net_tf/LA73_249_0mod360.pb:de.uros.citlab.segmentation.CITlab_LA_ML:v=2.6.6
Transkribus</Creator>
        <Created>2019-12-04T11:29:28.326-05:00</Created>
        <LastChange>2020-07-05T17:35:51.583+02:00</LastChange>
        <TranskribusMetadata docId="284697" pageId="11502179" pageNr="674" tsid="33492528" status="IN_PROGRESS" userId="25065" imgUrl="https://files.transkribus.eu/Get?id=LIWPMELXWODVGLHACEYPBUYF&amp;fileType=view" xmlUrl="https://files.transkribus.eu/Get?id=RXKTKRKIWMIEPKQCUGSPDVQR" imageId="7898664"/>
    </Metadata>
    <Page imageFilename="673.jpg" imageWidth="2288" imageHeight="3632">
        <ReadingOrder>
            <OrderedGroup id="ro_1596925445432" caption="Regions reading order">
                <RegionRefIndexed index="0" regionRef="r2"/>
            </OrderedGroup>
        </ReadingOrder>
        <TextRegion orientation="0.0" id="r2" custom="readingOrder {index:0;}">
            <Coords points="546,264 546,3060 2216,3060 2216,264"/>
            <TextLine id="r2l2" custom="readingOrder {index:0;}">
                <Coords points="540,403 2191,375 2190,300 539,329"/>
                <Baseline points="551,380 632,377 713,376 795,374 876,372 958,371 1039,369 1121,368 1202,366 1284,365 1365,363 1446,362 1528,360 1609,359 1691,357 1772,356 1854,356 1935,354 2017,354 2098,353 2180,353"/>
                <TextEquiv>
                    <Unicode>regeneratione coelesti, per inuolucra aeris &amp; aquae disputantis atque dicentis, Si</Unicode>
                </TextEquiv>
            </TextLine>
            <TextLine id="r2l3" custom="readingOrder {index:1;}">
                <Coords points="541,456 2188,420 2187,373 2067,360 540,403"/>
                <Baseline points="552,435 633,433 714,432 795,430 877,429 958,426 1039,425 1120,423 1202,422 1283,421 1364,420 1445,418 1527,417 1608,416 1689,414 1770,413 1852,411 1933,411 2014,410 2095,408 2177,407"/>
                <TextEquiv>
                    <Unicode>terrena dixi uobis &amp; non creditis, quomodo si dixero uobis coelestia, crede¬</Unicode>
                </TextEquiv>
            </TextLine>
            <TextLine id="r2l4" custom="readingOrder {index:2;}">
                <Coords points="536,507 2203,484 2202,424 535,454"/>
                <Baseline points="546,492 628,491 710,488 792,486 875,485 957,483 1039,482 1122,480 1204,478 1286,477 1369,476 1451,474 1533,473 1615,471 1698,470 1780,468 1862,467 1945,467 2027,465 2109,464 2192,464"/>
                <TextEquiv>
                    <Unicode>tis? Atqui appellauit Terrena, doctrinam illam suam de regeneratione coelesti</Unicode>
                </TextEquiv>
            </TextLine>
            <TextLine id="r2l5" custom="readingOrder {index:3;}">
                <Coords points="549,567 2188,530 2187,480 2119,471 549,515"/>
                <Baseline points="560,548 640,546 721,544 802,542 883,540 964,539 1045,537 1125,536 1206,534 1287,533 1368,531 1449,530 1530,528 1611,527 1691,527 1772,525 1853,524 1934,522 2015,521 2096,520 2177,518"/>
                <TextEquiv>
                    <Unicode>per terrena symbola aquae &amp; spiritus siue aeris ac flatus suffiguratam : per Coe¬</Unicode>
                </TextEquiv>
            </TextLine>
            <TextLine id="r2l6" custom="readingOrder {index:4;}">
                <Coords points="548,616 2199,589 2169,530 2079,527 547,567"/>
                <Baseline points="558,603 639,602 721,600 802,599 884,597 965,595 1047,594 1128,593 1210,591 1291,590 1373,588 1455,587 1536,585 1618,584 1699,582 1781,581 1862,579 1944,578 2025,578 2107,576 2189,575"/>
                <TextEquiv>
                    <Unicode>lestia uero illam eandem intellexit doctrinam de regeneratione coelesti, sed ci-¬</Unicode>
                </TextEquiv>
            </TextLine>
            <TextLine id="r2l7" custom="readingOrder {index:5;}">
                <Coords points="557,674 2198,647 2197,598 1975,585 557,627"/>
                <Baseline points="567,660 648,657 729,656 810,654 891,653 972,651 1053,650 1134,648 1215,647 1296,645 1377,644 1458,642 1539,641 1620,639 1701,638 1782,638 1863,636 1944,635 2025,633 2106,632 2187,630"/>
                <TextEquiv>
                    <Unicode>tra imaginationem similitudinem aut symbola nude traditam. Significauit ergo</Unicode>
                </TextEquiv>
            </TextLine>
            <TextLine id="r2l8" custom="readingOrder {index:6;}">
                <Coords points="550,728 2197,699 2196,646 1990,641 549,674"/>
                <Baseline points="560,716 641,714 722,713 803,711 885,708 966,707 1047,705 1129,704 1210,702 1291,701 1373,700 1454,699 1535,698 1616,696 1698,695 1779,693 1860,692 1942,691 2023,690 2104,689 2186,687"/>
                <TextEquiv>
                    <Unicode>dominus facilius capi ab hominibus doctrinam rerum coelestium inuolucro ali¬</Unicode>
                </TextEquiv>
            </TextLine>
            <TextLine id="r2l9" custom="readingOrder {index:7;}">
                <Coords points="556,795 2188,760 2187,704 2082,694 555,736"/>
                <Baseline points="566,773 646,771 727,768 807,767 888,765 968,764 1049,762 1129,761 1210,759 1290,758 1371,756 1452,755 1532,753 1613,752 1693,751 1774,750 1854,749 1935,747 2015,746 2096,744 2177,743"/>
                <TextEquiv>
                    <Unicode>quo tectam, quam nude &amp; spiritualiter plane traditam: ut facillime ex collatio¬ </Unicode>
                </TextEquiv>
            </TextLine>
            <TextLine id="r2l10" custom="readingOrder {index:8;}">
                <Coords points="550,839 2122,821 2189,758 549,794"/>
                <Baseline points="560,830 641,827 722,825 803,822 884,821 965,819 1046,818 1127,816 1208,815 1289,813 1370,812 1451,811 1532,810 1613,809 1694,807 1775,806 1856,806 1937,804 2018,803 2099,801 2180,800"/>
                <TextEquiv>
                    <Unicode>ne rerum non admodum disparium colligi possit, non alia causa &amp; sacramenta</Unicode>
                </TextEquiv>
            </TextLine>
            <TextLine id="r2l11" custom="readingOrder {index:9;}">
                <Coords points="556,906 2182,878 2193,826 554,839"/>
                <Baseline points="566,884 646,882 727,881 808,879 889,878 970,876 1051,875 1131,873 1212,872 1293,870 1374,869 1455,867 1536,866 1617,864 1697,863 1778,861 1859,860 1940,860 2021,858 2102,857 2183,855"/>
                <TextEquiv>
                    <Unicode>diuinitus esse inuenta, quam perspicuae demonstrationis &amp; illustrationis rerum </Unicode>
                </TextEquiv>
            </TextLine>
            <TextLine id="r2l12" custom="readingOrder {index:10;}">
                <Coords points="556,950 2131,941 2196,876 555,907"/>
                <Baseline points="566,941 647,939 728,936 809,935 890,933 971,932 1052,930 1133,929 1214,927 1295,926 1376,924 1457,923 1538,921 1619,920 1700,919 1781,918 1862,917 1943,915 2024,914 2105,913 2187,912"/>
                <TextEquiv>
                    <Unicode>coelestium gratia. In qua re obseruanda uenit Analogia, quae est aptitudo quae¬</Unicode>
                </TextEquiv>
            </TextLine>
            <TextLine id="r2l13" custom="readingOrder {index:11;}">
                <Coords points="557,1008 2051,993 2203,982 2202,928 556,960"/>
                <Baseline points="567,996 648,995 729,993 810,991 892,989 973,987 1054,986 1135,984 1217,983 1298,981 1379,980 1460,978 1542,978 1623,977 1704,975 1785,974 1867,972 1948,972 2029,971 2110,969 2192,969"/>
                <TextEquiv>
                    <Unicode>dam, proportio, seu ut Cicero uocauit conuenientia, rerum, inquam, signis sic</Unicode>
                </TextEquiv>
            </TextLine>
            <TextLine id="r2l14" custom="readingOrder {index:12;}">
                <Coords points="558,1073 2196,1041 2162,980 557,1008"/>
                <Baseline points="567,1053 652,1050 737,1049 822,1047 907,1045 993,1043 1078,1041 1163,1040 1248,1038 1333,1037 1419,1035 1504,1034 1589,1032 1674,1031 1759,1029 1845,1029 1930,1028 2015,1026 2100,1026 2186,1025"/>
                <TextEquiv>
                    <Unicode>agnatarum, ut sine ea leuiter transmissa ratio sacramenti plene non intelligatur, </Unicode>
                </TextEquiv>
            </TextLine>
            <TextLine id="r2l15" custom="readingOrder {index:13;}">
                <Coords points="566,1118 1986,1112 2192,1089 2191,1042 565,1075"/>
                <Baseline points="575,1109 655,1107 735,1104 815,1103 896,1101 976,1100 1056,1098 1137,1097 1217,1095 1297,1094 1378,1092 1458,1091 1538,1089 1618,1088 1699,1087 1779,1086 1859,1085 1940,1083 2020,1082 2100,1080 2181,1080"/>
                <TextEquiv>
                    <Unicode>excussa autem &amp; ad plenum obseruata, &amp;nexoyn hoc est intelligentiam recon¬</Unicode>
                </TextEquiv>
            </TextLine>
            <TextLine id="r2l16" custom="readingOrder {index:14;}">
                <Coords points="557,1181 2200,1154 2199,1106 2114,1087 556,1131"/>
                <Baseline points="567,1166 648,1163 729,1161 810,1160 891,1158 972,1156 1053,1154 1134,1152 1215,1151 1296,1149 1378,1149 1459,1148 1540,1146 1621,1145 1702,1144 1783,1143 1864,1142 1945,1140 2026,1140 2107,1139 2189,1137"/>
                <TextEquiv>
                    <Unicode>ditiorem, sine labore offerat contemplanti. Exemplis id forte in rerum tractatu</Unicode>
                </TextEquiv>
            </TextLine>
            <TextLine id="r2l17" custom="readingOrder {index:15;}">
                <Coords points="558,1234 1075,1227 1074,1173 1055,1165 983,1181 870,1165 806,1181 711,1167 557,1180"/>
                <Baseline points="569,1220 595,1220 621,1220 647,1219 673,1218 699,1217 725,1217 751,1217 777,1215 803,1215 829,1214 855,1214 881,1213 907,1212 933,1212 959,1212 985,1211 1011,1211 1037,1211 1064,1211"/>
                <TextEquiv>
                    <Unicode>ilfustrabitur diligentius,</Unicode>
                </TextEquiv>
            </TextLine>
            <TextLine id="r2l18" custom="readingOrder {index:16;}">
                <Coords points="626,1285 2203,1262 2177,1209 2008,1206 625,1234"/>
                <Baseline points="635,1277 712,1274 790,1272 868,1271 946,1269 1024,1268 1102,1266 1180,1265 1258,1263 1336,1262 1414,1260 1491,1260 1569,1259 1647,1257 1725,1257 1803,1256 1881,1254 1959,1254 2037,1253 2115,1251 2193,1251"/>
                <TextEquiv>
                    <Unicode>Quisquis ergo exacte hanc sacramentorum inuentionem expenderit, non</Unicode>
                </TextEquiv>
            </TextLine>
            <TextLine id="r2l19" custom="readingOrder {index:17;}">
                <Coords points="578,1341 2130,1335 2212,1317 2211,1265 577,1302"/>
                <Baseline points="587,1334 667,1331 748,1329 829,1328 909,1326 990,1324 1071,1323 1151,1322 1232,1320 1313,1319 1394,1317 1474,1317 1555,1316 1636,1314 1716,1313 1797,1312 1878,1311 1958,1310 2039,1308 2120,1307 2201,1305"/>
                <TextEquiv>
                    <Unicode>poterit non laudibus insignem domini uehere bonitatem, quae mysteria regni</Unicode>
                </TextEquiv>
            </TextLine>
            <TextLine id="r2l20" custom="readingOrder {index:18;}">
                <Coords points="564,1399 1886,1397 2202,1373 2202,1320 563,1356"/>
                <Baseline points="575,1391 655,1388 736,1386 817,1384 898,1382 979,1380 1060,1379 1140,1377 1221,1377 1302,1376 1383,1374 1464,1373 1545,1372 1626,1371 1706,1370 1787,1368 1868,1368 1949,1367 2030,1365 2111,1364 2192,1361"/>
                <TextEquiv>
                    <Unicode>dei non tantum miseris recludit mortalibus, sed rationem quoque habet infirmi¬</Unicode>
                </TextEquiv>
            </TextLine>
            <TextLine id="r2l21" custom="readingOrder {index:19;}">
                <Coords points="565,1455 2150,1444 2199,1383 564,1399"/>
                <Baseline points="576,1446 656,1443 737,1442 817,1440 898,1439 979,1437 1059,1436 1140,1434 1221,1433 1301,1431 1382,1430 1463,1430 1543,1428 1624,1427 1705,1427 1785,1425 1866,1424 1947,1422 2027,1421 2108,1419 2189,1418"/>
                <TextEquiv>
                    <Unicode>tatis humanae singularem, qua nobis condescendens, nobiscum quodammodo</Unicode>
                </TextEquiv>
            </TextLine>
            <TextLine id="r2l22" custom="readingOrder {index:20;}">
                <Coords points="570,1513 2215,1492 2214,1429 570,1459"/>
                <Baseline points="581,1502 662,1500 743,1497 824,1496 905,1494 986,1493 1067,1491 1149,1490 1230,1488 1311,1487 1392,1487 1473,1485 1554,1485 1635,1484 1717,1482 1798,1482 1879,1481 1960,1479 2041,1478 2122,1476 2204,1475"/>
                <TextEquiv>
                    <Unicode>balbutit, dum uidelicet mysteria coelestia terrenis adoperta symbolis, pro captu</Unicode>
                </TextEquiv>
            </TextLine>
            <TextLine id="r2l23" custom="readingOrder {index:21;}">
                <Coords points="574,1571 2216,1533 2215,1492 2096,1484 573,1521"/>
                <Baseline points="584,1557 665,1554 746,1553 827,1551 908,1550 989,1548 1070,1547 1151,1545 1232,1544 1313,1544 1394,1542 1475,1542 1556,1541 1637,1539 1718,1538 1799,1538 1880,1536 1961,1535 2042,1533 2123,1530 2205,1529"/>
                <TextEquiv>
                    <Unicode>nostro formans, &amp; declarat significantissime, &amp; quasi oculis contemplanda sub¬</Unicode>
                </TextEquiv>
            </TextLine>
            <TextLine id="r2l24" custom="readingOrder {index:22;}">
                <Coords points="578,1634 2210,1596 2157,1537 577,1570"/>
                <Baseline points="588,1614 668,1611 749,1610 829,1608 910,1605 990,1604 1071,1602 1151,1602 1232,1601 1312,1599 1393,1599 1474,1598 1554,1596 1635,1596 1715,1595 1796,1593 1876,1592 1957,1590 2037,1589 2118,1587 2199,1584"/>
                <TextEquiv>
                    <Unicode>iicit. In eadem hac sacramentorum institutione laudare etiam licet diuinam fa¬</Unicode>
                </TextEquiv>
            </TextLine>
            <TextLine id="r2l25" custom="readingOrder {index:23;}">
                <Coords points="589,1690 2110,1670 2215,1652 2214,1596 588,1636"/>
                <Baseline points="599,1670 679,1667 759,1665 839,1662 920,1661 1000,1659 1080,1659 1161,1658 1241,1656 1321,1656 1402,1655 1482,1654 1562,1653 1642,1652 1723,1652 1803,1650 1883,1649 1964,1647 2044,1646 2124,1643 2205,1641"/>
                <TextEquiv>
                    <Unicode>ientiam: si modo paruis licet coponere magna. Nam hic mos in mundo quasi</Unicode>
                </TextEquiv>
            </TextLine>
            <TextLine id="r2l26" custom="readingOrder {index:24;}">
                <Coords points="594,1744 2220,1708 2162,1653 593,1689"/>
                <Baseline points="605,1724 685,1721 765,1719 845,1718 926,1716 1006,1715 1086,1715 1166,1713 1247,1712 1327,1710 1407,1710 1487,1709 1568,1708 1648,1707 1728,1706 1808,1706 1889,1704 1969,1703 2049,1701 2129,1701 2210,1700"/>
                <TextEquiv>
                    <Unicode>ro lege receptus est, quod sapientissimi quique maxima sapientiae mysteria, non </Unicode>
                </TextEquiv>
            </TextLine>
            <TextLine id="r2l27" custom="readingOrder {index:25;}">
                <Coords points="577,1791 2221,1777 2221,1713 576,1750"/>
                <Baseline points="587,1778 668,1776 749,1775 830,1773 911,1772 993,1770 1074,1769 1155,1769 1236,1767 1317,1766 1399,1766 1480,1764 1561,1764 1642,1763 1723,1761 1805,1760 1886,1758 1967,1757 2048,1755 2129,1752 2211,1751"/>
                <TextEquiv>
                    <Unicode>uerbis modo, sed &amp; symbolis adiunctis, suis commendarunt auditoribus, nimi¬</Unicode>
                </TextEquiv>
            </TextLine>
            <TextLine id="r2l28" custom="readingOrder {index:26;}">
                <Coords points="574,1846 2215,1835 2214,1773 2089,1767 574,1803"/>
                <Baseline points="584,1835 665,1833 746,1830 827,1829 908,1828 989,1827 1070,1826 1151,1824 1232,1823 1313,1823 1394,1821 1475,1820 1556,1820 1637,1818 1718,1817 1799,1815 1880,1814 1961,1812 2042,1811 2123,1808 2205,1806"/>
                <TextEquiv>
                    <Unicode>rum ut duo sensus nobili imi in homine, auditus &amp; uisus, simul percelleren¬</Unicode>
                </TextEquiv>
            </TextLine>
            <TextLine id="r2l29" custom="readingOrder {index:27;}">
                <Coords points="576,1910 2213,1879 2154,1817 576,1853"/>
                <Baseline points="587,1892 667,1889 748,1887 829,1886 910,1884 990,1883 1071,1881 1152,1880 1233,1879 1313,1878 1394,1877 1475,1877 1556,1875 1636,1874 1717,1873 1798,1872 1879,1871 1959,1869 2040,1868 2121,1866 2202,1863"/>
                <TextEquiv>
                    <Unicode>tur &amp; permouerentur grauius efficaciusque. Plena sunt exemplis philosopho¬</Unicode>
                </TextEquiv>
            </TextLine>
            <TextLine id="r2l30" custom="readingOrder {index:28;}">
                <Coords points="565,1964 2074,1958 2210,1946 2209,1884 564,1908"/>
                <Baseline points="575,1946 656,1944 737,1943 818,1941 899,1941 980,1940 1061,1938 1143,1937 1224,1937 1305,1935 1386,1934 1467,1934 1548,1932 1629,1931 1711,1929 1792,1928 1873,1927 1954,1925 2035,1923 2116,1922 2198,1919"/>
                <TextEquiv>
                    <Unicode>rum gentilium uolumina. Quid quod ueteri quoque dei populo huius generis</Unicode>
                </TextEquiv>
            </TextLine>
            <TextLine id="r2l31" custom="readingOrder {index:29;}">
                <Coords points="575,2014 1458,2002 1457,1946 575,1969"/>
                <Baseline points="585,2001 628,2001 671,2000 714,2000 757,1998 800,1998 843,1997 887,1997 930,1995 973,1995 1016,1994 1059,1994 1102,1992 1145,1992 1189,1992 1232,1991 1275,1991 1318,1991 1361,1991 1404,1991 1448,1991"/>
                <TextEquiv>
                    <Unicode>cesserunt &amp; ab ipso deo data sunt plurima:</Unicode>
                </TextEquiv>
            </TextLine>
            <TextLine id="r2l32" custom="readingOrder {index:30;}">
                <Coords points="625,2065 2138,2063 2221,2053 2220,1988 624,2011"/>
                <Baseline points="635,2057 713,2055 792,2054 871,2053 950,2052 1029,2051 1107,2049 1186,2049 1265,2048 1344,2046 1423,2046 1501,2045 1580,2043 1659,2043 1738,2042 1817,2040 1895,2039 1974,2038 2053,2037 2132,2036 2211,2034"/>
                <TextEquiv>
                    <Unicode>Rursus quando in foederibus sanciendis aut in serijs magnique momenti pos¬</Unicode>
                </TextEquiv>
            </TextLine>
            <TextLine id="r2l33" custom="readingOrder {index:31;}">
                <Coords points="574,2125 2217,2101 2173,2044 574,2071"/>
                <Baseline points="585,2115 666,2114 747,2111 828,2109 909,2109 990,2108 1071,2106 1152,2105 1233,2103 1314,2103 1396,2102 1477,2100 1558,2100 1639,2099 1720,2097 1801,2097 1882,2096 1963,2094 2044,2093 2125,2091 2207,2088"/>
                <TextEquiv>
                    <Unicode>licitationibus confirmandis, homines signa ueritatis, gratia fidei conciliandae</Unicode>
                </TextEquiv>
            </TextLine>
            <TextLine id="r2l34" custom="readingOrder {index:32;}">
                <Coords points="578,2195 2198,2167 2219,2101 577,2139"/>
                <Baseline points="588,2172 669,2169 750,2168 831,2166 912,2165 993,2163 1074,2162 1155,2162 1236,2160 1317,2159 1399,2159 1480,2157 1561,2157 1642,2156 1723,2154 1804,2153 1885,2152 1966,2150 2047,2148 2128,2147 2210,2144"/>
                <TextEquiv>
                    <Unicode>promissis interponunt: iccirco dominus hac quoque in re humanum morem imi¬</Unicode>
                </TextEquiv>
            </TextLine>
            <TextLine id="r2l35" custom="readingOrder {index:33;}">
                <Coords points="570,2238 2215,2222 2173,2155 570,2195"/>
                <Baseline points="581,2226 662,2225 743,2224 824,2223 905,2222 986,2220 1067,2219 1149,2218 1230,2217 1311,2216 1392,2214 1473,2213 1554,2213 1635,2211 1717,2210 1798,2210 1879,2208 1960,2207 2041,2206 2122,2205 2204,2204"/>
                <TextEquiv>
                    <Unicode>tans, foederi suo aeterno, &amp; promissionibus uitae, signa adiecit fidei &amp; ueritatis, </Unicode>
                </TextEquiv>
            </TextLine>
            <TextLine id="r2l36" custom="readingOrder {index:34;}">
                <Coords points="585,2304 2221,2272 2179,2211 584,2236"/>
                <Baseline points="594,2283 674,2282 755,2279 836,2278 917,2277 998,2276 1078,2274 1159,2273 1240,2273 1321,2271 1402,2271 1482,2270 1563,2268 1644,2268 1725,2267 1806,2265 1886,2264 1967,2262 2048,2261 2129,2259 2210,2258"/>
                <TextEquiv>
                    <Unicode>ipsa inquam sacramenta, quibus promissiones suas ipsamque euangelij sui doctri-</Unicode>
                </TextEquiv>
            </TextLine>
            <TextLine id="r2l37" custom="readingOrder {index:35;}">
                <Coords points="577,2350 2218,2326 2163,2267 576,2304"/>
                <Baseline points="587,2339 668,2336 749,2335 830,2334 911,2333 992,2331 1073,2330 1154,2330 1235,2328 1316,2328 1397,2327 1478,2326 1559,2325 1640,2324 1721,2324 1802,2322 1883,2321 1964,2319 2045,2318 2126,2315 2207,2313"/>
                <TextEquiv>
                    <Unicode>nam obsignat. Nec hoc ipsi rarum aut nouum est. Iurant homines per ipsum</Unicode>
                </TextEquiv>
            </TextLine>
            <TextLine id="r2l38" custom="readingOrder {index:36;}">
                <Coords points="577,2403 2208,2378 2143,2323 577,2354"/>
                <Baseline points="588,2394 668,2393 749,2391 829,2390 910,2388 990,2387 1071,2387 1151,2385 1232,2384 1312,2384 1393,2382 1473,2382 1554,2381 1634,2379 1715,2379 1795,2378 1876,2376 1956,2375 2037,2373 2117,2370 2198,2369"/>
                <TextEquiv>
                    <Unicode>dominum, dum alios de ueritate promissionum suarum uolunt reddere certos</Unicode>
                </TextEquiv>
            </TextLine>
            <TextLine id="r2l39" custom="readingOrder {index:37;}">
                <Coords points="576,2461 2167,2455 2212,2384 575,2409"/>
                <Baseline points="587,2450 667,2448 748,2447 829,2446 910,2445 990,2444 1071,2443 1152,2442 1233,2441 1313,2441 1394,2439 1475,2439 1556,2438 1636,2436 1717,2435 1798,2434 1879,2433 1959,2430 2040,2429 2121,2427 2202,2424"/>
                <TextEquiv>
                    <Unicode>atque securos: iurasse ergo legitur &amp; dominus ipse in sacris literis, &amp; iurasse qui¬</Unicode>
                </TextEquiv>
            </TextLine>
            <TextLine id="r2l40" custom="readingOrder {index:38;}">
                <Coords points="574,2518 2217,2496 2216,2443 2062,2434 573,2460"/>
                <Baseline points="585,2505 666,2504 747,2504 828,2502 909,2501 990,2501 1071,2499 1152,2499 1233,2498 1314,2496 1396,2496 1477,2495 1558,2493 1639,2492 1720,2490 1801,2489 1882,2487 1963,2486 2044,2484 2125,2483 2207,2481"/>
                <TextEquiv>
                    <Unicode>dem per semetipsum, cum uidelicet promissionum haeredibus eximie uellet osten</Unicode>
                </TextEquiv>
            </TextLine>
            <TextLine id="r2l41" custom="readingOrder {index:39;}">
                <Coords points="573,2572 2226,2546 2225,2492 572,2516"/>
                <Baseline points="582,2562 663,2561 745,2559 827,2558 908,2558 990,2556 1072,2555 1153,2555 1235,2553 1317,2553 1399,2552 1480,2550 1562,2550 1644,2549 1725,2547 1807,2546 1889,2544 1970,2543 2052,2540 2134,2538 2216,2535"/>
                <TextEquiv>
                    <Unicode>dere, ut ait apostolus, consilij sui firmitatem. Praeterea mos fuit priscis homini¬</Unicode>
                </TextEquiv>
            </TextLine>
            <TextLine id="r2l42" custom="readingOrder {index:40;}">
                <Coords points="570,2637 2221,2621 2220,2551 2130,2548 570,2578"/>
                <Baseline points="581,2618 662,2618 743,2616 825,2615 906,2613 988,2613 1069,2612 1151,2611 1232,2610 1314,2609 1395,2608 1476,2607 1558,2606 1639,2604 1721,2603 1802,2602 1884,2601 1965,2598 2047,2597 2128,2594 2210,2592"/>
                <TextEquiv>
                    <Unicode>bus foedera ferientibus, hostiam dissecare in partes, atque per partium dissectarum</Unicode>
                </TextEquiv>
            </TextLine>
            <TextLine id="r2l43" custom="readingOrder {index:41;}">
                <Coords points="574,2685 2226,2677 2165,2606 574,2639"/>
                <Baseline points="585,2676 666,2675 747,2672 829,2670 910,2670 992,2669 1073,2667 1155,2667 1236,2666 1318,2666 1399,2664 1480,2663 1562,2663 1643,2661 1725,2660 1806,2658 1888,2657 1969,2655 2051,2654 2132,2651 2214,2648"/>
                <TextEquiv>
                    <Unicode>medium transire, eaque testari ceremonia, subijcere se dissectionis poenae aut sup¬</Unicode>
                </TextEquiv>
            </TextLine>
            <TextLine id="r2l44" custom="readingOrder {index:42;}">
                <Coords points="583,2751 2226,2719 2225,2677 2106,2659 582,2685"/>
                <Baseline points="594,2733 675,2731 756,2729 837,2727 918,2726 999,2726 1080,2724 1161,2723 1242,2723 1323,2721 1405,2721 1486,2720 1567,2718 1648,2718 1729,2717 1810,2715 1891,2714 1972,2712 2053,2710 2134,2708 2216,2705"/>
                <TextEquiv>
                    <Unicode>plicio, nisi stent pactis firmissime. Ad eum uero modum dominus cum Abra¬</Unicode>
                </TextEquiv>
            </TextLine>
            <TextLine id="r2l45" custom="readingOrder {index:43;}">
                <Coords points="576,2798 2215,2793 2214,2727 575,2751"/>
                <Baseline points="585,2786 670,2786 755,2784 840,2784 925,2783 1011,2781 1096,2781 1181,2780 1266,2778 1351,2778 1437,2777 1522,2775 1607,2774 1692,2772 1777,2771 1863,2769 1948,2768 2033,2766 2118,2765 2204,2762"/>
                <TextEquiv>
                    <Unicode>hamo foedus initurus aut reparaturus, quod Moses copiose describit Gene. 15¬</Unicode>
                </TextEquiv>
            </TextLine>
            <TextLine id="r2l46" custom="readingOrder {index:44;}">
                <Coords points="574,2860 2223,2831 2222,2789 2115,2775 573,2806"/>
                <Baseline points="585,2844 666,2843 747,2841 829,2840 910,2839 992,2838 1073,2837 1154,2836 1236,2835 1317,2834 1399,2833 1480,2832 1561,2831 1643,2829 1724,2828 1806,2827 1887,2825 1968,2823 2050,2822 2131,2820 2213,2817"/>
                <TextEquiv>
                    <Unicode>cap. iubet Abrahamum buculam, capram &amp; arietem, triennes, dissecare &amp; par¬</Unicode>
                </TextEquiv>
            </TextLine>
            <TextLine id="r2l47" custom="readingOrder {index:45;}">
                <Coords points="577,2907 2224,2885 2223,2832 2112,2827 577,2860"/>
                <Baseline points="587,2900 668,2898 749,2897 831,2897 912,2895 993,2894 1075,2893 1156,2892 1237,2891 1319,2890 1400,2889 1481,2888 1563,2886 1644,2886 1725,2885 1807,2883 1888,2882 1969,2880 2051,2879 2132,2876 2214,2874"/>
                <TextEquiv>
                    <Unicode>tes ex opposito collocare: quod cum fecisset Abraham, ipse dominus, sub spe¬</Unicode>
                </TextEquiv>
            </TextLine>
            <TextLine id="r2l48" custom="readingOrder {index:46;}">
                <Coords points="577,2965 2111,2956 2226,2940 2226,2899 576,2907"/>
                <Baseline points="588,2955 669,2954 750,2954 832,2952 913,2952 995,2951 1076,2949 1157,2949 1239,2948 1320,2947 1402,2946 1483,2945 1564,2943 1646,2942 1727,2941 1809,2940 1890,2938 1971,2936 2053,2934 2134,2931 2216,2930"/>
                <TextEquiv>
                    <Unicode>cie lampadis aut facis ardentis, per partes illas medius transiuit, ut inde intelli¬</Unicode>
                </TextEquiv>
            </TextLine>
            <TextLine id="r2l49" custom="readingOrder {index:47;}">
                <Coords points="572,3054 2054,3031 2214,3010 2214,2954 571,2969"/>
                <Baseline points="582,3012 663,3011 744,3011 825,3009 906,3008 987,3008 1068,3006 1149,3006 1230,3005 1311,3005 1393,3003 1474,3002 1555,3002 1636,3000 1717,2999 1798,2997 1879,2996 1960,2994 2041,2991 2122,2990 2204,2987"/>
                <TextEquiv>
                    <Unicode>geret Abraham terram Chanaan semini ipsius certo fore tradendam, neque quica</Unicode>
                </TextEquiv>
            </TextLine>
            <TextEquiv>
                <Unicode>regeneratione coelesti, per inuolucra aeris &amp; aquae disputantis atque dicentis, Si
terrena dixi uobis &amp; non creditis, quomodo si dixero uobis coelestia, crede¬
tis? Atqui appellauit Terrena, doctrinam illam suam de regeneratione coelesti
per terrena symbola aquae &amp; spiritus siue aeris ac flatus suffiguratam : per Coe¬
lestia uero illam eandem intellexit doctrinam de regeneratione coelesti, sed ci-¬
tra imaginationem similitudinem aut symbola nude traditam. Significauit ergo
dominus facilius capi ab hominibus doctrinam rerum coelestium inuolucro ali¬
quo tectam, quam nude &amp; spiritualiter plane traditam: ut facillime ex collatio¬ 
ne rerum non admodum disparium colligi possit, non alia causa &amp; sacramenta
diuinitus esse inuenta, quam perspicuae demonstrationis &amp; illustrationis rerum 
coelestium gratia. In qua re obseruanda uenit Analogia, quae est aptitudo quae¬
dam, proportio, seu ut Cicero uocauit conuenientia, rerum, inquam, signis sic
agnatarum, ut sine ea leuiter transmissa ratio sacramenti plene non intelligatur, 
excussa autem &amp; ad plenum obseruata, &amp;nexoyn hoc est intelligentiam recon¬
ditiorem, sine labore offerat contemplanti. Exemplis id forte in rerum tractatu
ilfustrabitur diligentius,
Quisquis ergo exacte hanc sacramentorum inuentionem expenderit, non
poterit non laudibus insignem domini uehere bonitatem, quae mysteria regni
dei non tantum miseris recludit mortalibus, sed rationem quoque habet infirmi¬
tatis humanae singularem, qua nobis condescendens, nobiscum quodammodo
balbutit, dum uidelicet mysteria coelestia terrenis adoperta symbolis, pro captu
nostro formans, &amp; declarat significantissime, &amp; quasi oculis contemplanda sub¬
iicit. In eadem hac sacramentorum institutione laudare etiam licet diuinam fa¬
ientiam: si modo paruis licet coponere magna. Nam hic mos in mundo quasi
ro lege receptus est, quod sapientissimi quique maxima sapientiae mysteria, non 
uerbis modo, sed &amp; symbolis adiunctis, suis commendarunt auditoribus, nimi¬
rum ut duo sensus nobili imi in homine, auditus &amp; uisus, simul percelleren¬
tur &amp; permouerentur grauius efficaciusque. Plena sunt exemplis philosopho¬
rum gentilium uolumina. Quid quod ueteri quoque dei populo huius generis
cesserunt &amp; ab ipso deo data sunt plurima:
Rursus quando in foederibus sanciendis aut in serijs magnique momenti pos¬
licitationibus confirmandis, homines signa ueritatis, gratia fidei conciliandae
promissis interponunt: iccirco dominus hac quoque in re humanum morem imi¬
tans, foederi suo aeterno, &amp; promissionibus uitae, signa adiecit fidei &amp; ueritatis, 
ipsa inquam sacramenta, quibus promissiones suas ipsamque euangelij sui doctri-
nam obsignat. Nec hoc ipsi rarum aut nouum est. Iurant homines per ipsum
dominum, dum alios de ueritate promissionum suarum uolunt reddere certos
atque securos: iurasse ergo legitur &amp; dominus ipse in sacris literis, &amp; iurasse qui¬
dem per semetipsum, cum uidelicet promissionum haeredibus eximie uellet osten
dere, ut ait apostolus, consilij sui firmitatem. Praeterea mos fuit priscis homini¬
bus foedera ferientibus, hostiam dissecare in partes, atque per partium dissectarum
medium transire, eaque testari ceremonia, subijcere se dissectionis poenae aut sup¬
plicio, nisi stent pactis firmissime. Ad eum uero modum dominus cum Abra¬
hamo foedus initurus aut reparaturus, quod Moses copiose describit Gene. 15¬
cap. iubet Abrahamum buculam, capram &amp; arietem, triennes, dissecare &amp; par¬
tes ex opposito collocare: quod cum fecisset Abraham, ipse dominus, sub spe¬
cie lampadis aut facis ardentis, per partes illas medius transiuit, ut inde intelli¬
geret Abraham terram Chanaan semini ipsius certo fore tradendam, neque quica</Unicode>
            </TextEquiv>
        </TextRegion>
    </Page>
</PcGts>
