2288 3632
547 269 2204 368 baec sacra domini uerba, Coenantibus eis accepit Iesus panem, & postquam egis
554 345 2191 423 set gratias, fregit & dedit eis, dicens, Accipite edite, Hoc est meum corpus
563 405 2198 484 quod pro uobis traditur. Hic est sanguis meus qui pro uobis effunditur, in re¬
562 465 2209 525 missionem peccatorum. Hoc facite in mei commemorationem. Et reliqua.
559 509 2205 588 Sunt enim illae commemorationes, & recitationes, promissiones euangelicae
571 556 2215 650 pollicentes peccatorum remissionem credentibus, annunciantes pro ipsis do¬
572 614 2211 691 mini corpus traditum, & pro ipsis effusum esse sanguinem: quae sane fides unica
567 667 2209 743 & certissima est uitae & salutis apprehendendae ratio. Christus est uis & substan¬
563 736 2215 808 tia sacramentorum, per quem solum efficatia sunt, extra quem nihil possunt
562 798 838 870 aut efficiunt.
626 822 2206 907 Caeterum si quis per promissionem intelligat pactionem, qua se dominus sin
571 893 2209 986 gulariter obstrinxerit, ac uelut affixerit signis, in quibus aut cum quibus uelit
582 948 2215 1031 corporaliter, essentialiter & realiter esse praesens, iam plus dicit, quam scripturis
580 1014 2213 1090 demonstrare euincereque possit. Nullibi enim promisit se Christus in signis aut
571 1073 2212 1148 cum signis corporaliter, hoc est uero suo corpore affuturum. Alioqui non nescio
574 1120 2205 1203 deum alicubi patribus nostris apparuisse sub figura corporali, id est specie ali¬
582 1192 2211 1262 qua uisibili: ueluti dum Iacobo lzraeli scalae incumbens & Mosi iniforamine pe
578 1238 2213 1322 trae ceu in specula constituto se exhibet uidendum. Verum ea huc proprie non
579 1286 2205 1377 pertinent, qui de corporali Christi praesentia, & de signis sacramentalibus disse¬
577 1341 2208 1429 rimus. Quia uero non pauci uerba domini Hoc est corpus meum. Hic est sanguis
576 1398 2216 1482 meus, huc torquent ut corporalem corporis domini praesentiam in Coena sta¬
583 1454 2218 1544 tuant : respondemus uerba illa domini non rigide ad literam exponenda esse,
579 1515 2215 1587 quasi panis & uinum essentialiter aut corporaliter sint corpus & sanguis Christi:
581 1581 2222 1655 sed symbolice & sacramentaliter, ita ut corpus & sanguis Christi in sua substan¬
586 1624 2224 1697 tia & natura, & in loco suo, in certo inquam aliquo coeli loco maneant, panis au
574 1688 2224 1770 tem & uinum signum uel sacramentum sint, testimonium aut obsignatio, me¬
574 1748 2221 1806 moriaque celebris traditi pro nobis corporisac effusi sanguinis. Verum hac de re
583 1791 2219 1865 suo loco copiosius disseremus. Ex ijs quae diximus satis claret quomodo sacra¬
574 1850 2218 1936 menta constent duobus, signo & re signata, uerbo dei et ritu uel caeremonia sacra.
668 1909 2210 1984 SVNT tamen qui arbitrantur uerbis eam esse uim a deo inditam, ut pronun
577 1957 2221 2040 ciata supersigna, ipsa sanctificent, immutent, adeoque res significatas aduehant uel
585 2020 2214 2094 praesentes faciant, & signis ipsis inserant, uel includant, aut certe coniungant.
588 2078 2225 2147 Hinc enim exaudiuntur uoces huiusmodi, Aquam baptismi uirtute uerborum
583 2138 2226 2202 regenerare: & uirtute uerborum ipsum panem & uinum in Coena fieri carnem
586 2200 2221 2265 & sanguinem domini naturalem. Ac uerbo quidem & signo constant sacramen
587 2241 2227 2313 ta Christi & ecclesiae. At diligenter dispiciendum uidetur quid intelligi opor-
586 2300 2219 2366 teat per uerbum. Modo dixi Verbum in sacramentis esse diuinae uoluntatis te¬
577 2350 2226 2424 stificationem, ipsumque dei praeceptum aut institutionem dei, quae sacramenti au
582 2415 2223 2487 thorem, modum & finem ostendit. Hoc inquam uerbo & praecepto dei, hac uo
583 2464 2225 2533 luntate & institutione dei, sanctificantur sacramenta, non quod uerba a ministris
586 2525 2217 2599 sic pronunciantur, sicuti leguntur prius ab ipso domino recitata, aut ab ipsis tra¬
582 2577 2226 2651 dita apostolis: sed quod deus sic uoluit, fecit, & facere iussit. Quod enim deus fa
583 2637 2218 2701 cit, aut facere iubet, ipso dei praecepto aut facto est sanctificatum. Nam omnia
580 2698 2223 2772 quae fecit, ualde bona sunt : ergo quae facere iubet, non possunt non esse sancta:
582 2755 2211 2817 quia ipse sanctus est et sanctificator unicus. Proinde ex natura, uoluntate, facto.
579 2815 2218 2875 aut iussu dei, non ex pronunciatione ullorum uerborum est sanctificatio sacra¬
571 2853 2223 2936 mentorum. Cui iam, ut homini quoque applicetur ac prosit, fidelis hominum obe
580 2922 2223 3005 dientia accedat necesse est: quae uidelicet omnem fiduciam defigat in misericor
