2288 3632
79 254 1721 366 diam & potentiam dei, quae denique non contemnat aut respuat institutionem
82 332 1725 416 dei, licet in speciem uilis & contempta uideatur. Apparebit hoc clarius in exem
73 387 1726 473 plo Naamani magistri militum regis Syriae. Is audit a propheta, haud dubie ex
86 451 1721 526 praecepto domini, septies lauet in Iordane: sic enim futurum, ut mundetur a le¬
85 506 1720 587 pra. Audis hic uerbum, uoluntatem inquam & praeceptum dei : non audis au¬
85 564 1721 638 tem ulla uerba recitari uel super lordane, uel super Naamano, uel ulla uerba Na
77 617 1716 697 amano a propheta praescribi, quae ipse recitet, quibus uidelicet aquae indatur pu
73 670 1713 747 rificandi uis. Obtemperat per fidem praecepto dei Naaman, & mundatur a le¬
76 734 1711 810 pra, non suo quidem merito, aut aquae lordanis beneficio, sed uirtute dei & fi-
80 788 1707 867 deli obedientia. Mundantur & in euangelio seprosi non pauci, uirtute inquam
74 828 1711 920 & uoluntate Christi domini fideique gratia, non ulla pronunciatione uel recita¬
66 894 1727 980 tione uerborum. Dixit sane dominus, Volo, mundus esto : caeterum si quis ho¬
74 952 1713 1037 die eadem recitarit etiam centies super seproso aliquo, nihil effecerit. Vnde per
73 1001 1709 1085 spicuum est, uerbis nullam esse uim inditam sanitatis effectricem, si pronuncientur.
163 1052 1725 1134 Dixerunt sane apostoli ad aegrotos languentes & claudos, In nomine domi
65 1116 1724 1208 ni Iesu surgite & ambulate: ac surrexerunt quidem sanati: sed non uerborum be-
67 1171 1705 1256 neficio seruati, uerum nomine, potentia inquam & uirtute Christi. Petrus enim
66 1239 1692 1324 qui ad claudum Hierosolymis dixerat. In nomine Iesu Christi Nazareni surge
76 1284 1696 1375 & ambula, coram senatu Hierosolymitano, Examinamur hodie de eo, inquit,
68 1344 1696 1431 quod benefecerimus infirmo, qua ratione iste saluus factus sit : notum sit ergo
65 1401 1697 1477 omnibus uobis, quod per nomen Iesu Christi Nazareni, iste astat coram uobis
60 1444 1703 1538 sanus. Et ad populum idem, Per fiduciam nominis eius, inquit, hunc quem ui¬
66 1514 1702 1597 detis ac nostis, confirmauit nomen ipsius, & fides quae per eum est, dedit ei in¬
64 1563 1718 1648 tegritatem istam. Praeterea legimus in Actis apostolorum, filios cuiusdam Sceuae
62 1616 1697 1707 sacerdotis exorcistas inuocare nomen domini Iesu super eos qui habebant dae¬
72 1682 1696 1752 monia: haec uero adeo non cessisse exorcismis, ut magis in exorcistas insurgen¬
62 1740 1704 1807 tia illos fere ad mortem usque mulctarint. Vbi apertissimum est exorcistas eadem
62 1783 1705 1867 fere usos esse formula, qua utebantur apostoli ( nam per nomen domini Iesuten
59 1846 1697 1923 tabant eijcere demonem) hoc autem cum non potuerunt, quis non uideat uerba
59 1902 1697 1968 pronunciata nihil posse? Nec obstat hic quicquam, quod exorcistae illi fuerunt
59 1961 1693 2049 increduli. Nam apud omnes receptissimum est, sacramenta non minus efficatia
53 2004 1251 2093 esse per malos administrata ministros quam per optimos.
118 2065 1711 2157 At obiicitur hic nobis illud apostoli, Christus exposuit semetipsum pro eccle
58 2115 1710 2194 sia, ut illam sanctificaret mundatam lauacro aquae per uerbum, uel in uerbo. Si¬
58 2183 1708 2258 quidem, En, inquiunt, mundantur homines aqua baptismi, quae ex uerbo uim
59 2234 1693 2308 habet sanctificandi inditam: uerbis itaque uim sanctificandi inesse necesse est. Cae
55 2296 1686 2369 terum euincemus perspicua demonstratione, non hoc sensisse apostolum, quod
53 2343 1700 2439 illi putant. Praescribit apostolus Christianis coniugibus officia sua: ad quam rem
53 2404 1687 2474 illustrandam utitur exemplo Christi & ecclesiae, Christi erga ecclesiam commen
55 2462 1688 2536 dans insignem illam dilectionem, qua inflammatus exposuerit sese pro ipsa, in
51 2505 1681 2597 hoc ut purgatam & gloriosam sibi sponsam adiungeret: ubi obiter mundandi mo
43 2573 1704 2658 dum indicat. Nam ipse dominus Iesus, inquit, illam mundauit. Solius enim Chri
49 2624 1687 2693 sti est purgare. lam sequitur modus, Lauacro aquae per uerbum: quod quia bre¬
50 2682 1693 2762 uiter dictum est, nonnihil obscuritatis habet. Duo autem commemorat, quae do¬
58 2741 1686 2815 minus suis adhibet mundandis, Lauacrum aquae & Verbum. Lauacrum aquae
59 2794 1693 2869 baptismus est, externa uidelicet actio, internae purificationis, gratia & spiritu
58 2846 1700 2924 dei factae, testificatio: iuxta illud, Secundum suam misericordiam saluos nos fe¬¬
53 2907 1699 3003 cit per lauacrum regenerationis ac renouationis spiritus sancti, quem effudit in¬
