<?xml version="1.0" encoding="UTF-8" standalone="yes"?>
<PcGts xmlns="http://schema.primaresearch.org/PAGE/gts/pagecontent/2013-07-15" xmlns:xsi="http://www.w3.org/2001/XMLSchema-instance" xsi:schemaLocation="http://schema.primaresearch.org/PAGE/gts/pagecontent/2013-07-15 http://schema.primaresearch.org/PAGE/gts/pagecontent/2013-07-15/pagecontent.xsd">
    <Metadata>
        <Creator>prov=University of Rostock/Institute of Mathematics/CITlab|PLANET AI GmbH/Gundram Leifert/gundram.leifert@planet-ai.de:name=cod-a3V3DV-m3(htr_id=25165)::::v=2.6.6
prov=University of Rostock/Institute of Mathematics/CITlab|PLANET AI GmbH/Tobias Gruening/tobias.gruening@planet-ai.de:name=de.uros.citlab.module.baseline2polygon.B2PSeamMultiOriented:v=2.6.6
prov=University of Rostock/Institute of Mathematics/CITlab|PLANET AI GmbH/Tobias Gruening/tobias.gruening@planet-ai.de:name=/net_tf/LA73_249_0mod360.pb:de.uros.citlab.segmentation.CITlab_LA_ML:v=2.6.6
Transkribus</Creator>
        <Created>2019-12-04T11:29:28.497-05:00</Created>
        <LastChange>2020-07-05T17:39:40.060+02:00</LastChange>
        <TranskribusMetadata docId="284697" pageId="11502199" pageNr="681" tsid="33492678" status="IN_PROGRESS" userId="25065" imgUrl="https://files.transkribus.eu/Get?id=SIGJSMNYRXZPVXJVDAWWTPCY&amp;fileType=view" xmlUrl="https://files.transkribus.eu/Get?id=QYNNIXOCDBNUZZGPXTTLCDAI" imageId="7898684"/>
    </Metadata>
    <Page imageFilename="680.jpg" imageWidth="2288" imageHeight="3632">
        <ReadingOrder>
            <OrderedGroup id="ro_1596925446734" caption="Regions reading order">
                <RegionRefIndexed index="0" regionRef="TextRegion_1593736310199_460"/>
            </OrderedGroup>
        </ReadingOrder>
        <TextRegion orientation="0.0" id="TextRegion_1593736310199_460" custom="readingOrder {index:0;}">
            <Coords points="84,240 1733,240 1733,307 1728,1736 1723,3057 84,3057"/>
            <TextLine id="line_1593736310255_463" custom="readingOrder {index:0;}">
                <Coords points="184,351 1741,379 1742,309 184,279"/>
                <Baseline points="195,335 282,335 370,336 458,336 546,336 633,338 721,338 809,338 897,339 984,339 1072,341 1160,341 1248,342 1335,344 1423,345 1511,346 1599,347 1686,348 1732,349"/>
                <TextEquiv>
                    <Unicode>lam si prisca quoque inspicias sanctorum mysteria, non legas in celebratione</Unicode>
                </TextEquiv>
            </TextLine>
            <TextLine id="line_1593736310256_465" custom="readingOrder {index:1;}">
                <Coords points="103,405 1742,436 1743,381 103,331"/>
                <Baseline points="113,390 204,390 296,390 387,392 479,392 570,393 662,393 753,393 845,395 936,396 1028,396 1120,398 1211,398 1303,399 1394,401 1486,402 1577,404 1669,405 1732,406"/>
                <TextEquiv>
                    <Unicode>Circuncisionis, Paesae &amp; Sacrificiorum ulla esse recitata uerba, quibus ea forma¬</Unicode>
                </TextEquiv>
            </TextLine>
            <TextLine id="r1l5" custom="readingOrder {index:2;}">
                <Coords points="94,463 1697,482 1718,419 95,405"/>
                <Baseline points="105,446 185,446 265,447 345,447 425,447 505,449 585,449 665,449 745,450 825,450 906,452 986,452 1066,453 1146,453 1226,455 1306,456 1386,456 1466,458 1546,459 1626,461 1707,462"/>
                <TextEquiv>
                    <Unicode>rentur, ac ueluti crearentur sacramenta, redderenturque efficacia. Quo accedit, </Unicode>
                </TextEquiv>
            </TextLine>
            <TextLine id="r1l7" custom="readingOrder {index:3;}">
                <Coords points="100,510 1721,544 1722,481 100,463"/>
                <Baseline points="110,504 190,503 270,503 350,503 430,504 510,504 590,504 670,505 750,506 830,506 910,507 990,509 1070,509 1150,510 1230,512 1310,512 1390,513 1470,515 1550,515 1630,516 1710,518"/>
                <TextEquiv>
                    <Unicode>quod Baptista non tantum uulgus promiscuum, sed ipsum etiam dominum Ie¬</Unicode>
                </TextEquiv>
            </TextLine>
            <TextLine id="r1l9" custom="readingOrder {index:4;}">
                <Coords points="98,567 1723,594 1723,547 1611,523 98,510"/>
                <Baseline points="108,560 188,560 268,560 348,560 428,560 509,560 589,561 669,561 749,562 829,563 910,564 990,564 1070,566 1150,566 1230,567 1311,569 1391,569 1471,570 1551,572 1631,572 1712,572"/>
                <TextEquiv>
                    <Unicode>sum, aqua lordanis baptizauit, nullis interim uerbis recitatis, quibus gratiam coe¬</Unicode>
                </TextEquiv>
            </TextLine>
            <TextLine id="r1l10" custom="readingOrder {index:5;}">
                <Coords points="98,625 1728,652 1728,598 1638,579 99,572"/>
                <Baseline points="108,614 188,615 269,615 349,615 430,615 510,617 591,617 671,618 752,618 832,620 913,620 993,621 1074,623 1154,623 1235,624 1315,624 1396,626 1476,627 1557,627 1637,629 1718,630"/>
                <TextEquiv>
                    <Unicode>lestem euocarit super aquam baptismi, Rursus dum in euangelio Coenam insti¬</Unicode>
                </TextEquiv>
            </TextLine>
            <TextLine id="r1l11" custom="readingOrder {index:6;}">
                <Coords points="94,684 1732,702 1706,645 1546,635 94,635"/>
                <Baseline points="105,671 185,671 266,671 347,672 428,672 509,672 589,673 670,674 751,674 832,675 913,676 993,677 1074,678 1155,678 1236,680 1317,681 1397,681 1478,683 1559,684 1640,684 1721,686"/>
                <TextEquiv>
                    <Unicode>tuit pontifex noster Christus, nihil iubet recitare aut pronunciare, cuius pronun¬</Unicode>
                </TextEquiv>
            </TextLine>
            <TextLine id="r1l12" custom="readingOrder {index:7;}">
                <Coords points="92,742 1726,752 1726,703 1597,691 92,684"/>
                <Baseline points="102,728 182,728 263,728 343,728 424,729 505,729 585,729 666,731 747,731 827,732 908,732 989,733 1069,734 1150,735 1231,735 1311,737 1392,738 1473,738 1553,740 1634,740 1715,741"/>
                <TextEquiv>
                    <Unicode>ciationis uirtute, uel elementa mutentur, uel significatae res coelitus detractae ad¬</Unicode>
                </TextEquiv>
            </TextLine>
            <TextLine id="r1l13" custom="readingOrder {index:8;}">
                <Coords points="91,797 1729,823 1729,751 91,742"/>
                <Baseline points="101,783 181,783 262,783 343,785 424,785 505,785 586,786 666,786 747,788 828,788 909,789 990,789 1071,791 1152,791 1232,792 1313,794 1394,794 1475,795 1556,796 1637,797 1718,798"/>
                <TextEquiv>
                    <Unicode>ferantur aut coniungantur symbolis: sed simpliciter quid fecerit dominus, et quid</Unicode>
                </TextEquiv>
            </TextLine>
            <TextLine id="r1l14" custom="readingOrder {index:9;}">
                <Coords points="95,853 1659,881 1719,824 95,795"/>
                <Baseline points="105,839 185,840 265,840 345,840 425,840 506,842 586,842 666,843 746,843 826,845 907,845 987,846 1067,846 1147,848 1227,848 1308,849 1388,849 1468,851 1548,852 1628,852 1709,854"/>
                <TextEquiv>
                    <Unicode>a nobis fieri uelit, hoc est, quomodo &amp; in quem finem coenam instituerit, expo¬</Unicode>
                </TextEquiv>
            </TextLine>
            <TextLine id="r1l15" custom="readingOrder {index:10;}">
                <Coords points="92,910 1710,927 1727,869 93,853"/>
                <Baseline points="102,896 182,896 263,897 344,897 424,897 505,897 586,899 666,899 747,900 828,900 909,902 989,902 1070,903 1151,903 1231,905 1312,905 1393,906 1473,908 1554,908 1635,909 1716,909"/>
                <TextEquiv>
                    <Unicode>suerunt euangelistae. Nullibi legimus dixisse dominum, Quoties haec uerba mea</Unicode>
                </TextEquiv>
            </TextLine>
            <TextLine id="r1l16" custom="readingOrder {index:11;}">
                <Coords points="88,978 1726,976 1726,925 1632,920 88,912"/>
                <Baseline points="99,953 179,953 260,953 341,954 422,954 503,954 584,954 664,956 745,956 826,957 907,957 988,959 1069,959 1150,960 1230,961 1311,962 1392,963 1473,963 1554,965 1635,966 1716,966"/>
                <TextEquiv>
                    <Unicode>recitaueritis. Hoc est corpus meum. Hic est sanguis meus, fiet uirtute uerborum</Unicode>
                </TextEquiv>
            </TextLine>
            <TextLine id="r1l17" custom="readingOrder {index:12;}">
                <Coords points="81,1021 1723,1032 1723,974 81,963"/>
                <Baseline points="92,1008 173,1008 254,1008 335,1008 416,1010 497,1010 578,1010 659,1011 740,1011 821,1013 902,1014 983,1014 1064,1016 1145,1016 1226,1017 1307,1019 1388,1019 1469,1020 1550,1020 1631,1020 1713,1020"/>
                <TextEquiv>
                    <Unicode>meorum, ut substantia signi euacuetur &amp; incipiat in puncto recitationis sub spe</Unicode>
                </TextEquiv>
            </TextLine>
            <TextLine id="r1l18" custom="readingOrder {index:13;}">
                <Coords points="89,1076 1723,1097 1723,1033 89,1033"/>
                <Baseline points="99,1065 179,1065 260,1065 341,1065 421,1065 502,1065 583,1067 663,1067 744,1068 825,1068 906,1070 986,1071 1067,1071 1148,1073 1228,1073 1309,1074 1390,1075 1470,1076 1551,1076 1632,1076 1713,1076"/>
                <TextEquiv>
                    <Unicode>ciebus panis &amp; uini esse uerum domini corpus, &amp; uerus sanguis: aut manentibus</Unicode>
                </TextEquiv>
            </TextLine>
            <TextLine id="r1l19" custom="readingOrder {index:14;}">
                <Coords points="85,1144 1719,1139 1699,1094 1539,1088 85,1080"/>
                <Baseline points="96,1122 176,1122 257,1122 337,1122 418,1122 499,1122 579,1122 660,1124 741,1124 821,1125 902,1125 983,1127 1063,1128 1144,1128 1225,1130 1305,1130 1386,1131 1467,1131 1547,1133 1628,1133 1709,1133"/>
                <TextEquiv>
                    <Unicode>speciebus &amp; signi ueritate, incipiat simul etiam esse cum pane &amp; uino uerum cor¬</Unicode>
                </TextEquiv>
            </TextLine>
            <TextLine id="r1l20" custom="readingOrder {index:15;}">
                <Coords points="84,1201 1724,1204 1712,1142 84,1146"/>
                <Baseline points="95,1176 175,1176 256,1178 337,1178 418,1178 499,1179 580,1179 661,1181 742,1181 823,1182 904,1182 984,1183 1065,1184 1146,1185 1227,1185 1308,1187 1389,1187 1470,1188 1551,1188 1632,1189 1713,1190"/>
                <TextEquiv>
                    <Unicode>pus &amp; uerus sanguis. Proinde nulla est uirtus in recitatione uerborum domini</Unicode>
                </TextEquiv>
            </TextLine>
            <TextLine id="r1l21" custom="readingOrder {index:16;}">
                <Coords points="90,1251 1705,1269 1726,1204 90,1197"/>
                <Baseline points="99,1232 179,1233 260,1233 341,1233 422,1235 503,1235 584,1235 664,1236 745,1236 826,1238 907,1238 988,1239 1069,1239 1150,1241 1230,1241 1311,1242 1392,1242 1473,1244 1554,1245 1635,1245 1716,1247"/>
                <TextEquiv>
                    <Unicode>in coena uel deuocandi uel transmutandi. Superstitionem haec magis quam pie</Unicode>
                </TextEquiv>
            </TextLine>
            <TextLine id="r1l22" custom="readingOrder {index:17;}">
                <Coords points="85,1306 1692,1328 1736,1255 86,1259"/>
                <Baseline points="96,1289 177,1289 258,1290 340,1290 421,1290 503,1290 584,1292 666,1292 747,1293 829,1293 910,1294 991,1295 1073,1295 1154,1296 1236,1298 1317,1298 1399,1299 1480,1299 1562,1301 1643,1302 1725,1302"/>
                <TextEquiv>
                    <Unicode>tatem alere uidentur. Quasi uero uerba, concepta formula recitata, uim habeant</Unicode>
                </TextEquiv>
            </TextLine>
            <TextLine id="r1l23" custom="readingOrder {index:18;}">
                <Coords points="81,1357 1723,1365 1723,1324 1584,1309 81,1316"/>
                <Baseline points="92,1346 173,1346 254,1346 335,1346 416,1346 497,1347 578,1347 659,1347 740,1349 821,1349 902,1350 983,1350 1064,1352 1145,1353 1226,1353 1307,1355 1388,1355 1469,1356 1550,1356 1631,1358 1712,1358"/>
                <TextEquiv>
                    <Unicode>euocandi, deducendi, sanandi, attrahendi, depellendi aut transformandi. Diuus</Unicode>
                </TextEquiv>
            </TextLine>
            <TextLine id="r1l24" custom="readingOrder {index:19;}">
                <Coords points="90,1417 1649,1437 1725,1428 1726,1366 90,1359"/>
                <Baseline points="99,1401 179,1401 260,1403 341,1403 422,1403 503,1403 583,1404 664,1404 745,1404 826,1406 907,1406 987,1407 1068,1407 1149,1409 1230,1409 1311,1410 1391,1410 1472,1412 1553,1412 1634,1413 1715,1413"/>
                <TextEquiv>
                    <Unicode>Aurelius Augustinus inter superstitiosa numerat ligaturas &amp; remedia, quae me¬</Unicode>
                </TextEquiv>
            </TextLine>
            <TextLine id="r1l25" custom="readingOrder {index:20;}">
                <Coords points="83,1464 1522,1493 1731,1479 1732,1425 84,1427"/>
                <Baseline points="93,1457 174,1458 255,1458 337,1458 418,1460 500,1460 581,1460 662,1461 744,1461 825,1461 907,1463 988,1463 1069,1463 1151,1464 1232,1464 1314,1466 1395,1466 1476,1467 1558,1469 1639,1469 1721,1470"/>
                <TextEquiv>
                    <Unicode>dicorum quoque, ut ait, disciplina condemnat, siue in praecantationibus, siue in</Unicode>
                </TextEquiv>
            </TextLine>
            <TextLine id="r1l26" custom="readingOrder {index:21;}">
                <Coords points="85,1528 1684,1550 1728,1480 86,1470"/>
                <Baseline points="96,1514 177,1514 258,1515 339,1515 420,1515 501,1515 582,1515 663,1517 744,1517 825,1517 907,1518 988,1518 1069,1520 1150,1520 1231,1521 1312,1521 1393,1523 1474,1523 1555,1524 1636,1524 1718,1526"/>
                <TextEquiv>
                    <Unicode>quibusdam notis, quas uocant characteres, siue in quibusdam rebus suspenden¬</Unicode>
                </TextEquiv>
            </TextLine>
            <TextLine id="r1l27" custom="readingOrder {index:22;}">
                <Coords points="87,1579 1725,1587 1725,1533 87,1526"/>
                <Baseline points="98,1571 178,1571 259,1571 340,1571 421,1571 502,1572 583,1572 663,1572 744,1574 825,1574 906,1575 987,1575 1068,1577 1149,1577 1229,1578 1310,1578 1391,1578 1472,1580 1553,1580 1634,1581 1715,1581"/>
                <TextEquiv>
                    <Unicode>dis, &amp;c. Locus extat cap. 20. lib. de Doct. Christ. 2. Et Chrysost, grauiter succen¬</Unicode>
                </TextEquiv>
            </TextLine>
            <TextLine id="r1l28" custom="readingOrder {index:23;}">
                <Coords points="86,1643 1686,1666 1724,1615 86,1577"/>
                <Baseline points="95,1626 175,1626 256,1626 337,1626 418,1626 499,1628 580,1628 661,1628 742,1628 823,1629 904,1629 984,1629 1065,1631 1146,1631 1227,1632 1308,1632 1389,1634 1470,1635 1551,1637 1632,1638 1713,1640"/>
                <TextEquiv>
                    <Unicode>sens ijs, qui euangelium scriptum suspendunt e collo, Vbi (inquit in Matth. 23. </Unicode>
                </TextEquiv>
            </TextLine>
            <TextLine id="r1l29" custom="readingOrder {index:24;}">
                <Coords points="80,1698 1685,1718 1725,1654 81,1645"/>
                <Baseline points="90,1682 171,1682 252,1682 333,1682 415,1682 496,1683 577,1683 658,1683 740,1684 821,1685 902,1685 983,1686 1065,1686 1146,1688 1227,1688 1308,1689 1390,1689 1471,1691 1552,1691 1633,1692 1715,1692"/>
                <TextEquiv>
                    <Unicode>cap. ) uirtus est euangelij, in figuris literarum, an in intellectu sensuum? Si in figu</Unicode>
                </TextEquiv>
            </TextLine>
            <TextLine id="r1l30" custom="readingOrder {index:25;}">
                <Coords points="79,1751 1602,1775 1725,1762 1726,1704 80,1698"/>
                <Baseline points="90,1736 171,1736 252,1737 333,1737 415,1737 496,1737 577,1738 658,1739 740,1739 821,1739 902,1740 983,1740 1065,1740 1146,1742 1227,1742 1308,1743 1390,1745 1471,1745 1552,1746 1633,1748 1715,1749"/>
                <TextEquiv>
                    <Unicode>ris, bene circum collum suspendis. Si in intellectu, ergo melius in corde posita</Unicode>
                </TextEquiv>
            </TextLine>
            <TextLine id="r1l31" custom="readingOrder {index:26;}">
                <Coords points="82,1807 1722,1812 1722,1767 1531,1755 82,1749"/>
                <Baseline points="92,1791 173,1793 254,1793 335,1793 416,1793 497,1794 578,1794 659,1794 740,1794 821,1796 902,1796 983,1797 1064,1797 1145,1797 1226,1799 1307,1799 1388,1800 1469,1800 1550,1802 1631,1803 1712,1803"/>
                <TextEquiv>
                    <Unicode>sunt. Haec ille. Atqui eadem est ratio figurarum &amp; pronunciationis literarum </Unicode>
                </TextEquiv>
            </TextLine>
            <TextLine id="r1l32" custom="readingOrder {index:27;}">
                <Coords points="84,1860 1726,1867 1707,1810 84,1805"/>
                <Baseline points="93,1847 174,1848 255,1848 336,1848 417,1850 498,1850 579,1850 660,1850 741,1851 822,1851 904,1851 985,1851 1066,1853 1147,1853 1228,1854 1309,1854 1390,1856 1471,1856 1552,1857 1633,1859 1715,1860"/>
                <TextEquiv>
                    <Unicode>aut uocum euangelij. Sicut ergo nihil potest figura literarum: ita nulla uirtus est</Unicode>
                </TextEquiv>
            </TextLine>
            <TextLine id="r1l33" custom="readingOrder {index:28;}">
                <Coords points="90,1913 1612,1941 1721,1919 1722,1869 90,1862"/>
                <Baseline points="99,1904 179,1904 260,1905 340,1905 421,1905 502,1905 582,1907 663,1907 744,1907 824,1908 905,1908 986,1908 1066,1908 1147,1910 1228,1910 1308,1910 1389,1911 1470,1911 1550,1912 1631,1913 1712,1913"/>
                <TextEquiv>
                    <Unicode>&amp; in pronunciatione uerborum, uel in sono. Quid quod Plinius scriptor genti¬</Unicode>
                </TextEquiv>
            </TextLine>
            <TextLine id="r1l34" custom="readingOrder {index:29;}">
                <Coords points="73,1971 1717,1990 1691,1923 73,1920"/>
                <Baseline points="84,1959 165,1961 246,1961 327,1961 408,1962 489,1962 570,1962 651,1962 732,1962 813,1964 895,1964 976,1964 1057,1964 1138,1965 1219,1965 1300,1965 1381,1967 1462,1967 1543,1968 1624,1970 1706,1971"/>
                <TextEquiv>
                    <Unicode>lis multa quidem gentilitia profert exempla, quibus ostendit uerba esse efficacias</Unicode>
                </TextEquiv>
            </TextLine>
            <TextLine id="r1l35" custom="readingOrder {index:30;}">
                <Coords points="77,2026 1727,2038 1727,1990 1391,1976 77,1979"/>
                <Baseline points="87,2015 168,2016 249,2016 331,2018 412,2018 494,2018 575,2018 657,2019 738,2019 820,2019 901,2019 982,2019 1064,2019 1145,2021 1227,2021 1308,2021 1390,2022 1471,2024 1553,2024 1634,2025 1716,2027"/>
                <TextEquiv>
                    <Unicode>idem tamen inter alia, Quaesitum est, inquit, ualeant ne uerba &amp; incantamenta</Unicode>
                </TextEquiv>
            </TextLine>
            <TextLine id="r1l36" custom="readingOrder {index:31;}">
                <Coords points="79,2080 1717,2101 1717,2035 79,2041"/>
                <Baseline points="90,2072 170,2072 251,2073 332,2073 413,2075 494,2075 575,2075 655,2075 736,2075 817,2075 898,2075 979,2076 1060,2076 1141,2076 1221,2076 1302,2078 1383,2078 1464,2079 1545,2081 1626,2082 1707,2084"/>
                <TextEquiv>
                    <Unicode>carminum? Sed uiritim sapientissimi cuiusque respuit fides. Locus extat libro 28.</Unicode>
                </TextEquiv>
            </TextLine>
            <TextLine id="r1l37" custom="readingOrder {index:32;}">
                <Coords points="82,2137 1714,2150 1634,2090 83,2082"/>
                <Baseline points="92,2129 172,2129 253,2129 333,2129 414,2129 494,2129 575,2130 655,2130 736,2130 816,2130 897,2130 978,2132 1058,2132 1139,2132 1219,2133 1300,2133 1380,2135 1461,2135 1541,2136 1622,2138 1703,2138"/>
                <TextEquiv>
                    <Unicode>cap. 2. Merito autem his omnibus ipsum dei uerbum praefertur, quod apud Mo</Unicode>
                </TextEquiv>
            </TextLine>
            <TextLine id="r1l38" custom="readingOrder {index:33;}">
                <Coords points="78,2199 1722,2208 1700,2146 78,2141"/>
                <Baseline points="89,2184 170,2184 251,2184 332,2186 413,2186 494,2186 575,2186 657,2186 738,2187 819,2187 900,2187 981,2187 1062,2189 1143,2189 1225,2189 1306,2190 1387,2190 1468,2192 1549,2192 1630,2193 1712,2195"/>
                <TextEquiv>
                    <Unicode>sen Deut. 18. omnis generis superstitiones &amp; incantamenta magna cum graui¬</Unicode>
                </TextEquiv>
            </TextLine>
            <TextLine id="r1l39" custom="readingOrder {index:34;}">
                <Coords points="87,2260 413,2250 520,2269 709,2252 709,2213 639,2196 510,2212 356,2194 327,2213 87,2197"/>
                <Baseline points="96,2240 126,2240 156,2240 186,2240 216,2241 246,2241 276,2241 306,2241 336,2241 366,2241 397,2241 427,2241 457,2241 487,2242 517,2243 547,2243 577,2243 607,2243 637,2243 667,2243 698,2244"/>
                <TextEquiv>
                    <Unicode>tate condemnat atque prohibet. </Unicode>
                </TextEquiv>
            </TextLine>
            <TextLine id="r1l40" custom="readingOrder {index:35;}">
                <Coords points="135,2318 1720,2328 1704,2252 136,2248"/>
                <Baseline points="146,2298 224,2298 302,2298 380,2297 458,2298 537,2298 615,2298 693,2298 771,2298 849,2298 928,2299 1006,2300 1084,2300 1162,2300 1240,2301 1319,2301 1397,2303 1475,2304 1553,2304 1631,2306 1710,2306"/>
                <TextEquiv>
                    <Unicode>Scio quid mihi hic obiiciant aduersarij, Benedictionem seu consecrationem,</Unicode>
                </TextEquiv>
            </TextLine>
            <TextLine id="line_1593736310261_467" custom="readingOrder {index:36;}">
                <Coords points="73,2363 1735,2370 1551,2312 73,2320"/>
                <Baseline points="84,2352 176,2352 269,2354 362,2354 455,2354 548,2355 640,2355 733,2355 826,2355 919,2355 1012,2355 1104,2357 1197,2357 1290,2357 1383,2358 1476,2360 1568,2361 1661,2363 1725,2364"/>
                <TextEquiv>
                    <Unicode>non superstitionem esse quam perficiant. Asserunt praeterea plurimae sacris, po</Unicode>
                </TextEquiv>
            </TextLine>
            <TextLine id="line_1593736310262_469" custom="readingOrder {index:37;}">
                <Coords points="74,2418 1736,2435 1736,2371 74,2369"/>
                <Baseline points="84,2405 181,2408 279,2409 377,2409 475,2411 573,2411 671,2412 768,2412 866,2412 964,2412 1062,2412 1160,2412 1258,2414 1355,2414 1453,2415 1551,2417 1649,2418 1725,2420"/>
                <TextEquiv>
                    <Unicode>sita in Decret. canonicis exempla, quibus ineptissime profecto demonstrare co</Unicode>
                </TextEquiv>
            </TextLine>
            <TextLine id="line_1593736310263_471" custom="readingOrder {index:38;}">
                <Coords points="74,2472 1576,2500 1734,2488 1735,2435 74,2421"/>
                <Baseline points="84,2460 176,2462 268,2463 360,2465 452,2466 544,2468 636,2468 728,2468 820,2469 912,2469 1005,2469 1097,2469 1189,2470 1281,2471 1373,2471 1465,2472 1557,2474 1649,2475 1725,2476"/>
                <TextEquiv>
                    <Unicode>nantur benedictione, ut aiunt, rerum naturas mutari : unde colligunt &amp; panem </Unicode>
                </TextEquiv>
            </TextLine>
            <TextLine id="line_1593736310263_473" custom="readingOrder {index:39;}">
                <Coords points="82,2540 1658,2555 1736,2541 1737,2488 82,2488"/>
                <Baseline points="93,2516 181,2517 270,2519 358,2520 447,2522 535,2522 624,2523 712,2523 801,2523 889,2524 978,2525 1066,2525 1155,2525 1243,2526 1332,2526 1420,2528 1509,2529 1597,2531 1686,2532 1725,2532"/>
                <TextEquiv>
                    <Unicode>uerbis benedictionis uel consecrationis conuerti in carnem. Huius autem gene</Unicode>
                </TextEquiv>
            </TextLine>
            <TextLine id="line_1593736310264_475" custom="readingOrder {index:40;}">
                <Coords points="83,2583 1736,2596 1576,2538 84,2538"/>
                <Baseline points="93,2571 180,2573 267,2576 354,2577 441,2577 528,2579 615,2579 703,2580 790,2580 877,2580 964,2582 1051,2582 1138,2582 1225,2582 1313,2583 1400,2583 1487,2585 1574,2586 1661,2588 1725,2590"/>
                <TextEquiv>
                    <Unicode>ris sunt, aqua manans e percussa petra, Nilus conuersus in sanguinem, aqua in </Unicode>
                </TextEquiv>
            </TextLine>
            <TextLine id="line_1593736310265_477" custom="readingOrder {index:41;}">
                <Coords points="77,2648 1719,2664 1734,2596 77,2589"/>
                <Baseline points="87,2628 174,2630 261,2631 348,2633 436,2634 523,2634 610,2636 698,2636 785,2637 872,2637 960,2637 1047,2639 1134,2639 1221,2639 1309,2640 1396,2640 1483,2642 1571,2642 1658,2643 1724,2644"/>
                <TextEquiv>
                    <Unicode>nuptijs Canae Galilaeae mutata in uinum, aqua marath conuersa in aquam dulcem,</Unicode>
                </TextEquiv>
            </TextLine>
            <TextLine id="line_1593736310266_479" custom="readingOrder {index:42;}">
                <Coords points="83,2698 1643,2715 1733,2710 1734,2668 84,2652"/>
                <Baseline points="93,2684 180,2685 268,2688 356,2690 444,2691 532,2691 620,2693 708,2693 796,2693 884,2694 972,2694 1059,2694 1147,2694 1235,2694 1323,2696 1411,2696 1499,2697 1587,2697 1675,2699 1724,2700"/>
                <TextEquiv>
                    <Unicode>uirga Mosis in colubrum. Caeterum quid haec oro faciunt ad Coenam domini¬ </Unicode>
                </TextEquiv>
            </TextLine>
            <TextLine id="line_1593736310267_481" custom="readingOrder {index:43;}">
                <Coords points="74,2767 1735,2771 1735,2724 1635,2707 75,2714"/>
                <Baseline points="84,2741 172,2742 261,2744 349,2745 438,2747 527,2747 615,2748 704,2748 793,2748 881,2748 970,2750 1059,2750 1147,2750 1236,2750 1325,2751 1413,2751 1502,2753 1591,2754 1679,2756 1724,2756"/>
                <TextEquiv>
                    <Unicode>cam, cum qua nihil similitudinis habent : ut ineptissima iam sit collectio, Nilus </Unicode>
                </TextEquiv>
            </TextLine>
            <TextLine id="r1l49" custom="readingOrder {index:44;}">
                <Coords points="78,2808 1682,2835 1710,2763 78,2765"/>
                <Baseline points="87,2796 167,2798 248,2800 328,2801 409,2802 490,2804 570,2804 651,2805 732,2805 812,2807 893,2807 974,2807 1054,2807 1135,2808 1216,2808 1296,2808 1377,2808 1458,2809 1538,2810 1619,2810 1700,2811"/>
                <TextEquiv>
                    <Unicode>conuersus est in sanguinem, ergo panis conuertitur in carnem: aqua in nuptijs</Unicode>
                </TextEquiv>
            </TextLine>
            <TextLine id="r1l50" custom="readingOrder {index:45;}">
                <Coords points="86,2874 1714,2895 1714,2829 1650,2817 86,2808"/>
                <Baseline points="96,2855 176,2855 256,2856 337,2858 417,2859 497,2859 578,2861 658,2861 738,2862 819,2862 899,2862 979,2864 1060,2864 1140,2864 1220,2864 1301,2864 1381,2865 1461,2865 1542,2865 1622,2865 1703,2865"/>
                <TextEquiv>
                    <Unicode>Cananaicis mutata est in uinum, ergo uinum in coena domini conuertitur in san¬</Unicode>
                </TextEquiv>
            </TextLine>
            <TextLine id="r1l51" custom="readingOrder {index:46;}">
                <Coords points="80,2936 1572,2939 1713,2928 1714,2874 80,2878"/>
                <Baseline points="89,2910 169,2912 250,2913 331,2913 412,2915 492,2916 573,2916 654,2918 735,2918 815,2919 896,2919 977,2919 1058,2920 1138,2921 1219,2921 1300,2921 1381,2921 1461,2921 1542,2921 1623,2921 1704,2921"/>
                <TextEquiv>
                    <Unicode>guinem Christi. Dum enim aqua proflueret e petra percussa, dum conuertere¬</Unicode>
                </TextEquiv>
            </TextLine>
            <TextLine id="r1l52" custom="readingOrder {index:47;}">
                <Coords points="77,2981 1677,3017 1711,2947 77,2936"/>
                <Baseline points="87,2969 167,2970 248,2970 328,2972 409,2973 490,2973 570,2975 651,2975 732,2976 812,2976 893,2977 974,2978 1054,2978 1135,2978 1216,2978 1296,2979 1377,2979 1458,2979 1538,2978 1619,2978 1700,2978"/>
                <TextEquiv>
                    <Unicode>tur Nilus in sanguinem, dum aqua in nuptijs uino comutaretur, dum, dulcesce¬</Unicode>
                </TextEquiv>
            </TextLine>
            <TextEquiv>
                <Unicode>lam si prisca quoque inspicias sanctorum mysteria, non legas in celebratione
Circuncisionis, Paesae &amp; Sacrificiorum ulla esse recitata uerba, quibus ea forma¬
rentur, ac ueluti crearentur sacramenta, redderenturque efficacia. Quo accedit, 
quod Baptista non tantum uulgus promiscuum, sed ipsum etiam dominum Ie¬
sum, aqua lordanis baptizauit, nullis interim uerbis recitatis, quibus gratiam coe¬
lestem euocarit super aquam baptismi, Rursus dum in euangelio Coenam insti¬
tuit pontifex noster Christus, nihil iubet recitare aut pronunciare, cuius pronun¬
ciationis uirtute, uel elementa mutentur, uel significatae res coelitus detractae ad¬
ferantur aut coniungantur symbolis: sed simpliciter quid fecerit dominus, et quid
a nobis fieri uelit, hoc est, quomodo &amp; in quem finem coenam instituerit, expo¬
suerunt euangelistae. Nullibi legimus dixisse dominum, Quoties haec uerba mea
recitaueritis. Hoc est corpus meum. Hic est sanguis meus, fiet uirtute uerborum
meorum, ut substantia signi euacuetur &amp; incipiat in puncto recitationis sub spe
ciebus panis &amp; uini esse uerum domini corpus, &amp; uerus sanguis: aut manentibus
speciebus &amp; signi ueritate, incipiat simul etiam esse cum pane &amp; uino uerum cor¬
pus &amp; uerus sanguis. Proinde nulla est uirtus in recitatione uerborum domini
in coena uel deuocandi uel transmutandi. Superstitionem haec magis quam pie
tatem alere uidentur. Quasi uero uerba, concepta formula recitata, uim habeant
euocandi, deducendi, sanandi, attrahendi, depellendi aut transformandi. Diuus
Aurelius Augustinus inter superstitiosa numerat ligaturas &amp; remedia, quae me¬
dicorum quoque, ut ait, disciplina condemnat, siue in praecantationibus, siue in
quibusdam notis, quas uocant characteres, siue in quibusdam rebus suspenden¬
dis, &amp;c. Locus extat cap. 20. lib. de Doct. Christ. 2. Et Chrysost, grauiter succen¬
sens ijs, qui euangelium scriptum suspendunt e collo, Vbi (inquit in Matth. 23. 
cap. ) uirtus est euangelij, in figuris literarum, an in intellectu sensuum? Si in figu
ris, bene circum collum suspendis. Si in intellectu, ergo melius in corde posita
sunt. Haec ille. Atqui eadem est ratio figurarum &amp; pronunciationis literarum 
aut uocum euangelij. Sicut ergo nihil potest figura literarum: ita nulla uirtus est
&amp; in pronunciatione uerborum, uel in sono. Quid quod Plinius scriptor genti¬
lis multa quidem gentilitia profert exempla, quibus ostendit uerba esse efficacias
idem tamen inter alia, Quaesitum est, inquit, ualeant ne uerba &amp; incantamenta
carminum? Sed uiritim sapientissimi cuiusque respuit fides. Locus extat libro 28.
cap. 2. Merito autem his omnibus ipsum dei uerbum praefertur, quod apud Mo
sen Deut. 18. omnis generis superstitiones &amp; incantamenta magna cum graui¬
tate condemnat atque prohibet. 
Scio quid mihi hic obiiciant aduersarij, Benedictionem seu consecrationem,
non superstitionem esse quam perficiant. Asserunt praeterea plurimae sacris, po
sita in Decret. canonicis exempla, quibus ineptissime profecto demonstrare co
nantur benedictione, ut aiunt, rerum naturas mutari : unde colligunt &amp; panem 
uerbis benedictionis uel consecrationis conuerti in carnem. Huius autem gene
ris sunt, aqua manans e percussa petra, Nilus conuersus in sanguinem, aqua in 
nuptijs Canae Galilaeae mutata in uinum, aqua marath conuersa in aquam dulcem,
uirga Mosis in colubrum. Caeterum quid haec oro faciunt ad Coenam domini¬ 
cam, cum qua nihil similitudinis habent : ut ineptissima iam sit collectio, Nilus 
conuersus est in sanguinem, ergo panis conuertitur in carnem: aqua in nuptijs
Cananaicis mutata est in uinum, ergo uinum in coena domini conuertitur in san¬
guinem Christi. Dum enim aqua proflueret e petra percussa, dum conuertere¬
tur Nilus in sanguinem, dum aqua in nuptijs uino comutaretur, dum, dulcesce¬</Unicode>
            </TextEquiv>
        </TextRegion>
    </Page>
</PcGts>
