2288 3632
198 281 1785 394 Verba per se in hoc instituta sunt a deo, ut significent, & significando testen
103 352 1783 439 tur atque admoneant: nec habent praeterea ullam uim latentem conuertendi rerum
104 413 1782 498 naturas aut res ipsas ut corporaliter adsint adducendi: neque illis sancti unquam
103 466 1757 554 sic usi leguntur: peccant ergo & imponunt hominibus, qui ipsis aliter quam insti¬
99 524 1758 611 tuta sunt utuntur. Agnouit hoc ipsum & Aurel. August. qui in Enchiridio suo
106 587 1759 669 ad Laurent. cap. 22. Et utique uerba, inquit, propterea sunt instituta, non per quae
107 637 1764 723 se homines inuicem fallant, sed per quae in alterius quisque notitiam cogitationes
94 688 1762 768 suas perferat. Verbis itaque uti ad fallaciam, non ad id quod instituta sunt, peccatum
109 751 1769 841 est. Idem summam colligens totius libri de Magistro inscripti, interrogat, Sed
97 813 1762 887 iam mihi dicas uelim, quid de hoc toto sermone meo sentias? Ad quod mox re¬
101 863 1748 951 spodet, Ego uero didici admonitione uerborum tuorum, nihil aliud uerbis, quam
95 927 1763 995 admoneri hominem ut discat, & perparum esse quod per locutionem aliquanta
103 975 1767 1064 cogitatio loquentis apparet: utrum autem uera dicantur eum docere solum qui
96 1027 1758 1117 se intus habitare cum foris loqueretur admonuit. Haec ille de Magistro cap. ult.
94 1081 1749 1176 Huc iam pertinent uerba sapientissimi Solomonis in Ecclesiasta dicentis, Sapien
101 1147 1758 1212 tum sermones sunt uelut stimuli, & uelut claui plantati inter folia collectitia, tra
96 1199 1752 1272 dita ab uno pastore. Vbi libenter agnoscimus magnam inesse uim eloquentiae &
102 1249 1750 1342 orationi iustae: sicuti Graeci per Herculem illum Gallicum significarunt, Cicero
97 1311 1750 1393 item multis in 1. lib. de Oratore exposuit. At quod illi comminiscuntur de Pitho
97 1363 1744 1455 siue Suada aut Suadela, id reuera nos tribuimus spiritui sancto, qui & gratiam
96 1417 1750 1501 dat dicenti, & auditorum animos praeparat atque commouet. Ex his autem omni
95 1475 1756 1553 bus perspicuum esse arbitror, nouum esse commentum hominum, non doctri-
85 1544 1752 1608 nam oracularem, asserere uerbis recitatis in sacramentorum celebratione eam
97 1585 1753 1672 esse uim inditam, ut res conuertant, aut res significatas faciant praesentes, si¬
90 1648 1752 1732 gnisque ipsis uel indant, uel coniungant. Docebimus praeterea paulo post, signa
84 1710 1748 1780 non mutari uel commisceri cum rebus significatis, sed utrumque in sua natura &
94 1760 1755 1822 proprietate permanere. Satis autem fuerit si uerbis id tribuamus, quod attri¬
84 1813 1758 1885 buit scriptura, significandi & admonendi, excitandi, commouendique ex deo
85 1872 1755 1950 officium. Polluunt enim non decorant uerba dei, qui alienis & ementitis or-
84 1920 395 1993 nant laudibus,
152 1979 1764 2064 Agnoscimus quidem Verbo dei attribui omnem dei omnipetentis uirtutem:
78 2038 1744 2126 sed quis non intelligat id dici & intelligi de aeterno dei filio, qui in scripturis ap¬
88 2100 1742 2175 pellatur Verbum dei? Quis tam hebes ut non ualeat rite distinguere inter aeter¬
81 2163 1745 2230 num dei uerbum, quod est filij, dei persona secunda in trinitate adoranda : & in¬
88 2202 1745 2290 ter uerbum recitatum, aut pronunciatum ab homine? Verbum dei aeternum in
85 2258 1745 2348 sua manet substantia atque natura, creator non creatura : non miscetur, non inci¬
77 2322 1749 2400 tur aut incorporatur uocibus humanis : Verbum ab homine prolatum creatura
73 2381 1747 2445 est non creator, & creatura manet. Nam est sonus transiens. Fit tamen uirtus
83 2428 1745 2505 manens, si syncerum non adulteratum sit, recipiaturque fide. Sic enim seruat, non
74 2488 1733 2568 sua quidem uirtute, aut quia ab homine est recitatum : sed propter uirtutem eius
79 2540 1737 2627 qui reuelauit uerbum, qui uerax est, ideoque ea seruat quae per uerbum promittit:
71 2599 1741 2672 ut iam reuera ipse deus seruet, qui per uerbum se seruaturum dixit credentes.
82 2651 1733 2742 Ergo uerbum quod reuelauit nobis deus per seruos suos prophetas & electos apo
71 2709 1745 2781 stolos, non ideo uerbum dei est ac dicitur, quod syllabae sonus, uerba & uoces sint
71 2769 1732 2853 natura sua uerbum dei, hoc ipsum scilicet, quod sua substantia est filius dei : sed
79 2829 1735 2912 quia reuelatio uerbi facta est a deo in spiritu sancto per uerbum uel sapientiam
74 2885 1737 2943 dei : undem ficet origo diuina sit non humana, uerba tamen quibus usi sunt prophe¬
73 2937 1747 3028 tae & apostoli humana sunt, nec aliud quam significare possunt. Quibus interim
