2288 3632
62 255 1748 364 nec in symbolo apostolorum, nec in priscis illis symbolis esse expressum: sed de¬
82 329 1750 405 claratum demum definitumqe ab ecclesia (sic ille loquitur, Romanam intelliges,
77 377 1749 463 sub Innocentio tertio in Consilio Lateranensi. Vnde colligimus doctrinam de
85 433 1750 523 Trans substantiatione plane neotericam seu nouam esse : cuius historiam alicubi
83 491 1741 580 copiosius contexuimus. Istis autem demonstratum arbitror aperte & efficaciter
67 551 1735 641 satis, signa non commisceri significatis rebus, uel in ipsa commutari, sed discretis
69 602 415 676 manere naturis.
160 666 1734 754 QVAN QVAM uero utraque partium suam retineat impermixta naturam,.
74 718 1730 807 coeunt tamen illa duo in unum sacramentum, & coniuncta non diuisa, faciunt
74 774 1733 861 unum plenum ac legitimum sacramentum. Aqua enim sola & priuatim quidem
82 833 1740 921 uulgariterque aspersa non est sacramentum, nisi accommodetur & usurpetur se¬
76 889 1737 972 cundum institutum Christi. Purgatio item siue ablutio peccatorum & insertio aut
76 949 1717 1030 receptio in foedus & consortium dei omniumque sanctorum, per se non est sacra¬
69 995 1732 1088 mentum, nisi accedat & aquae in nomine benedictae trinitatis aspersio. Pari ratio¬
65 1055 1730 1152 ne sacramentum non est si edatur in publico coetu panis, & bibatur de eodem po¬
74 1114 1728 1201 culo uinum, more uulgari: nec sacramentum est si fideli commemoratione con¬
74 1168 1718 1266 templeris traditum pro te corpus domini fusumque sanguinem, pro quibus & gra¬
65 1224 1734 1304 tias agas: nisi quatenus omnia dei & salutis nostrae mysteria, sacramenta generali
77 1283 1726 1367 ter id est arcana & spiritualia dei & salutis nostrae mysteria dicuntur. Nam in ple
73 1337 1721 1419 no legitimoque sacramento concurrant necesse est & actio sacra corporalis siue sen
67 1384 1730 1484 sibilis, & spiritualis celebratio eius cuius gratia inuenta est peragiturque actio sa¬
70 1447 1737 1538 cramentalis. Atque hic nonnulli multa & uaria disputant de Vnione sacramenta¬
67 1499 1735 1592 li, personalis ne, realis, an rationalis sit. Ego quoniam nihil huius uideo anxie tra¬
57 1553 1724 1653 ditum ab apostolis, adeoque rem planam per se, huiusmodi sophisticationibus reddi
55 1618 1724 1702 contortam, implicatam, obscuram & difficultatibus plenam, simpliciter & clare
62 1670 1724 1758 dico signum & signatum in sacramentis coniungi institutione diuina, contempla
55 1728 1718 1810 tione & usu fideli, significatione denique rerumque similitudine : nego autem modis
53 1780 1716 1865 omnibus duo illa uniri naturaliter, ita ut signum in sacramento id esse incipiat, quod
61 1832 1724 1933 signatum est sua substantia atque natura: nego rem signatam corporaliter cum signo
57 1899 1717 1982 coniungi, ita ut signum in sua quidem maneat substantia atque natura, interim ta¬
59 1951 1719 2044 men nihilo minus rem signatam corporaliter secum habeat coniunctam, ut quis?
53 2015 1718 2090 quis signo participet, pariter & rei ipsius, per signum aut cum signo, fiat particeps.
63 2061 1717 2149 Id cur tam constanter negem apparet, opinor, ex ijs quae hactenus disputaui, &
52 2112 571 2187 quae mox subiungentur.
141 2167 1705 2264 Porro institutione coniuncta dico signum & signatum: quia qui sacramen¬
52 2232 1701 2309 tum Baptismi & Coenae instituit, non in hoc instituit, ut aqua corporis sordes ab¬
45 2284 1696 2377 lueremus, uti consuetum est fieri quotidiano balneorum usu: neque ut pane & ui¬
43 2346 1700 2431 no nos satiaret : sed ut redemptionis & gratiae suae, denique salutis nostrae mysteria
53 2401 1699 2493 nobis commendaret signis uisibilibus, eaque repraesentando renouaret, obsignan¬
54 2444 1706 2547 doque confirmaret. Contemplatione fideli coniuncta dico, quia religiose partici¬
43 2515 1704 2592 pantes sacramentis, oculos suos non in sensibilia tantum, sed magis in res insensi
45 2565 1701 2654 biles in significatas & coelestes defigunt : ut in seipsis quidem duo illa coniuncta
50 2615 1702 2720 habeant, quae in signo aut cum signo alioqui nullo connectuntur uinculo. Corpo
44 2678 1708 2749 raliter enim & sensibiliter signa percipiunt : spiritualiter uero res possident, uer¬
49 2726 1697 2827 sant, renouant atque exercent significatas. Significatione uero rerumque similitudi
40 2792 1697 2877 ne coniuncta dico, quia signum signati signum est: ac nisi signa similitudiuem ha
37 2838 1691 2942 berent cum ijs rebus, quarum signa sunt, signa utique non essent. Habent ergo appo
50 2894 1692 3002 sitissimam coniunctissimamque inter se cognationem. Sicut enim Aqua abluit sordes
