2288 3632
118 310 1789 375 gustinus libro de ciuitate dei 22. cap. 29. Cum ex me quaeritur quid acturi sint san
128 370 1787 432 cti in illo corpore spiritali : non dico quod iam uideo sed quod credo. Dico itaque
132 413 1777 482 quod uisuri sint deum in ipso corpore. Et iterum, llla actio uel quies atque otium
130 475 1783 539 quale futurum sit, si uerum uelim dicere, nescio. Pax enim dei superat omnem in
130 525 1783 595 tellectum. Breuiter uidebimus ipsum deum de facie ad faciem, laudabimus deum
126 581 1777 649 in saecula saeculorum, fruemur deo ad satietatem omni carentem fastidio. Et facies
122 631 1777 701 dei non est uultus ille qui in nobis apparet, sed reuelatio iucundissima dei & frui
134 693 1789 763 tio quam nulla digne satis explicarit mortalis lingua. Age ergo credamus & uiua
126 741 1789 807 mus, charissimi fratres, ut ubi hinc migrauerimus, re ipsa experiamur ineffabilia
130 807 1179 867 uitae futurae & aeternae gaudia quae hodie credimus,
192 855 1793 923 Hactenus enim fidei Christianae fructum & finem per quatuor articulos ulti¬
119 923 1780 985 mos exposuimus. Tendit fides in unum deum, patrem, & filium, & spiritum san¬
124 970 1784 1030 ctum, qui fideles sanctificat, purgat & consecrat sibi ecclesiam. Haec habet commu
123 1025 1776 1095 nionem cum deo & cum omnibus sanctis. Huic condonat deus omnia delicta.
119 1083 1780 1143 Hanc anima & corpore seruat. Vt enim animae mori non possunt, ita excitat deus
126 1146 1786 1212 corpora sanctorum, quae & gloriosa reddit & perennia, ut totus homo aeternum
122 1191 1672 1262 uiuat in coelis cum domino. Cui laus & gloria in saecula saeculorum, Amen¬
506 1299 1402 1388 De dilectione dei & proximi. SERMO X.
327 1379 1780 1479 ESTAT ut postquam sermonibus aliquot de uera fide disserui, sub¬
305 1487 1778 1556 j iungam modo sermonem de dilectione dei & proximi. Nam sermone
326 1528 1772 1587 quarto pollicitus sum me dicturum post fidem expositam, de dilectione
316 1586 1773 1647 dei & proximi: quod extra fidem & dilectionem exposito scripturarum
123 1640 1773 1706 ceu extra legitimas & sacras metas non debeat exorbitare. Quod autem fecistis
321 1684 397 1727 Dae
128 1696 1783 1765 hactenus, porro facere non desinite, orare, ut haec salutaris doctrina per me iuste
127 1746 1130 1824 tradatur, & a uobis recipiatur multo cum fructu.
202 1812 1791 1881 lnitio non distinguam curiose inter charitatem & dilectionem. Vtrunque enim
127 1867 1793 1938 pro eodem accipiam. Sanctus Augustinus de doctrina Christ. Charitatem uoco,
133 1932 1770 1992 ait, animi motum ad perfruendum deo propter ipsum, & se atque proximo propter
121 1980 1778 2044 deum. Ego itaque appello dilectionem donum homini coelitus datum, quo ex animo
122 2032 1765 2100 deum diligit ante & super omnia, proximum uero tanquam semetipsum. Proinde
119 2086 1793 2151 oritur dilectio e coelo, unde infunditur cordibus nostris. Prouehitur autem & au
125 2149 1760 2209 getur partim beneficiorum dei commemoratione & consideratione : partim cre¬
115 2198 1775 2261 bra oratione, item auscultatione & exercitatione uerbi Christi. Quae & ipsa spiri¬
116 2251 1773 2320 tus dona sup. Apostolus enim Paulus, Dilectio dei effusa est in corda nostra, ait,
114 2317 1765 2386 per spiritum sanctum qui datus est nobis. Equidem charitas dei qua is complecti
121 2363 1769 2431 tur nos, fundamentum est & causa nostrae dilectionis qua deum amamus, & ex
129 2435 1773 2495 utraque existit dilectio proximi. Apostolus enim dicit, Nos diligimus eum, quo¬
129 2486 1772 2553 niam is prior dilexit nos. Item. Omnis qui diligit eum qui genuit, diligit & eum
127 2532 508 2614 qui natus est ex eo.
199 2584 1774 2650 Inde rursus colligimus, donum hoc dilectionis esse indiuisum, etsi sit geminum,.
117 2648 1793 2712 Nam qui uere diligit deum, proximum non odit: & tamen propter duplicem re¬
126 2707 1773 2771 spectum, nempe ad deum & ad proximum, dilectio haec bipertita est. Nam & ta¬
124 2762 1777 2830 bulae diuinae legis propter geminam dilectionem diuiduntur in duas: quarum
133 2825 1774 2885 prima habet praecepta dilectionis dei 4. secunda habet praecepta dilectionis pro¬
127 2870 1770 2934 ximi6. De quibus suo loco dicetur. Iam uero quia alia dei, alia proximi dilectio
126 2929 1770 3010 est, dicam primo de dilectione dei, deinde de dilectione proximi. In his duobus
