2288 3632
97 284 1616 391 uitae, qui uenit ad me non esuriet, & qui credit in me, non sitiet unquam.
199 364 1783 432 Ex his iam summam rei colligimus, sacramenta obsignare diuinas euangeli¬
103 429 1778 506 casque promisiones: ac proinde toties in ecclesia tabulas seu literas aut diplomata
103 475 1782 564 atque sigilla praedicationis euangelicae diuinarumque promissionum proferri, atque
101 533 1776 609 adeo & totum salutis nostrae negotium renouari & continuari, quoties actiones
112 585 1523 658 illae diuinitus institutae, sacramenta uidelicet, in ecclesia celebrantur.
181 635 1790 727 Huc pertinere arbitror, quae fidelis Christi minister &uinglius de Sacramen¬
108 705 1789 770 tis in haec uerba tradidit, Sacramenta testimonium rei gestae praebent. Vniuersae
113 763 1788 844 enim leges, mores ac instituta authores suos initiaque praedicant. Baptismus ergo s
108 807 1785 897 cum Christi mortem ac resurrectionem significando praedicat, eas uere gestas esse
112 869 1768 948 oportet. Extant haec in Exposito, fidei ad Regem Christianum. Idem ad Principes
109 940 1765 1004 uermaniae contra Eggium, Cum homo ille nobilis, inquit, abiturus in regionem
106 975 1763 1071 longinquam, panem ac uinum praebens, longe uiuidius & peculiarius sese nobis
103 1041 1772 1112 dabat, cum diceret, Hoc est corpus meum, quam si dixisset, Hoc est symbolum cor
99 1105 1762 1172 poris mei: etiamsi naturale corpus suum ablaturus ac coelo illaturus esset. Nihilo
116 1157 1762 1234 tamen minus sese totum, quod ad fidem & gratiam pertinet, his uerbis donat.
122 1203 1766 1295 Quasi diceret, Nunc in mortem pro uobis eo, paulo post ex integro hinc migratu
104 1259 1763 1348 rus. At nolo de amore & cura in uos mea ambigatis. Totus uester sum, quantus
103 1313 1772 1392 quantus sum. In cuius rei testimonium, huius meae traditionis & testamenti sym
103 1371 1769 1454 bolum uobis commendo, quo memoriam mei, meorumque beneficiorum excitetis:
97 1440 1762 1519 ut cum uobis hunc panem & hunc calicem exhiberi uideatis in memoriali Coena,
91 1481 1760 1569 non aliter sitis mei memores, quod scilicet me pro uobis tradiderim, quam si uide¬
107 1543 1762 1621 retis me coram: quemadmodum nunc uidetis & uobiscum conuiuari, & mox
97 1597 1749 1681 ad supplicium pro uobis a uobis rapi. Hactenus uinglij uerba recensui, recen
91 1657 1747 1727 sebo autem rursus alia paulo post: non quod illis aut ullis humanis testimonijs in¬
101 1709 1763 1791 nitar, sed ut perspicuum fiat, uirum illum non contempsisse, uti a quibusdam fal¬
91 1761 579 1824 so putatur, sacramenta.
164 1814 1760 1906 Interim agnoscimus haec sancta sacrae scripturae testimonia, Qui confirmat
86 1881 1759 1967 nos una uobiscum in Christo, & qui unxit nos deus est: qui etiam obsignauit nos,
99 1931 1758 2020 deditque arrham spiritus in cordibus nostris. 2. Corinth.I. Item, Postquam credidi¬
90 1985 1742 2072 stis, obsignati estis spiritu promissionis sancto, qui est arrhabo haereditatis nostrae
81 2041 1750 2130 in redemptionem acquisitae possessionis in laudem gloriae ipsius. Ephes. I. Et ite¬
84 2101 1744 2171 rum, Ne contristetis spiritum sanctum dei, per quem obsignati estis in diem redem¬
84 2164 1749 2240 ptionis. Ephes. 4. Agnoscimus dei ueritatem per se satis solidam, ueram & certam
85 2222 1745 2284 esse, nec aliunde quam ex seipsa meliorem accipere confirmationem: nisi uero un
91 2269 1749 2356 dique animus noster confirmetur, fluctuat: deus ergo se attemperat nostrae imbecil
82 2321 1747 2413 litati, & per sacramenta quoque, quantum fieri potest, nos fulcit, ita tamen ut omne
80 2388 1747 2462 confirmationis beneficium referamus ad ipsum spiritum & eius operationem ma
80 2437 1743 2518 gis quam ad elementum. Quemadmodum ergo doctrinae atque doctoribus confir
88 2502 1738 2579 mationem tribuimus ita obsignationem sacramentis. Legimus autem in Actis
76 2564 1741 2639 cap. 14. & 18 Reuertebantur apostoli, & denuo confirmabant animas discipulo¬
84 2606 1735 2689 rum, exhortantes, ut perseuerarent in fide, Rursum1. Thess. 3. cap. Misimus, ait
83 2658 1739 2752 Paulus, Timotheum fratrem nostrum, & ministrum dei, ut confirmaret uos & con
79 2714 1734 2806 solaretur. Ceterum nisi interior spiritus uis rapiat, & commoueat auditorum cor-
80 2768 1730 2849 da, nihil efficiet exterior doctoris quantumuis bene instructa oratio : si uero exe¬
83 2828 1735 2923 rat uim, ac cooperetur, firmissime corroborantur animi. Sic habet & negotium sa
80 2880 1732 2974 cramentarium. Si enim desit interior unctio & obsignatio spiritus sancti, actio
74 2946 1732 3021 exterior pro ludo ab incredulis habebitur, nec efficit tantillum sacramentorum
