2288 3632
498 287 2172 400 obsignatio : cum uero praecessit fides spiritus sancti donum, firmissima est sacra¬
497 381 2177 445 mentorum obsignatio, Recte alij quoque. Si desit mentibus, inquiunt, spiritus san¬
495 420 2178 510 ctus, nihilo plus ipsa praestant quam caecis oculis iubar solis illustrissimum licet. Si
498 485 2172 560 uero isti per spiritus illuminationem pateant, ualde afficiuntur diuino sacramentoum
497 527 2167 618 spectaculo. Et &uinglius in libello ad principes Germanies, Nos non offendit, in¬
508 601 2166 678 quit, etiamsi uniuersa quae spiritus operatur, ad externum sacramentum referantur¬
504 662 2176 723 dummodo symbolice dicta, quomodo patres locuti sunt, intelligamus. Haec ille
589 710 2173 777 Et quauis sacramenta incredulis non obsignent promisiones, quibus diffidunt,
504 766 2183 839 nihilo minus tamen sacramenta ut obsignent diuinitus instituta sunt. Non recipit
509 811 2179 895 doctrinam euangelicam impius, ideo tamen nemo colligit, doctrinam a deo non esse
507 870 2179 948 ad docendum institutam. Est qui obsignato diplomati no credat: ideo tamen non se¬
511 921 2185 1018 quitur, diploma signatum fidei faciendae aut confirmandae non seruire. Ergo cum do¬
508 988 2177 1067 ctrina apud rebellem nihil efficit, cum sacramenta prophanum nihil mouent nec
515 1032 2185 1131 quicquam prosunt impio, id sane non instituentis, aut uerbi sacramentorumue cul
509 1099 2176 1186 pa fit, sed uitio increduli. Per se interim instituta sunt, ut prosint & obsignent, suumque
516 1148 2182 1238 in sanctis sanctum usum & finem habeant. Haec aunt hactenus de prima sacramen
517 1216 2180 1296 torum uirtute attulimus, quod diuinae ueritatis, adde & beneuolentiae erga nos
522 1270 2187 1342 diuinae testimonia, & sigilla sunt euangelicarum promissionum omnium, obsi¬
521 1318 2067 1416 gnantia, fidem esse iustitiam, & omnia Christi bona pertinere ad credentes.
601 1372 2191 1454 EST & alius signorum sacramentalium finis & usus, quod uidelicet signifi¬
523 1444 2182 1508 cant & significando repraesentant. Id quod superuacaneum esset pluribus appro
529 1488 2188 1568 bare testimonijs, cum hoc omnibus sit manifestissimum, saltem ex praecedentibus.
519 1556 2184 1623 Est autem significare, indicare, notisque & signis rem declarare aut demonstrare.
520 1597 2188 1678 Repraesentare uero non significat rem ablatam quondam nunc rursus corpora¬
513 1653 2191 1736 liter, ut quidam nugantur, praesentem sistere, dare aut facere, sed similitudine & imi
522 1719 2191 1796 tatione quadam referre, eamque rursus reuocare in animum, & oculis uelut obii¬
523 1775 2192 1841 cere. Dicimus enim filium repraesentare uel referre patrem, cum uidelicet forma
518 1817 2192 1908 & morum similitudine patrem exprimit: ita ut qui hunc uidet, putet seipsum pa¬
524 1896 1185 1956 trem ueluti praesentem cernere.
607 1941 2195 2013 Et hac quidem ratione excitant & adiuuant sacramenta fidem nostram, dum
526 1987 2192 2072 uidelicet foris obiicitur nobis, quod animum impellit, excitat & comonefacit, imo
531 2049 2191 2123 illud ipsum quod animo iamdudum coprehensum est, nunc etiam modo quodam
523 2098 2197 2180 sensibus, in similitudine, parabola, aut typo seu inuolucro, contemplandum uolu¬
526 2175 2197 2240 tandumque mente, uisibiliter offertur, ut iam mutua inter se opera iuuentur. Similitudo
535 2213 2190 2296 ergo seu analogia signi ad signatum obiter & in transcursu hic consideranda est.
613 2268 2185 2351 Dixi superius Analogiam esse aptitudinem, proportionem & conuenientiam
526 2326 2190 2419 quandam signi ad rem significatam: ita ut haec in illo quasi in speculo perspicia¬
531 2395 2186 2463 tur. Exemplis res fiet illustrissima, Recipit ex mera gratia benignus dominus ge¬
524 2436 2200 2519 nus mortalium in omnium bonorum suorum comunionem, & adoptat fideles, ut
528 2489 2188 2580 iam non modo sint foederati dei, sed etiam filij dei. Id quod sancta baptismi actione,
529 2549 2197 2641 quae uice signi aut ipsum signum est, euidentissime omnium oculis repraesentando
522 2606 2201 2688 obiicitur. Adstat enim ad fontem sacrum dei minister, cui offertur baptisandus, qui
531 2670 2203 2742 ab ipso recipitur & baptizatur in nomen uel in nomine patris & filij & spiritus
529 2722 2197 2804 sancti. Nam utrunque est inuenire, in nomen & in nomine. Porro baptizari in no¬
523 2777 2190 2860 men domini, est in uirtutem & potentiam (significat enim nomen dei potentiam)
533 2831 2196 2920 in gratiam, misericordiam, & auxilium dei consignari, imo inseri, & deo ueluti ag
531 2899 2190 2982 glutinari, dedicari, & incorporari. Baptizari in nomine dmini, est iussione aut impe
528 2943 2197 3038 rio dei baptizari, ex comisione, inquam, dei patris et filij & spiritus sancti, recipi in
