<?xml version="1.0" encoding="UTF-8" standalone="yes"?>
<PcGts xmlns="http://schema.primaresearch.org/PAGE/gts/pagecontent/2013-07-15" xmlns:xsi="http://www.w3.org/2001/XMLSchema-instance" xsi:schemaLocation="http://schema.primaresearch.org/PAGE/gts/pagecontent/2013-07-15 http://schema.primaresearch.org/PAGE/gts/pagecontent/2013-07-15/pagecontent.xsd">
    <Metadata>
        <Creator>prov=University of Rostock/Institute of Mathematics/CITlab|PLANET AI GmbH/Gundram Leifert/gundram.leifert@planet-ai.de:name=cod-a3V3DV-m3(htr_id=25165)::::v=2.6.6
prov=University of Rostock/Institute of Mathematics/CITlab|PLANET AI GmbH/Tobias Gruening/tobias.gruening@planet-ai.de:name=de.uros.citlab.module.baseline2polygon.B2PSeamMultiOriented:v=2.6.6
prov=University of Rostock/Institute of Mathematics/CITlab|PLANET AI GmbH/Tobias Gruening/tobias.gruening@planet-ai.de:name=/net_tf/LA73_249_0mod360.pb:de.uros.citlab.segmentation.CITlab_LA_ML:v=2.6.6
Transkribus</Creator>
        <Created>2019-12-04T11:29:29.283-05:00</Created>
        <LastChange>2020-07-05T17:57:22.990+02:00</LastChange>
        <TranskribusMetadata docId="284697" pageId="11502241" pageNr="713" tsid="33493683" status="IN_PROGRESS" userId="25065" imgUrl="https://files.transkribus.eu/Get?id=PYIYAIXZJTYNTMIXJQUFTGNZ&amp;fileType=view" xmlUrl="https://files.transkribus.eu/Get?id=DZCKCJOMANRCILHDMKLIYRBJ" imageId="7898726"/>
    </Metadata>
    <Page imageFilename="712.jpg" imageWidth="2288" imageHeight="3632">
        <ReadingOrder>
            <OrderedGroup id="ro_1596925452225" caption="Regions reading order">
                <RegionRefIndexed index="0" regionRef="TextRegion_1593815287450_64"/>
            </OrderedGroup>
        </ReadingOrder>
        <TextRegion orientation="0.0" id="TextRegion_1593815287450_64" custom="readingOrder {index:0;}">
            <Coords points="63,216 1733,216 1732,291 1681,2929 1678,3036 63,3036"/>
            <TextLine id="r1l3" custom="readingOrder {index:0;}">
                <Coords points="85,332 1724,369 1725,302 1636,278 87,261"/>
                <Baseline points="95,303 176,306 257,308 338,310 419,312 500,314 581,315 662,317 743,318 824,320 905,321 986,323 1067,324 1148,326 1229,327 1310,329 1391,330 1472,332 1553,335 1634,336 1715,339"/>
                <TextEquiv>
                    <Unicode>spiritu &amp; fide. Ecclesiae uero aut membris Christi coniungimur per fidei spiri¬</Unicode>
                </TextEquiv>
            </TextLine>
            <TextLine id="r1l4" custom="readingOrder {index:1;}">
                <Coords points="84,389 1680,420 1736,366 85,332"/>
                <Baseline points="96,362 177,363 258,365 340,366 421,369 503,371 584,372 666,374 747,375 829,377 910,378 991,380 1073,381 1154,383 1236,384 1317,386 1399,387 1480,389 1562,390 1643,392 1725,393"/>
                <TextEquiv>
                    <Unicode>tusque unitatem &amp; uinculum charitatis. Quae quidem omnia interna spiritus do¬ </Unicode>
                </TextEquiv>
            </TextLine>
            <TextLine id="r1l5" custom="readingOrder {index:2;}">
                <Coords points="97,440 1655,475 1724,471 1725,420 98,387"/>
                <Baseline points="108,417 188,419 268,422 349,423 429,425 509,426 590,428 670,429 750,431 831,432 911,434 991,435 1072,437 1152,438 1232,440 1313,441 1393,443 1473,446 1554,447 1634,449 1715,450"/>
                <TextEquiv>
                    <Unicode>na sunt, quae gratuito nobis per solum conseruntur dominum, non per ullas crea</Unicode>
                </TextEquiv>
            </TextLine>
            <TextLine id="r1l6" custom="readingOrder {index:3;}">
                <Coords points="98,483 1723,524 1679,458 99,440"/>
                <Baseline points="108,474 188,476 268,477 348,479 429,481 509,483 589,484 669,485 750,487 830,488 910,490 990,491 1071,493 1151,495 1231,497 1311,498 1392,500 1472,501 1552,503 1632,506 1713,507"/>
                <TextEquiv>
                    <Unicode>turas, non per ulla elementa. Sacramenta itaque inserunt nos uisibiliter consor</Unicode>
                </TextEquiv>
            </TextLine>
            <TextLine id="r1l7" custom="readingOrder {index:4;}">
                <Coords points="83,538 1730,583 1731,524 1603,511 84,495"/>
                <Baseline points="93,530 174,531 255,534 337,536 418,537 500,539 581,540 662,542 744,543 825,545 907,546 988,548 1069,549 1151,551 1232,552 1314,554 1395,555 1476,558 1558,560 1639,561 1721,564"/>
                <TextEquiv>
                    <Unicode>tio Christi &amp; sanctorum eius, qui inuisibiliter quidem per ipsius gratiam inserti</Unicode>
                </TextEquiv>
            </TextLine>
            <TextLine id="r1l8" custom="readingOrder {index:5;}">
                <Coords points="98,606 1700,644 1718,583 99,538"/>
                <Baseline points="108,587 192,588 276,590 360,593 444,594 528,596 612,597 697,599 781,600 865,603 949,604 1033,606 1117,608 1202,609 1286,611 1370,612 1454,614 1538,615 1622,617 1707,620"/>
                <TextEquiv>
                    <Unicode>fueramus, priusquam sacramentis participaremus : participatione autem nunc</Unicode>
                </TextEquiv>
            </TextLine>
            <TextLine id="r1l9" custom="readingOrder {index:6;}">
                <Coords points="95,669 1652,698 1715,695 1716,640 96,608"/>
                <Baseline points="105,644 185,645 265,647 345,648 425,650 505,651 585,652 665,654 745,656 825,657 905,659 985,660 1065,662 1145,663 1225,665 1305,667 1385,669 1465,671 1545,672 1625,674 1706,675"/>
                <TextEquiv>
                    <Unicode>aperimus &amp; manifestamus, cuius corporis membra simus atque esse uelimus, do¬</Unicode>
                </TextEquiv>
            </TextLine>
            <TextLine id="r1l10" custom="readingOrder {index:7;}">
                <Coords points="85,722 1724,759 1725,694 1526,677 86,664"/>
                <Baseline points="96,699 181,701 266,702 351,704 436,705 522,707 607,709 692,710 777,713 862,714 948,716 1033,717 1118,719 1203,721 1288,723 1374,725 1459,726 1544,728 1629,730 1715,732"/>
                <TextEquiv>
                    <Unicode>mino signis aut notis suis per ministrum nos uisibiliter quoque pro sua familia</Unicode>
                </TextEquiv>
            </TextLine>
            <TextLine id="r1l11" custom="readingOrder {index:8;}">
                <Coords points="83,785 1541,804 1572,756 84,723"/>
                <Baseline points="93,758 166,758 239,759 313,761 386,761 460,762 533,764 607,766 680,767 754,768 827,770 900,771 974,773 1047,774 1121,776 1194,777 1268,779 1341,780 1415,782 1488,782 1562,783"/>
                <TextEquiv>
                    <Unicode>proque suo populo signante. Id quod scripturis iam plenius illustrabimus,</Unicode>
                </TextEquiv>
            </TextLine>
            <TextLine id="line_1593815287515_67" custom="readingOrder {index:9;}">
                <Coords points="196,840 1675,867 1731,864 1732,809 197,769"/>
                <Baseline points="207,813 293,816 380,818 467,819 554,821 641,822 728,824 814,826 901,828 988,830 1075,831 1162,833 1249,834 1336,836 1422,837 1509,840 1596,842 1683,843 1721,844"/>
                <TextEquiv>
                    <Unicode>Qui olim ex ui foederis, ex gratia, misericordia, &amp; promissione dei, popu¬</Unicode>
                </TextEquiv>
            </TextLine>
            <TextLine id="line_1593815287517_69" custom="readingOrder {index:10;}">
                <Coords points="89,891 1709,930 1731,863 90,826"/>
                <Baseline points="99,869 190,870 282,872 373,873 465,876 556,878 648,879 739,881 831,882 922,884 1014,887 1105,888 1197,890 1288,891 1380,893 1471,895 1563,897 1654,899 1720,899"/>
                <TextEquiv>
                    <Unicode>lus dei erat, circuncisione uisibiliter colligebatur in unam ecclesiam &amp; unius coras</Unicode>
                </TextEquiv>
            </TextLine>
            <TextLine id="line_1593815287519_71" custom="readingOrder {index:11;}">
                <Coords points="79,952 1632,980 1729,933 80,893"/>
                <Baseline points="89,924 181,926 273,927 366,929 458,932 551,933 643,935 736,936 828,939 921,940 1013,942 1105,944 1198,945 1290,947 1383,950 1475,951 1568,953 1660,955 1719,956"/>
                <TextEquiv>
                    <Unicode>poris compagem. Apostolus enim Paulus ad Ephesios, Mementote, inquit, </Unicode>
                </TextEquiv>
            </TextLine>
            <TextLine id="line_1593815287521_73" custom="readingOrder {index:12;}">
                <Coords points="88,1001 1707,1031 1728,977 89,948"/>
                <Baseline points="99,981 190,983 282,984 373,986 465,987 557,989 648,990 740,993 832,995 923,996 1015,998 1107,1000 1198,1002 1290,1004 1382,1005 1473,1008 1565,1010 1657,1012 1718,1013"/>
                <TextEquiv>
                    <Unicode>quod uos quondam gentes in carne uocabamini praeputium, ab ea quae uoca¬</Unicode>
                </TextEquiv>
            </TextLine>
            <TextLine id="line_1593815287523_75" custom="readingOrder {index:13;}">
                <Coords points="86,1060 1645,1092 1727,1085 1728,1036 87,1001"/>
                <Baseline points="96,1038 188,1040 280,1041 372,1043 464,1044 556,1046 648,1047 740,1049 832,1050 924,1053 1017,1055 1109,1056 1201,1058 1293,1059 1385,1062 1477,1064 1569,1066 1661,1068 1716,1069"/>
                <TextEquiv>
                    <Unicode>tur circuncisio in carne, quae circumcisio manibus fit: quod inquam eratis in tem </Unicode>
                </TextEquiv>
            </TextLine>
            <TextLine id="r1l17" custom="readingOrder {index:14;}">
                <Coords points="83,1121 1640,1151 1713,1142 1714,1091 84,1060"/>
                <Baseline points="93,1095 173,1095 254,1097 334,1098 415,1098 495,1100 576,1101 656,1103 737,1104 817,1107 898,1108 978,1110 1059,1112 1139,1113 1220,1115 1300,1116 1381,1118 1461,1119 1542,1121 1622,1122 1703,1124"/>
                <TextEquiv>
                    <Unicode>pore illo sine Christo, abalienati a repub. lzraelis, &amp; extranei a testamentis pro¬</Unicode>
                </TextEquiv>
            </TextLine>
            <TextLine id="r1l18" custom="readingOrder {index:15;}">
                <Coords points="82,1174 1719,1204 1720,1133 83,1121"/>
                <Baseline points="93,1151 173,1152 254,1152 335,1154 416,1155 497,1157 577,1158 658,1160 739,1161 820,1163 901,1164 981,1166 1062,1167 1143,1169 1224,1172 1305,1173 1385,1173 1466,1175 1547,1176 1628,1178 1709,1179"/>
                <TextEquiv>
                    <Unicode>missionis &amp;c. Ex quibus facile quoque intelligitur, quomodo circuncisione segre¬</Unicode>
                </TextEquiv>
            </TextLine>
            <TextLine id="r1l19" custom="readingOrder {index:16;}">
                <Coords points="83,1235 1718,1266 1719,1205 1564,1186 84,1180"/>
                <Baseline points="93,1208 173,1209 254,1209 335,1211 416,1211 497,1212 577,1214 658,1215 739,1217 820,1219 901,1221 981,1223 1062,1224 1143,1226 1224,1227 1305,1229 1385,1230 1466,1232 1547,1233 1628,1235 1709,1236"/>
                <TextEquiv>
                    <Unicode>gati sint ab alijs religionibus &amp; societatibus ludaei: quodque circumcisio alibi hanc</Unicode>
                </TextEquiv>
            </TextLine>
            <TextLine id="r1l20" custom="readingOrder {index:17;}">
                <Coords points="85,1280 1716,1312 1715,1250 86,1231"/>
                <Baseline points="96,1263 176,1263 257,1265 337,1265 418,1266 498,1268 579,1269 659,1271 740,1272 820,1274 901,1276 981,1278 1062,1280 1142,1281 1223,1283 1303,1284 1384,1286 1464,1287 1545,1289 1625,1290 1706,1292"/>
                <TextEquiv>
                    <Unicode>ob caussam ponitur pro ipsis circumcisis : &amp; cur Incircumcisi uocabulum pro¬</Unicode>
                </TextEquiv>
            </TextLine>
            <TextLine id="line_1593815287526_77" custom="readingOrder {index:18;}">
                <Coords points="76,1347 1699,1374 1723,1313 78,1276"/>
                <Baseline points="87,1319 174,1320 261,1320 349,1322 436,1323 524,1325 611,1326 699,1328 786,1329 874,1331 961,1333 1048,1335 1136,1337 1223,1338 1311,1340 1398,1342 1486,1344 1573,1346 1661,1347 1711,1348"/>
                <TextEquiv>
                    <Unicode>bro datum sit. Habebantur enim incircumcisi pro impijs impurisque hominibus,</Unicode>
                </TextEquiv>
            </TextLine>
            <TextLine id="line_1593815287528_79" custom="readingOrder {index:19;}">
                <Coords points="74,1390 1719,1421 1653,1362 75,1347"/>
                <Baseline points="84,1376 171,1376 259,1377 347,1379 435,1380 523,1382 611,1383 699,1385 787,1386 875,1388 963,1389 1050,1391 1138,1394 1226,1395 1314,1397 1402,1398 1490,1400 1578,1402 1666,1404 1710,1405"/>
                <TextEquiv>
                    <Unicode>quibus nullum erat consortium, nulla pars aut haereditas cum deo &amp; sanctis eius.</Unicode>
                </TextEquiv>
            </TextLine>
            <TextLine id="r1l23" custom="readingOrder {index:20;}">
                <Coords points="76,1443 1711,1482 1712,1423 1637,1414 77,1388"/>
                <Baseline points="87,1433 167,1434 248,1434 329,1434 409,1436 490,1437 571,1437 651,1439 732,1440 813,1442 894,1443 974,1445 1055,1446 1136,1449 1216,1451 1297,1452 1378,1454 1458,1455 1539,1457 1620,1458 1701,1460"/>
                <TextEquiv>
                    <Unicode>De Baptismo qui in locum Circumcisionis substitutus est, dicta sunt quaedam</Unicode>
                </TextEquiv>
            </TextLine>
            <TextLine id="line_1593815287530_81" custom="readingOrder {index:21;}">
                <Coords points="69,1512 1718,1548 1670,1472 70,1453"/>
                <Baseline points="80,1488 168,1488 256,1490 345,1491 433,1493 522,1494 610,1495 698,1496 787,1498 875,1500 964,1502 1052,1503 1140,1505 1229,1506 1317,1508 1406,1511 1494,1512 1582,1514 1671,1515 1708,1516"/>
                <TextEquiv>
                    <Unicode>in praecedentibus. Sed &amp; apostolus significantissime, Quemadmodum, inquit, </Unicode>
                </TextEquiv>
            </TextLine>
            <TextLine id="r1l25" custom="readingOrder {index:22;}">
                <Coords points="69,1561 1655,1601 1703,1544 70,1512"/>
                <Baseline points="80,1545 160,1545 241,1545 321,1547 402,1547 483,1548 563,1548 644,1550 724,1551 805,1553 886,1554 966,1557 1047,1559 1127,1560 1208,1562 1289,1563 1369,1565 1450,1568 1530,1569 1611,1571 1692,1571"/>
                <TextEquiv>
                    <Unicode>corpus unum est, &amp; membra habet multa: omnia uero membra corporis unius, </Unicode>
                </TextEquiv>
            </TextLine>
            <TextLine id="r1l26" custom="readingOrder {index:23;}">
                <Coords points="75,1626 1559,1649 1710,1633 1711,1588 76,1569"/>
                <Baseline points="86,1602 166,1602 247,1602 328,1602 408,1604 489,1604 570,1605 650,1607 731,1608 812,1610 893,1611 973,1613 1054,1614 1135,1617 1215,1619 1296,1620 1377,1622 1457,1623 1538,1625 1619,1626 1700,1626"/>
                <TextEquiv>
                    <Unicode>multa cum sint, unum sunt corpus: sic &amp; Christus. Etenim per unum spiritum nos</Unicode>
                </TextEquiv>
            </TextLine>
            <TextLine id="r1l27" custom="readingOrder {index:24;}">
                <Coords points="69,1659 1704,1706 1679,1634 70,1622"/>
                <Baseline points="80,1655 160,1656 241,1656 322,1658 402,1658 483,1659 564,1661 644,1662 725,1664 806,1665 887,1667 967,1668 1048,1670 1129,1671 1209,1673 1290,1675 1371,1677 1451,1679 1532,1680 1613,1682 1694,1683"/>
                <TextEquiv>
                    <Unicode>omnes in unum corpus baptizati sumus, siue ludaei, siue Graeci, siue serui, siue li</Unicode>
                </TextEquiv>
            </TextLine>
            <TextLine id="r1l28" custom="readingOrder {index:25;}">
                <Coords points="74,1724 1588,1761 1709,1749 1710,1704 75,1669"/>
                <Baseline points="84,1712 164,1713 245,1713 326,1713 406,1715 487,1716 568,1717 648,1718 729,1719 810,1721 891,1722 971,1724 1052,1725 1133,1727 1213,1728 1294,1731 1375,1732 1455,1734 1536,1736 1617,1737 1698,1739"/>
                <TextEquiv>
                    <Unicode>beri: &amp; omnes unum spiritum hausimus. Obstringimur ergo baptismi sacramento</Unicode>
                </TextEquiv>
            </TextLine>
            <TextLine id="r1l29" custom="readingOrder {index:26;}">
                <Coords points="76,1790 1578,1819 1704,1811 1706,1746 77,1726"/>
                <Baseline points="86,1769 166,1769 246,1769 327,1770 407,1770 488,1772 568,1772 648,1773 729,1775 809,1776 890,1778 970,1779 1050,1781 1131,1782 1211,1784 1292,1785 1372,1788 1452,1789 1533,1791 1613,1793 1694,1794"/>
                <TextEquiv>
                    <Unicode>in unitatem corporis Christi, ita ut hoc rupisse uinculum &amp; in aliud concessisse</Unicode>
                </TextEquiv>
            </TextLine>
            <TextLine id="r1l30" custom="readingOrder {index:27;}">
                <Coords points="73,1842 1653,1873 1703,1808 74,1792"/>
                <Baseline points="84,1823 164,1824 244,1824 325,1826 405,1826 486,1827 566,1829 646,1829 727,1830 807,1832 888,1833 968,1835 1048,1836 1129,1838 1209,1839 1290,1841 1370,1842 1450,1844 1531,1845 1611,1848 1692,1850"/>
                <TextEquiv>
                    <Unicode>consortium religionis &amp; societatis, sacrilegium atque proditio rite uocetur. Huc</Unicode>
                </TextEquiv>
            </TextLine>
            <TextLine id="line_1593815287532_83" custom="readingOrder {index:28;}">
                <Coords points="67,1897 1710,1926 1711,1859 1623,1854 68,1844"/>
                <Baseline points="78,1880 165,1880 253,1881 341,1881 429,1883 516,1884 604,1885 692,1886 780,1887 867,1889 955,1890 1043,1892 1131,1893 1218,1895 1306,1898 1394,1899 1482,1901 1569,1902 1657,1905 1700,1905"/>
                <TextEquiv>
                    <Unicode>respexisse uidetur apostolus, cum interrogaret Corinthios, Annon in Christi no</Unicode>
                </TextEquiv>
            </TextLine>
            <TextLine id="r1l32" custom="readingOrder {index:29;}">
                <Coords points="67,1957 1692,1976 1671,1912 68,1897"/>
                <Baseline points="78,1934 158,1935 238,1937 318,1937 398,1938 479,1940 559,1941 639,1943 719,1943 799,1944 880,1946 960,1947 1040,1949 1120,1950 1200,1952 1281,1953 1361,1955 1441,1956 1521,1958 1601,1959 1682,1961"/>
                <TextEquiv>
                    <Unicode>men baptisati estis? Innuens utique baptisatos in nomen Christi palam iurasse, fi-</Unicode>
                </TextEquiv>
            </TextLine>
            <TextLine id="r1l33" custom="readingOrder {index:30;}">
                <Coords points="73,1999 1702,2038 1703,1975 1585,1969 74,1957"/>
                <Baseline points="84,1991 164,1992 244,1992 325,1994 405,1995 486,1996 566,1997 646,1998 727,2000 807,2001 888,2003 968,2004 1048,2005 1129,2007 1209,2008 1290,2009 1370,2010 1450,2012 1531,2013 1611,2016 1692,2018"/>
                <TextEquiv>
                    <Unicode>demque suam coram Christi ecclesia obstrinxisse, ut iam nec possint nec debeant</Unicode>
                </TextEquiv>
            </TextLine>
            <TextLine id="r1l34" custom="readingOrder {index:31;}">
                <Coords points="66,2069 1686,2097 1700,2041 67,2010"/>
                <Baseline points="77,2048 157,2048 238,2049 318,2049 399,2051 479,2052 560,2054 640,2055 721,2055 801,2057 882,2058 963,2060 1043,2061 1124,2063 1204,2064 1285,2066 1365,2067 1446,2069 1526,2070 1607,2072 1688,2072"/>
                <TextEquiv>
                    <Unicode>de ullo alio quam Christi nomine gloriari, in cuius familiam recepti sint per ba¬</Unicode>
                </TextEquiv>
            </TextLine>
            <TextLine id="r1l35" custom="readingOrder {index:32;}">
                <Coords points="67,2122 1692,2152 1693,2097 1622,2078 68,2071"/>
                <Baseline points="78,2102 158,2103 238,2105 318,2106 398,2108 479,2109 559,2109 639,2111 719,2112 799,2114 880,2115 960,2117 1040,2118 1120,2120 1200,2120 1281,2121 1361,2123 1441,2124 1521,2126 1601,2127 1682,2129"/>
                <TextEquiv>
                    <Unicode>ptismum. Sic inquam baptismo separamur ab omnibus alijs religionibus &amp; Chri-</Unicode>
                </TextEquiv>
            </TextLine>
            <TextLine id="r1l36" custom="readingOrder {index:33;}">
                <Coords points="68,2179 315,2185 346,2169 382,2186 434,2170 460,2191 546,2172 662,2191 690,2181 691,2128 69,2122"/>
                <Baseline points="78,2159 108,2159 138,2159 168,2159 198,2160 228,2160 258,2160 288,2160 318,2160 348,2162 379,2162 409,2162 439,2163 469,2163 499,2164 529,2165 559,2166 589,2166 619,2166 649,2168 680,2169"/>
                <TextEquiv>
                    <Unicode>stianae duntaxat consecramur.</Unicode>
                </TextEquiv>
            </TextLine>
            <TextLine id="r1l37" custom="readingOrder {index:34;}">
                <Coords points="139,2241 1615,2265 1686,2252 1688,2176 140,2176"/>
                <Baseline points="150,2216 226,2216 302,2217 379,2219 455,2219 531,2220 608,2222 684,2223 760,2225 837,2226 913,2228 989,2229 1066,2229 1142,2231 1218,2233 1295,2234 1371,2235 1447,2237 1524,2238 1600,2240 1677,2241"/>
                <TextEquiv>
                    <Unicode>Similis per omnia locus est de Coena domini apud eundem in 1. ad Corinth.</Unicode>
                </TextEquiv>
            </TextLine>
            <TextLine id="line_1593815287537_85" custom="readingOrder {index:35;}">
                <Coords points="60,2293 1669,2315 1704,2264 61,2228"/>
                <Baseline points="71,2271 163,2273 255,2274 347,2276 439,2276 531,2277 623,2279 716,2280 808,2282 900,2283 992,2285 1084,2286 1176,2288 1268,2289 1361,2292 1453,2294 1545,2297 1637,2300 1693,2300"/>
                <TextEquiv>
                    <Unicode>cap. 19. Cum enim apostolus Corinthijs demonstrare uellet, ab omni pietate alie</Unicode>
                </TextEquiv>
            </TextLine>
            <TextLine id="r1l40" custom="readingOrder {index:36;}">
                <Coords points="68,2350 1639,2389 1692,2317 69,2293"/>
                <Baseline points="78,2327 158,2328 238,2328 318,2330 398,2331 478,2333 558,2334 638,2335 718,2337 798,2337 879,2339 959,2340 1039,2342 1119,2343 1199,2345 1279,2346 1359,2348 1439,2349 1519,2351 1599,2352 1680,2354"/>
                <TextEquiv>
                    <Unicode>num indignum &amp; sacrilegum esse Christianos in idolorum templis ad idolothyta</Unicode>
                </TextEquiv>
            </TextLine>
            <TextLine id="r1l42" custom="readingOrder {index:37;}">
                <Coords points="55,2391 1688,2431 1689,2374 1593,2362 56,2356"/>
                <Baseline points="66,2382 146,2384 227,2385 307,2385 388,2387 468,2388 549,2390 629,2391 710,2393 790,2394 871,2396 952,2397 1032,2399 1113,2400 1193,2402 1274,2403 1354,2403 1435,2405 1515,2406 1596,2408 1677,2409"/>
                <TextEquiv>
                    <Unicode>accumbere sacrisque gentilitijs communicare, a ratione &amp; natura sacramenti Coe</Unicode>
                </TextEquiv>
            </TextLine>
            <TextLine id="r1l44" custom="readingOrder {index:38;}">
                <Coords points="57,2458 1686,2494 1687,2429 1604,2418 59,2391"/>
                <Baseline points="68,2436 148,2438 228,2441 309,2442 389,2443 470,2445 550,2447 631,2448 711,2450 792,2451 872,2451 952,2453 1033,2454 1113,2456 1194,2457 1274,2459 1355,2460 1435,2462 1516,2463 1596,2463 1677,2465"/>
                <TextEquiv>
                    <Unicode>nae dominicae argumentans, Fugite, inquit, a simulachrorum cultu. Vt pruden¬</Unicode>
                </TextEquiv>
            </TextLine>
            <TextLine id="r1l45" custom="readingOrder {index:39;}">
                <Coords points="68,2507 1553,2546 1678,2542 1679,2493 69,2456"/>
                <Baseline points="78,2492 157,2494 237,2496 316,2498 396,2499 475,2501 555,2502 634,2504 714,2505 793,2507 873,2508 952,2509 1032,2510 1111,2511 1191,2513 1270,2514 1350,2516 1429,2517 1509,2519 1588,2520 1668,2522"/>
                <TextEquiv>
                    <Unicode>tibus loquor: iudicate uos quod dico. Poculum benedictionis quo benedicimus, </Unicode>
                </TextEquiv>
            </TextLine>
            <TextLine id="r1l46" custom="readingOrder {index:40;}">
                <Coords points="63,2558 1689,2603 1690,2542 63,2517"/>
                <Baseline points="72,2549 152,2550 232,2552 313,2553 393,2555 473,2556 554,2558 634,2559 714,2561 795,2562 875,2564 955,2565 1036,2567 1116,2568 1196,2570 1277,2571 1357,2572 1437,2573 1518,2574 1598,2576 1679,2577"/>
                <TextEquiv>
                    <Unicode>nonne communio sanguinis Christi est? Panis quem frangimus, nonne commu</Unicode>
                </TextEquiv>
            </TextLine>
            <TextLine id="r1l47" custom="readingOrder {index:41;}">
                <Coords points="59,2631 1653,2660 1691,2604 60,2570"/>
                <Baseline points="69,2603 149,2606 230,2607 310,2610 391,2612 471,2613 552,2615 632,2616 713,2618 793,2619 874,2621 955,2622 1035,2624 1116,2625 1196,2625 1277,2627 1357,2628 1438,2630 1518,2631 1599,2632 1680,2633"/>
                <TextEquiv>
                    <Unicode>nio corporis Christi est. Quoniam unus panis, unum corpus, multi sumus. Nam </Unicode>
                </TextEquiv>
            </TextLine>
            <TextLine id="r1l48" custom="readingOrder {index:42;}">
                <Coords points="59,2680 1680,2714 1681,2659 1591,2637 60,2627"/>
                <Baseline points="69,2660 149,2661 229,2663 309,2665 389,2667 469,2669 549,2670 629,2672 709,2673 789,2675 870,2676 950,2678 1030,2679 1110,2680 1190,2681 1270,2682 1350,2684 1430,2685 1510,2687 1590,2688 1671,2690"/>
                <TextEquiv>
                    <Unicode>omnes ex eodem pane participamus. Videte lzraelem iuxta carnem. Nonne</Unicode>
                </TextEquiv>
            </TextLine>
            <TextLine id="r1l49" custom="readingOrder {index:43;}">
                <Coords points="68,2744 1634,2768 1688,2710 69,2679"/>
                <Baseline points="78,2715 157,2718 237,2720 317,2721 397,2723 477,2724 557,2726 637,2727 717,2729 797,2732 877,2732 956,2733 1036,2735 1116,2736 1196,2738 1276,2739 1356,2741 1436,2742 1516,2742 1596,2744 1676,2745"/>
                <TextEquiv>
                    <Unicode>qui edunt uictimas consortes altaris sunt? Quid ergo dico, quod simulachrum </Unicode>
                </TextEquiv>
            </TextLine>
            <TextLine id="r1l50" custom="readingOrder {index:44;}">
                <Coords points="65,2797 1675,2828 1676,2761 66,2740"/>
                <Baseline points="75,2769 154,2772 234,2774 313,2777 393,2778 472,2781 552,2783 631,2784 711,2786 790,2787 870,2789 949,2790 1029,2790 1108,2792 1188,2793 1267,2795 1347,2796 1426,2796 1506,2798 1585,2799 1665,2801"/>
                <TextEquiv>
                    <Unicode>aliquid sit: Aut quod immolatum simulachris aliquid sit? lllud potius dico, quod</Unicode>
                </TextEquiv>
            </TextLine>
            <TextLine id="r1l51" custom="readingOrder {index:45;}">
                <Coords points="61,2842 1333,2881 1666,2874 1679,2832 62,2799"/>
                <Baseline points="72,2826 151,2829 231,2831 311,2832 391,2835 470,2837 550,2838 630,2840 710,2841 789,2843 869,2844 949,2846 1029,2846 1108,2848 1188,2849 1268,2850 1348,2852 1427,2853 1507,2853 1587,2855 1667,2856"/>
                <TextEquiv>
                    <Unicode>quae immolant gentes, daemonijs immolant &amp; non deo. Nolim autem uos con¬</Unicode>
                </TextEquiv>
            </TextLine>
            <TextLine id="r1l52" custom="readingOrder {index:46;}">
                <Coords points="62,2905 1684,2937 1685,2876 63,2842"/>
                <Baseline points="72,2880 152,2883 232,2886 312,2889 392,2891 472,2893 552,2895 632,2897 712,2898 792,2900 873,2900 953,2901 1033,2903 1113,2904 1193,2906 1273,2906 1353,2907 1433,2909 1513,2910 1593,2912 1674,2915"/>
                <TextEquiv>
                    <Unicode>sortes daemoniorum esse. Non potestis poculum domini bibere, &amp; poculum dae</Unicode>
                </TextEquiv>
            </TextLine>
            <TextLine id="r1l53" custom="readingOrder {index:47;}">
                <Coords points="53,2954 1684,3001 1685,2940 1544,2923 54,2905"/>
                <Baseline points="63,2939 143,2942 224,2944 304,2946 385,2948 465,2950 546,2952 626,2954 707,2955 787,2955 868,2957 949,2958 1029,2960 1110,2961 1190,2963 1271,2964 1351,2964 1432,2966 1512,2967 1593,2969 1674,2970"/>
                <TextEquiv>
                    <Unicode>moniorum. Non potestis mensae domini participes esse, &amp; mensae demoniorum,</Unicode>
                </TextEquiv>
            </TextLine>
            <TextEquiv>
                <Unicode>spiritu &amp; fide. Ecclesiae uero aut membris Christi coniungimur per fidei spiri¬
tusque unitatem &amp; uinculum charitatis. Quae quidem omnia interna spiritus do¬ 
na sunt, quae gratuito nobis per solum conseruntur dominum, non per ullas crea
turas, non per ulla elementa. Sacramenta itaque inserunt nos uisibiliter consor
tio Christi &amp; sanctorum eius, qui inuisibiliter quidem per ipsius gratiam inserti
fueramus, priusquam sacramentis participaremus : participatione autem nunc
aperimus &amp; manifestamus, cuius corporis membra simus atque esse uelimus, do¬
mino signis aut notis suis per ministrum nos uisibiliter quoque pro sua familia
proque suo populo signante. Id quod scripturis iam plenius illustrabimus,
Qui olim ex ui foederis, ex gratia, misericordia, &amp; promissione dei, popu¬
lus dei erat, circuncisione uisibiliter colligebatur in unam ecclesiam &amp; unius coras
poris compagem. Apostolus enim Paulus ad Ephesios, Mementote, inquit, 
quod uos quondam gentes in carne uocabamini praeputium, ab ea quae uoca¬
tur circuncisio in carne, quae circumcisio manibus fit: quod inquam eratis in tem 
pore illo sine Christo, abalienati a repub. lzraelis, &amp; extranei a testamentis pro¬
missionis &amp;c. Ex quibus facile quoque intelligitur, quomodo circuncisione segre¬
gati sint ab alijs religionibus &amp; societatibus ludaei: quodque circumcisio alibi hanc
ob caussam ponitur pro ipsis circumcisis : &amp; cur Incircumcisi uocabulum pro¬
bro datum sit. Habebantur enim incircumcisi pro impijs impurisque hominibus,
quibus nullum erat consortium, nulla pars aut haereditas cum deo &amp; sanctis eius.
De Baptismo qui in locum Circumcisionis substitutus est, dicta sunt quaedam
in praecedentibus. Sed &amp; apostolus significantissime, Quemadmodum, inquit, 
corpus unum est, &amp; membra habet multa: omnia uero membra corporis unius, 
multa cum sint, unum sunt corpus: sic &amp; Christus. Etenim per unum spiritum nos
omnes in unum corpus baptizati sumus, siue ludaei, siue Graeci, siue serui, siue li
beri: &amp; omnes unum spiritum hausimus. Obstringimur ergo baptismi sacramento
in unitatem corporis Christi, ita ut hoc rupisse uinculum &amp; in aliud concessisse
consortium religionis &amp; societatis, sacrilegium atque proditio rite uocetur. Huc
respexisse uidetur apostolus, cum interrogaret Corinthios, Annon in Christi no
men baptisati estis? Innuens utique baptisatos in nomen Christi palam iurasse, fi-
demque suam coram Christi ecclesia obstrinxisse, ut iam nec possint nec debeant
de ullo alio quam Christi nomine gloriari, in cuius familiam recepti sint per ba¬
ptismum. Sic inquam baptismo separamur ab omnibus alijs religionibus &amp; Chri-
stianae duntaxat consecramur.
Similis per omnia locus est de Coena domini apud eundem in 1. ad Corinth.
cap. 19. Cum enim apostolus Corinthijs demonstrare uellet, ab omni pietate alie
num indignum &amp; sacrilegum esse Christianos in idolorum templis ad idolothyta
accumbere sacrisque gentilitijs communicare, a ratione &amp; natura sacramenti Coe
nae dominicae argumentans, Fugite, inquit, a simulachrorum cultu. Vt pruden¬
tibus loquor: iudicate uos quod dico. Poculum benedictionis quo benedicimus, 
nonne communio sanguinis Christi est? Panis quem frangimus, nonne commu
nio corporis Christi est. Quoniam unus panis, unum corpus, multi sumus. Nam 
omnes ex eodem pane participamus. Videte lzraelem iuxta carnem. Nonne
qui edunt uictimas consortes altaris sunt? Quid ergo dico, quod simulachrum 
aliquid sit: Aut quod immolatum simulachris aliquid sit? lllud potius dico, quod
quae immolant gentes, daemonijs immolant &amp; non deo. Nolim autem uos con¬
sortes daemoniorum esse. Non potestis poculum domini bibere, &amp; poculum dae
moniorum. Non potestis mensae domini participes esse, &amp; mensae demoniorum,</Unicode>
            </TextEquiv>
        </TextRegion>
    </Page>
</PcGts>
