2288 3632
504 262 2176 371 ritu sacro uel caeremonia. Signum est actio externa, ipsa, inquam, aspersio aquae
514 331 2192 420 in nomepatris, & filij, & spiritus sancti, cum inuocatione nominis diuini. Pro¬
508 385 2178 483 missio uel uerbum dei est, Baptisantes eos. Qui crediderit, & baptisatus fuerit,
514 442 1990 525 saluus erit. Et reliqua. De quibus Sermone VI. abunde satis diximus,
578 497 2176 581 Plerique ueterum distinxerunt inter baptismum Ioannis Baptistae, & baptis¬
526 561 2191 642 mum Christi ac apostolorum. Etenim negant aliqui remissionem peccatorum
522 619 2182 696 comprehensam fuisse baptismo Ioannis. Caeterum si diligenter inspiciamus, &
529 681 2191 754 expendamus scripturae sanctae doctrinam, deprehendemus Ioannis baptismum,
529 721 2188 807 & Christi, apostolorumque unum atque eundem esse. Certe doctrina Ioannis, Chri-
523 779 2193 866 sti, & apostolorum, una & eadem est ubique. Omnes enim uno ore praedicant euan
533 833 2183 932 gelium, & per hoc poenitentiam & remissionem peccatorum in nomine Christi¬
533 909 2194 976 Conferat qui uelit ea quae Ioannes euangelista tradidit de doctrina Ioannis Ba¬
538 944 2202 1043 ptistae primo & tertio capite: & ea quae Lucas tradit in 24. cap. euangelicae hi-
538 1004 2193 1093 storiae, & in Actis Apostolorum, de doctrina Christiana & apostolica, & dicet unam
536 1074 2185 1149 atque eandem esse omnium doctrinam. Caeterum doctrinae apponitur baptismus,
548 1126 2192 1204 ueluti sigillum tabulae. Quis ergo credat eiusdem doctrinae diuersa esse sigilla
553 1179 2200 1261 uel baptismata? S. Ioannes aqua baptizauit: non aliam materiam quam aquam
544 1228 2199 1314 commendauit discipulis dominus, neque hi aliter quam aqua baptizauerunt. Illi
543 1292 2203 1375 ipsi baptizauerunt in Christum, in poenitentiam & remissionem peccatorum.
537 1348 2200 1437 At de Ioanne baptista scribit S. Marcus, Baptizabat Ioannes in deserto praedi¬
553 1413 2204 1489 cans baptismum poenitentiae in remis ionem peccatorum. Et S. Paulus loquens
548 1453 2203 1547 de doctrina & baptismo Ioannis, Ioannes, inquit, baptizauit baptismo poeni¬
550 1509 2198 1596 tentiae, populo loquens de eo qui uenturus esset post ipsum ut crederent, hoc
553 1565 2207 1655 est de Christo Iesu. Ex his uero quis non colligat eundem omnino baptismum
547 1621 2213 1708 esse Ioannis & Christi: nisi forte hoc uideatur alicui aliquid discriminis induce¬
550 1678 2210 1770 re, quod Ioannes in uenturum uel reuelandum baptizauit, apostoli in reuela¬
547 1732 2202 1820 tum. Sed non uideo tantillum temporis spacium quidpiam posse adferre discri-
541 1787 2201 1878 minis : praesertim cum tantum ab initio praedicationis suae Ioannes loqueretur
541 1843 2215 1932 de reuelando. Mox enim & praesentem digito demonstrauit, testimoniumque ex-
546 1898 2210 1992 hibuit praesenti & reuelato, non uenturo amplius aut reuelando. Huic accedit
551 1956 2204 2042 quod Christus non alio quam S. Ioannis baptismo tinctus est. Si autem baptismus
556 2011 2212 2100 Ioannis alienus esset a Christianae ecclesiae baptismo, consequeretur neque Chri-
546 2069 2212 2158 stum in nostro, neque nos in Christi baptismo baptizari. Atqui Christus baptis¬
542 2122 2218 2216 mum Ioannis sanctificauit corpore suo, & in eandem societatem tingi nobiscum
556 2180 2210 2266 dignatus est, qui & ipsi tingimur hodie in baptismo, non Ioannis quidem, sed
553 2234 2213 2326 Christi, qui per Ioannem baptismum instituit, & ipse eundem consecrauit. Proinde
547 2292 2220 2380 dominus apud Matth in 28. cap. & apud Marcum in 6. cap. non abrogat bap¬
550 2363 2222 2435 tismum a Ioanne coeptum, non instituit nouum, sed eundem iubet continuare
558 2412 1924 2502 & conferre credentibus in nomen patris & filij & spiritus sancti.
644 2458 2212 2546 Quod autem ipse Ioannes dicit, Ego baptizo aqua: ille baptizabit spiritu
566 2514 2218 2609 sancto, non discreuit inter aquae baptismum suum & Christi: sed Christo amplius
562 2577 2219 2667 quiddam tribuit, quod nullus hominum uel ministrorum (errarunt enim qui
555 2634 2217 2715 quondam baptizarunt igni) cum ipso comune habet, sed solus confert, nempe
566 2692 2216 2771 baptismum ignis, id est singularia dona spiritus sancti, in primis autem usum
559 2758 2227 2827 linguarum sub specie ignis. Sic enim hoc negotium exponitur in Actis ab ipso
559 2801 2216 2897 primum domino Christo, deinde per experientiam in ecclesia. Dominus enim
562 2852 2213 2947 dicit, Ne di cesseritis Hierosolyma, sed expectate promissum patris: de quo au¬
555 2913 2218 3004 distis ex me, Quoniam Ioannes baptizauit quidem aqua: uos autem bapti¬
