2288 3632
96 299 1773 374 comprehendatur. Toti sumus dei, toti ergo diligamus deum. Nihil sit in toto hoc
120 372 1772 448 orbe quod deo sit charius, nihil sit in omnibus rebus nostris uel charissimis & prae
124 419 1763 494 stantissimis, cui parcamus propter deum, quod non propter deum & iuxta os do¬
120 481 1755 551 mini relinquamus, expendamus, aut disponamus. Sic enim diligimus deum ante
127 529 1773 600 & super omnia. Soli autem adhaerere, solum complecti iubemur. Cui enim omnia
120 597 1773 660 nostra eaque tota debemus, ei omnia nostra & tota quidem syncere simpliciter &
126 655 1764 722 plene sunt praestanda. Damnantur hic quicunque & deum amare, simul & mun¬
127 710 1765 778 dum quoque uolunt diligere. Totum requirit cor dominus, totam mentem, totam
121 767 1772 838 animam, & omnes uires, denique quicquid sumus & possidemus: nihil relinquit
118 821 1754 891 ergo tibi quod impendas alijs. Quo ergo iure dabis carni, diabolo, dijs alijs uel
118 873 1760 944 mundo quod solius dei est peculium? Ac solus quidem deus summus, aeternus,
116 924 1756 999 maximus, potentissimus, creator, liberator, conseruator, clementissimus, iustissi¬
109 989 1761 1054 mus & optimus est. Solus praestat praestitit & praestare potest hominibus quaecun
124 1044 1749 1119 que ad incolumitatem corporis & animae pertinent. Solus sufficit homini ad bea
123 1098 1767 1171 te & bene uiuendum deus : solus ergo diligi meretur deus, & diligi quidem ante
124 1150 1755 1222 & supra omnia. Haec dilectio dei benedicit omnibus hominum casibus & euen¬
115 1208 1773 1272 tibus, ut eis prosint, iuxta illud, Diligentibus deum omnia cooperantur in bonum.
121 1260 1756 1332 Haec dilectio dei coprehendit & hoc, ne quem adoremus, colamus, ueneremur,
121 1320 1746 1394 timeamus, inuocemus, ne cui fidamus, obediamus, & adhaereamus, nisi uni & so
115 1370 766 1443 li deo, cui debetur omnis gloria.
192 1418 1772 1510 Priusquam uero dicamus de dilectione proximi, praemittere necesse est quis
119 1475 1772 1559 sit proximus, de quo uideo quosdam addubitare & haerere ancipites. Sunt enim
112 1541 1756 1614 qui arbitrentur proximos esse consanguineos. Alij putant benefactores suos esse
110 1601 1757 1673 proximos, alienos iudicant quicunque malefaciunt. At dominus noster Iesus Chri
109 1653 1751 1725 stus ostendit quemlibet etiam inimicum nostrum qui nostro consilio & auxilio in¬
105 1707 1755 1779 diget proximum esse. Fingit enim hominem ludaeum incidissei latrones, semi-
114 1767 1750 1827 uiuumque & uulneribu, tuberibusque oppletum iacuisse in itinere, & neglectum
115 1822 1751 1894 quidem fuisse a suae gentis hominibus Leuita ac sacerdote praetereuntibus, tandem
115 1883 1749 1945 uero receptum in curam a Samaritano. Erat autem odium maximum inter ludaeos
118 1928 1750 2007 & Samaritanos: nihilominus tamen benefacit hic isti, quod uideret ita res & ne¬
111 1996 1749 2064 cessitatem afflicti postulare. Ea uero applicans suo instituto dominus interrogat
103 2042 1747 2115 illum, qui cupiebat erudiri quisnam esset proximus suus, & ait, Quis horum trium
114 2094 1745 2165 uidetur tibi fuisse proximus illi? Respondit. Qui fecit misericordiam. Ait dominus,
117 2152 1751 2229 Vade & fac tu similiter. Quasi dicat, quemadmodum Samaritanus iudicauit etiam
103 2203 1757 2279 hostem suum esse proximum & indigenti beneficio beneficium contulit: ita tu
103 2270 1747 2319 quoque reputato quemlibet tua indigentem opera tuum esse proximum, & bene¬
106 2315 1773 2377 fac illi. Ergo secundum scripturam iudicans Aurel. Augustinus dixit, Eum proxi
109 2379 1738 2451 mum esse intelligimus, cui uel exhibendum est officium misericordiae si indiget,
113 2434 1750 2504 uel exhibendum esset si indigeret. Heluetij proprijssime hoc exprimimus, cum
121 2485 1744 2555 Proximum nostrum appellamus den natdesten mensqen, id est quemlibet indiscri-
110 2548 1744 2604 minatim quem nobis sors obtulerit. Praeterea nuncupamus proximum in nostrate
112 2599 1741 2661 lingua der aben menso ( namlique ein peoet oer so mol ein mensque ist ale ir. Si-
118 2655 1742 2726 gnificantes quemlibet hominem siue is sit amicus siue hostis. Huc pertinet illud
110 2715 1740 2787 Lactantij lib. 6. cap. 1. Quid personas eligis. Quid membra inspicis? Pro homine
118 2771 1735 2843 tibi habendus est quisquis precatur, ideo quia te hominem putet. Largire caecis,
109 2824 1742 2887 debilibus, claudis, destitutis, quibus nisi largiare moriendum est. Item. Conseruan¬
112 2878 1752 2957 da est humanitas, si homines recte dici uelimus. Conseruare autem humanitatem
115 2937 1750 3006 quid aliud est, quam diligere hominem quia homo sit & idem quod nos sumus?
