2288 3632
529 307 2159 420 consecrata baptizauisse. Quid enim clarius dici aut legi poterat, quam quod Io¬
533 394 2167 472 annes in Iordane baptizauit? Adde quod ipsum Christum in lordane, & apo¬
534 445 2164 543 stolos quoque baptizauit. Vbi, aut quomodo consecrauerunt apostoli aquam ba¬
543 501 2167 598 ptismi in Actis apostolorum? Philippus eunuchum aquam ex itinere ostenden¬
534 564 2164 645 tem baptizat ex fote puro ac limpido. Praeterea subindicaui Sermone proxime
543 622 2170 706 praeterito, quam parum sit pura forma illa uulgaris qua consecratur fons bapti¬
547 667 2167 751 lmi. Si quis uero sentiat aqua consecrata baptizari oportere: ac per consecratam
534 728 2172 811 intellexerit nec unctam, nec characteribus precaminibusque paratam uel sancti-
540 782 2172 865 ficatam, sed sacris delectam usibus, nihil cum eo contenderim. Aqua enim ba¬
533 835 2169 938 ptismi reuera est sancta, non propter uerba recitata, & additos characteres, sed
541 896 2177 982 ex instituente deo, & propter usum sanctum, orationesque sanctorum. De qua re dis-
535 949 2175 1040 serui cum loquerer non ita pridem de sanctificatione uel consecratione sacramentorum.
637 1010 2182 1087 Aqua autem iussit suos baptizare propter caussas uarias. Praecesserunt enim
555 1062 2177 1155 typi baptismum in aqua, ut diluuium, ut mare rubrum, per quod transijt popu¬
544 1118 2181 1217 lus lsraeliticus, ut ablutiones uariae uel baptismata certa in lege tradita. Nec dissi
542 1177 2182 1259 mulant illa apostoli Christi. Petrus enim commemorat Noe seruatum esse aquae
547 1231 2181 1312 diluiuo, impios autem aquis praefocatos. Paulus asserit omnes patres nostros
552 1286 2184 1385 per Mosen baptisatos esse in nube & in mari. Mortificatio ergo & uiuificatio
542 1344 2172 1440 praefigurata est. Et primarium quidem noui testamenti symbolum est baptismus,
547 1410 2176 1487 testificans plenariam ad nos peccatorum remissionem delatam esse per Chri-
541 1449 2179 1549 stum. Hanc autem praenunciantes ac promittentes ex ore domini sancti pro¬
556 1527 2175 1605 phetae, libenter summum hoc beneficium adumbrarunt per aquam: ideo opor-
553 1566 2173 1652 tuit baptismum dari in aqua. Haec item seruiebat mysterio pulchre repraesentan
547 1627 2178 1709 do. Qua de re dixi proximo Sermone cum dissererem de Analogia. Hasce uero
552 1680 2178 1760 ob caussas potissimum oportuit baptismum in hoc, & non in alio dari elemento¬
645 1733 2190 1817 Disceptatum est & de hoc, semel ne an ter mergendus aut aspergendus sit
560 1801 2183 1874 baptisandus? Equidem nihil de hi praeceperunt apostoli curiosius. Proinde li¬
549 1850 2181 1929 berum est uel aspergere uel immergere. Aspersio uidetur usurpata ueteribus.
544 1905 2178 1992 Honestas enim ac pudor uetabat nudare corpora. Sed & insantium conditio
556 1966 2187 2051 prohibet fere immersionem, cum & aspersio tantum efficiat quantum immersio.
549 2026 2188 2106 Stat autem in arbitrio dantis baptismum, ut pro consuetudine ecclesiae, cuius
556 2071 2191 2169 minister est, semel uel ter aspergat. Tertullianus aduersus Praxeam. Dominus
549 2132 2185 2215 mandauit, inquit, ut tingerent in patrem, & filium, & spiritum sanctum. Non in
561 2190 2180 2270 unum: nam nec femel, sed ter, ad singula nomina in personas singulas tingi¬
547 2237 2184 2346 mur. Gregorius uero Leandro respondens episcopo. In una fide, inquit, nihil
560 2302 2187 2374 efficit sanctae ecclesiae consuetudo diuersa. Nos quod tertio mergimus, tridua¬
564 2349 2184 2435 nae sepulturae sacramenta significamus, Rursus patres Synodi Toletanae llII
558 2405 2188 2500 approbarunt simplam baptismi mersionem: & addunt mox caussam hanc, Et
562 2470 2194 2543 ne cuiquam sit dubium huius simpli mysterium sacramenti, uideat in eo mortem
570 2522 2190 2610 & resurrectionem. Nam in aquas mersio, quasi ad infernum descensio est, &
556 2579 2191 2661 rursus ab aquis emersio, resurrectio est. Item uideat in eo unitatem diuinitatis
565 2636 2197 2710 & trinitatem personarum ostendi. Vnitatem, dum semel mergimus : trinita¬
550 2697 2195 2768 tem, dum in nomine patris, & filij, & spiritus sancti baptizamus. Haec non prose
555 2751 2190 2822 rimus quod humanis testimonijs innitamur, sed ut humano quoque testimonio
566 2803 2157 2881 ostendamus liberum esse sequi quod maxime aedificationi ecclesiarum seruit.
631 2875 2199 2938 De loco item baptismi affertur quaestio, An non liceat alicubi quam in tem¬
545 2920 2193 3007 plo baptizare? Dicimus templum ministerijs & cultui dei consecratum esse,
547 2973 2189 3052 ideoque ipsum decorum flagitare, ut baptizemus publice in templo. Si autem
