2288 3632
530 296 2194 405 repetam tamen quaedam huc maxime pertinentia, cum ad finem prope huius ser
533 395 909 474 monis peruenero.
602 432 2186 512 Circa hanc descriptionem autem Coenae haec potissimum ueniunt consideran
534 490 2181 574 da & explicanda. Primum quis instituerit & sit uerus coenae dominicae author &
528 545 2174 627 hospes: non homo aliquis, sed ipse dei filius, patris sapientia, uerus deus & homo¬
539 601 2185 686 Vnde non ad hominum mensam, licet huic homo minister praesideat neque de ma¬
525 660 2180 738 nibus ministri tantum, sed de manibus ipsius domini sacra percipimus symbola,
534 714 2181 796 accumbentes ad mensam Christi domini nostri, cuius sumus hospites, si fuerimus
537 770 2175 860 fideles. Hic consecrauit nobis Coenam, & consecrat ad huc uerbo uoluntate & uir¬
544 829 2184 913 tute sua sancta. De qua re superius diximus. Haec quia intelligunt fideles, ad sa¬
535 895 2181 966 cras coelestesque epulas cum Christo accumbunt, mente & animo conuersantes in
545 957 780 1030 coelestibus,
633 990 2187 1076 Ea autem nocte qua tradebatur & postera sanguine fuso moriendoque nouum
538 1062 2191 1140 testamentum confirmabat, coenam instituit. Mox enim atque agnum typicum cum
544 1108 2182 1191 discipulis edisset, ac clare dixisset eius caeremoniae nullum porro usum futurum, in
541 1164 2196 1252 locum abrogatae coenam hanc reposuit. Vt quemadmodum agnus sanguinolen
541 1231 2190 1303 tus Christum passurum significauerat: ita panis incruentus testaretur Christum
539 1280 2181 1358 cibum uitae, iam in cruce tostum ac passum, factum esse cibum omnium creden¬
539 1337 2187 1417 tium. Obseruabilis ergo fuit nox illa, & coena haec ultima mysterijs est referta. So¬
546 1408 2184 1468 lent alioqui dicta & facta, quae proxime mortem precedunt, charissimorum homi
532 1453 2180 1526 num nobis esse maxime comendata. Ergo ut omnia Christi nobis chara sunt & pre¬
539 1499 2155 1583 tiosa, ita merito extrema haec coena debet nobis esse charissima & pretiosissima.
644 1549 2187 1638 Constat autem coena uerbo & ritu, promisione & caeremonia. Verbum est,
547 1624 2191 1716 quod annunciatur Christus in mortem traditus propter peccata nostra, & fudisse
536 1669 2187 1750 sanguinem in remisionem peccatorum nostrorum. Promittitur ergo credenti¬
536 1729 2178 1808 bus remissio peccatorum. Haec eadem res & ritu repraesentatur, Ritum illum no¬
547 1797 2191 1860 bis diligenter tradiderunt literis consecratum S. Matthaeus, Marcus atque Lucas,
547 1838 2191 1924 quos secutus Paulus ne tantillum quidem ab his uariauit. Ego ex quatuor illis
548 1900 2184 1973 omnia in unum recollecta contextum iam c. V. recitabo, Vespere facto ea nocte
544 1944 2195 2031 qua tradebatur, uenit dominus cum duodecim, & cum esset tempestiuum, accu¬
545 2005 2196 2086 buit, & duodecim cum eo. Vescentibus autem eis, accepit Iesus panem, & cum e¬
539 2058 2194 2154 gisset gratias, fregit, deditque discipulis, & ait, Accipite, comedite, hoc est corpus
537 2125 2193 2198 meum quod pro uobis traditur (ueb)frangitur. Hoc facite in mei recordationem,
547 2179 2181 2252 Similiter & poculospostquam coenauit) accepto, gratias egit, & dedit eis, dicens,
544 2240 2190 2305 Accipite hoc, & diuidite inter uos. Bibite ex eo omnes. Et biberunt ex eo omnes,
537 2296 2196 2369 Et dicebat illis, Hic est enim sanguis meus, qui est noui testamenti: qui pro multis
534 2348 2184 2421 effunditur in remisionem peccatorum (Hoc est poculum nouum testamentum in
540 2402 2194 2475 sanguine meo, qui pro uobis effunditur) Hoc facite quotiescunque biberitis in mei
543 2460 2185 2528 commemorationem. Amen dico uobis, quod non bibam posthac ex fructu uitis
537 2510 2191 2590 usque in diem illum, cum illud bibam uobiscum nouum in regno patris mei. Haec
542 2586 1791 2645 sunt ad uerbum solennia & sacrosancta Coenae domini uerba.
634 2623 2196 2701 Summus Pontifex ecclesiae catholicae Christus dominus Coenam celebrauit
538 2685 2184 2760 cum discipulis suis, sicut iam uidimus & audiuimus citra omnem pompam, sim¬
549 2739 2188 2823 pliciter plane & frugaliter. Abrogauit enim legis paulo operosiorem caeremoniam,
541 2791 2182 2868 nouam substituit maxime parabilem & minime sumptuosam. Legis enim pleraeque
523 2862 2190 2937 fuerunt operosiora, euangelij omnia sunt parabiliora & sumptuosa minus. Di¬
529 2911 2188 2984 scumbit ergo dominus cum duodecim suis discipulis. Vnde discimus ante omnia
529 2975 2185 3059 coetum esse colligendum, qui Coenam celebret. In coetu suo haec facit dominus,
