2288 3632
119 328 1772 460 Principio diligentissime concionatur suis, & de ijs maxime, quae attinebant ad my
112 411 1769 504 sterium passionis & redemptionis nostrae. Caeterum ubicunque est doctrina & au¬
109 468 1764 557 scultatio uerbi dominici, uel euangelij Christi, ibi sunt gemitus & uota siue preces
112 516 1763 619 fidelium. Proinde celebraturi Coenam dominicam ante omnia ad exemplum &
113 574 1765 669 institutionem summi pontificis Christi domini praedicationem euangelij audiunt
114 629 1763 732 diligentissime, & precantur attentissime. Deinde uero accepit panem, benedixit
102 683 1770 772 & fregit dominus, dedit praeterea discipulis suis & comedere iussit. Distribuit
104 757 1762 845 mox etiam poculum, & ex hoc omnes bibere mandauit. Sed & disertum & per¬
103 796 1759 887 spicuum mandatum subiecit, dicens. Hoc facite: nimirum quod me facere uidistis,
120 860 1760 957 Discipuli ergo & panem comederunt & de poculo biberunt omnes. sccirco legiti
104 922 1752 1008 me Coenam domini celebrantes, mutuo inter se panem domini de manibus mini
109 963 1748 1063 strorum Christi acceptum, frangunt, distribuunt &manducant, poculum insuper
100 1039 1748 1128 domini de manibus ministrorum Christi acceptum inter se distributum omnes po¬
106 1093 1758 1186 tant. Et sicut pontifex summus Christus id facere iussit in sui memoriam, ita coe¬
107 1147 1753 1234 nam celebrantes memoriam mortis & omnium beneficiorum Christi peragunt.
104 1190 1748 1291 Praeterea sicut dominus praeijt exemplo suo gratias agens deo patri, ita fideles gra¬
101 1256 1751 1349 tiarumactione sacrum hoc concludunt, laudantes bonitatem & misericordiam
98 1316 1738 1404 eius, quoniam bonus, quoniam in aeternum misericordia eius. Hic ritus Coenae
104 1361 1750 1471 domini & simplicissimus & optimus est, quem apostoli a domino Christo acceptum
105 1430 1096 1502 omnibus nationibus custodiendum tradiderunt,
190 1471 1764 1569 Ergo cum interrogatur, an liceat alio ritu coenare, an liceat tradito ritui adde
91 1543 1762 1626 re aliquid an adimere aut aliquid in ipso mutare, an hac ipsa iam tradita & non
100 1595 1761 1690 alia forma oporteat celebrare coenam domini ? stultitia & temeritas non modica,
96 1648 1734 1730 quinimo impietas maxima proditur. Quorsum enim attinet simplicissima, opti¬
97 1712 1727 1799 ma, perfectissimaque coenandi formula ab ipso domino tradita, & ab apostolis eius
94 1764 1730 1850 accepta, comminisci aliam? Quis quaeso meliorem tradet ipso dei filio, pontifice
94 1822 1727 1900 ecclesiae catholicae summo? Quis oro sanae mentis addet, aut adimet aliquid insti¬
86 1869 1723 1955 tutis dei: quis immutare audeat tradita ab aeterna dei sapientia? Omnia Christi
95 1935 1740 2018 cum dicta tum facta sunt perfectissima : ergo & forma coenae dominicae, instituti
89 1974 1730 2071 singularis & celeberrimi, perfectissima est. Perfectissimi fuerunt ritus sacramen¬
85 2044 1729 2133 torum ueteris testamenti, sic a prima eorum institutione traditi, ut hi nihil a reli¬
81 2100 1724 2175 giosis uel adijnceretur uel adimeretur etiam post multa saecula. Celebrauit enim
82 2155 1726 2246 pascha Ezechias rex, celebrauit & losias, sed non alio ritu, quam tradito a Mose,
83 2207 1719 2303 Circumciderunt insantulos suos patres, sed non alia ratione, non alio ritu, quam
82 2259 1743 2355 primitus tradito. Homicidij perpetrati accusabatur in lege quondam si quis non
79 2318 1743 2415 sacrificasset eo loco & ritu, quem praescripferat deus per Mosen. Fulmine coelitus
72 2374 1741 2470 demisso feriuntur Nadab & Abihu, quod alienum ignem intulissent in taberna¬
73 2438 1739 2521 culum. Ozea percutitur repentina morte, quod non eo modo tractaretur arca dei
76 2483 1718 2579 exercituum, quo in lege iussa fuerat tractari. Proinde nobis quoque ritus a domino
76 2539 1725 2639 institutus Coena, & traditus ecclesiae ab apostolis, maxima religione custodiendus
68 2597 1721 2691 erit: nisi credere libeat sacramentorum nostrorum instituta & ritus imperfectio¬
70 2663 1712 2748 res esse ueterum institutis, deumque patrem hodie minus curare prophanationem,
72 2706 1707 2798 aut religiosam obseruationem institutorum filij sui, quam olim patrum ac Mosis,
67 2758 1718 2856 Caeterum uas electionis Paulus, intelligens institutionem Christi & perfectissi¬
68 2826 1707 2909 mam esse & eandem simpliciter absque addidamentis retinendam in ecclesia, Co¬
71 2875 1729 2975 rinthijs dicit, Ego accepi a domino quod & tradidi uobis. Nam nephas putauit
76 2925 1716 3030 aliud tradere ecclesiae, quam acceperat a domino. Teneamus ergo magna religio¬
66 2991 1715 3097 ne quod traditum a domino, accepimus ab apostolis. Nihil autem aliud Corinthijs
