2288 3632
489 350 2155 459 tradidit apostolus, etiam post multos ab ascensione domini in coelum annos, quam
496 419 2158 519 quod scripto fideli tradiderunt nobis sancti apostoli & euangelistae, beatus Mat¬
498 505 1011 575 thaeus, Marcus & Lucas.
594 528 2152 623 Certe saeculis aliquot ab obitu apostolorum simplicem illam rationem cele¬
501 590 2150 690 brandi Coenam domini obseruatam esse ab ecclesia constat. Nam prodibat in coe¬
489 651 2149 727 : tum sacrum postquam praedicasset euangelium, & praeuia oratione publicas deo
502 698 2160 812 preces obtulisset pastor uel minister ecclesie. At in prospectu populi stabat instru
515 760 2156 848 cta pane & uino mensa, pone hanc astans benedicebat populo, dicens. Dominus
508 810 2166 908 uobiscum. Excipiebat populus, Et cum spiritu tuo. Subdebat pastor, Sursum cor-
506 866 2156 960 da, admonens ecclesiam mystica sacra fore iam celebranda, ideoque mentes a uisibi
507 922 2167 1017 libus eleuandas ad inuisibilia, Respondebat populus, Habemus ad dominum. In¬
508 977 2168 1077 de uero ad gratiarumactionem inuitans totam ecclesiam, clamabat, Gratias aga¬
507 1035 2161 1141 mus domino deo nostro, Respondebat ecclesia, Dignum & iustum est. Pastor ite
517 1089 2163 1185 rum subiungebat, Vere dignum & iustum est, aequum & salutare (& conuersus
510 1162 2169 1241 ad dominum) nos tibi semper & ubique gratias agere domine sancte pater omnipo
513 1204 2173 1299 tens aeternae deus, per Christum dominum nostrum: qui pridie quam pateretur ac
517 1264 2164 1362 cepit panem, gratias egit, fregit, deditque discipulis suis. Et reliqua quae commemo
509 1326 2163 1418 rantur in Euangelio. His ex euangelio recitatis subdebat pastor, Oremus praece¬
514 1372 2178 1476 ptis salutaribus moniti, & diuina institutione formati, audemus dicere, Pater no¬
525 1432 2169 1523 ster qui es in coelis, &c. Post recitatam orationem dominicam populus sacra per¬
523 1486 2179 1595 cipiebat mysteria, communicabatque, & post laudes deo oblatas dimittebatur. At-
515 1548 2166 1632 que huius quidem ritus quaedam uestigia cernere licet apud scriptores ueteres,
522 1611 1317 1700 S. Cyprianum, S. Augustinum & alios,
604 1657 2166 1754 Porro sequentibus exinde teporibus creuerunt precationes & benedictiones,
539 1717 2184 1799 creuerunt in immensum usque ritus. Immutata est praeterea institutio Christi, &
523 1783 2189 1854 conuersa in alienum usum, consarcinata est denique Missa, in qua parum uideas ue¬
526 1819 2169 1912 tustatis. Sed de his alias disserui copiosissime, intelligitque totum hoc negotiumC.V
537 1890 2186 1980 peroptime. Nihil curamus qui Christi domini institutionem perfectissimam & pu
526 1931 2182 2032 rissimam ab apostolis traditam tenemus, quid quique hominum, & quando quisque
532 2005 2176 2093 pontificum hoc uel illud ritui sacro addiderit, detraxerit uel immutauerit: sed quid,
528 2045 2180 2144 qui ante & super omnes est, prior & fecerit & facere iusserit. Si instituentis autho¬
532 2100 2182 2195 ritas, doctrina & sanctitas, si uetustas ualere debet, uicimus nos qui Christum pro
531 2158 2183 2253 nobis habemus cum electissimo apostolorum choro. Ab his enim habemus quod
540 2231 1701 2301 celebramus, & omnibus celebrandum contendimus pijs.
630 2267 2179 2365 Cur autem mysterium hoc instituerit dominus sub specie panis & uini, per¬
530 2324 2190 2425 spicuum est. Panis enim confortat, & uinum exhilarat cor hominis. Id quod mo¬
540 2382 2182 2473 nui cum dissererem de Analogia sacramentorum. Praeterea ederunt patres nostri
534 2452 2183 2541 in typo manna, panem coelo deplutum. Vsi sunt & in gratulatorijs suis oblatio¬
542 2491 2190 2588 nibus & libaminibus pane & uino. Caeterum odiosa excitata est contentio super
535 2554 2190 2642 materia Coenae dominicae: contendentibus his pane azymo, alijs uero fermentato
538 2604 2182 2699 esse coenandum. Atqui apud ueteres quondam de hi nullae mouebantur rixae.
541 2658 2193 2765 Nam ecclesiae pro sua libertate utebantur utroque. Videtur quidem dominus in
536 2718 2195 2821 prima illa Coena usus esse pane azymo, in mensa, ex ueteri more celebrandi pa¬
536 2771 2191 2873 schatis, relicto. Vnde non paucae ecclesiae infermentato pane usae sunt: quae tamen
533 2831 2193 2924 fermentato utentes non damnabant haereseos. Papa autem cum suis non leui
542 2888 2196 2980 scandalo Graecos leuiculam hanc ob rem anathemate percussit. Damnati sunt in¬
540 2968 2194 3047 terim a priscis nonnulla de caussa Artotyritae, quorum mentio fit ab Epiphanio in¬
546 3020 2189 3105 ter Pepuzianos & Priscillianos, in mysterijs contra institutionem Christi apponen¬
539 3075 1009 3163 tes cum pane caseum.
