2288 3632
181 288 1789 395 Disputatur praeterea, uinum ne merum an aqua dilutum in coena sit fidelibus
126 359 1782 449 propinandum. Cyprianus martyr propter mysterium contendit non merum, sed
121 426 1784 494 aqua dilutum esse offerendum, id est propinandum fidelibus. Sic enim scriptum
122 475 1770 559 reliquit. Quia nos omnes portabat Christus, qui & peccata nostra portabat, uide
121 536 1774 621 mus in aqua populum intelligi, in uino ostendi sanguinem Christi. Quando autem
115 581 1783 671 in calice uino aqua miscetur, Christo populus adunatur & credentium plebs ei in
122 640 1769 728 quem credidit copulatur & iungitur. Sic autem in sanctificando calice domini of-
114 693 1774 780 ferri aqua sola non potest, quomodo nec uinum solum potest. Nam si uinum tan¬
124 756 1777 843 tum quis offerat, sanguis Christi esse incipit sine nobis: si uero aqua sit sola, plebs
122 806 1771 889 incipit esse sine Christo. Quando autem utrunque miscetur & adunatione confusa
102 859 1764 957 sibi inuicem copulatur, tunc sacramentum spiritale & coeleste perficitur. His pul
122 922 1768 1007 chrum sane mysterium aperit S. Cyprianus : uerum quare pergimus Christo esse
121 980 1762 1054 prudentiores & plura comminisci mysteria quam ab ipso acceperimus? Scriptura
118 1040 1763 1117 non meminit ullius aquae, imo commemorat dominum mero usum esse uino. Nam
106 1088 1765 1175 dominus dicit, Amen dico uobis, quod posthac non bibam ex hoc fructu uitis. Si¬
111 1148 1763 1236 gnificanter enim non uinum, sed uitis fructum dixit, ne ullam hic comminiscere¬
107 1208 1766 1276 mur mixturam. Quid quod ipse sanctus dei martyr Cyprianus modis omnibus
110 1260 1759 1344 contendit in celebranda Coena domini id duntaxat esse sequendum fidelibus quod
111 1318 1763 1406 traditum acceperunt a Christo domino? Quoniam uero illud testimonium facit
104 1374 1755 1469 pro tota hac tractatione nostra de Coena Christi secundum uerbum euangelij ce¬
105 1426 1449 1513 lebranda, recitabo hoc ex 2. epist. lib. epist. 3. de uerbo ad uerbum.
184 1477 1777 1575 Ab euangelicis praeceptis omnino recedendum non esse, inquit, & eadem quae
94 1538 1774 1618 magister docuit & fecit, discipulos quoque obseruare & facere debere, constantius
106 1586 1735 1685 & fortius alio in loco beatus apostolus docet, dicens, Miror quod sic tam cito de
98 1657 1738 1726 mutamini ab eo qui uos uocauit in gratiam ad aliud euangelium: quod non est a¬
91 1702 1748 1795 liud, nisi sunt aliqui qui uos perturbant & uolunt conuertere euangelium Chri-
97 1754 1744 1839 sti. Sed licet nos aut angelus de coelo aliter annunciet praeterquam quod annun¬
95 1819 1741 1898 ciauimus uobis, anathema sit. Sicut praediximus & nunc iterum dico, Si quis uo¬
98 1867 1750 1969 bis annunciauerit praeterquam quod accepistis, anathema sit. Cum ergo neque ipse
97 1927 1742 2021 apostolus neque angelus de coelo annunciare posset aliter aut docere, praeterquam
93 1989 1736 2063 quod semel Christus docuit, & apostoli eius annunciauerunt, miror satis unde
81 2034 1751 2123 hoc usurpatum sit, ut contra euangelicam & apostolicam disciplinam quibusdam
95 2093 1742 2190 in locis aqua offeratur in dominico calice, quae sola Christi sanguinem non possit
89 2159 1733 2240 exprimere. Et iterum, Non est frater charissime, quod aliquis existimet sequendam
97 2203 1735 2294 esse quorundam consuetudinem, si qui in praeteritum in calice dominico aquam
79 2256 1740 2345 solam offerendam putauerunt. Quaerendum est enim ipsi quem sint secuti. Nam
79 2313 1749 2414 si in sacrificio, quod Christus est, non nisi Christus sequendus est, utique id nos au¬
81 2371 1732 2461 dire & facere oportet, quod Christus fecit & faciendum esse mandauit : cum ipse
86 2427 1729 2517 in euangelio suo dicat, Si feceritis quod mando uobis, iam non dico uos seruos
79 2483 1736 2581 sed amicos. Et quod Christus debeat solus audiri pater etiam de coelo contestatur,
79 2543 1728 2639 dicens. Hic est filius dilectissimus, in quo bene sensi: ipsum audite. Quare si solus
85 2595 1733 2692 Christus audiendus est, non debemus attendere quid aliquis ante nos faciendum
82 2657 1731 2752 putauerit: sed quid qui ante omnes est Christus prior fecerit. Neque enim hominis
85 2720 1730 2804 consuetudinem sequi oportet, sed dei ueritatem. Cum apud lsaiam prophetam
80 2761 1729 2856 deus loquatur & dicat, Sine caussa autem colunt me, mandata & doctrinas homi
72 2821 1728 2909 num docentes. Et iterum dominus in euangelio hoc idem repetat, dicens, Reiicitis
80 2884 1725 2968 mandatum dei ut traditionem uestram statuatis. Sed & alio loco ponit, & dicit,
80 2933 1735 3042 Qui soluerit unum ex mandatis istis minimis, & sic docuerit homines, minimus
