<?xml version="1.0" encoding="UTF-8" standalone="yes"?>
<PcGts xmlns="http://schema.primaresearch.org/PAGE/gts/pagecontent/2013-07-15" xmlns:xsi="http://www.w3.org/2001/XMLSchema-instance" xsi:schemaLocation="http://schema.primaresearch.org/PAGE/gts/pagecontent/2013-07-15 http://schema.primaresearch.org/PAGE/gts/pagecontent/2013-07-15/pagecontent.xsd">
    <Metadata>
        <Creator>prov=University of Rostock/Institute of Mathematics/CITlab|PLANET AI GmbH/Gundram Leifert/gundram.leifert@planet-ai.de:name=cod-a3V3DV-m3(htr_id=25165)::::v=2.6.6
prov=University of Rostock/Institute of Mathematics/CITlab|PLANET AI GmbH/Tobias Gruening/tobias.gruening@planet-ai.de:name=de.uros.citlab.module.baseline2polygon.B2PSeamMultiOriented:v=2.6.6
prov=University of Rostock/Institute of Mathematics/CITlab|PLANET AI GmbH/Tobias Gruening/tobias.gruening@planet-ai.de:name=/net_tf/LA73_249_0mod360.pb:de.uros.citlab.segmentation.CITlab_LA_ML:v=2.6.6
Transkribus</Creator>
        <Created>2019-12-04T11:29:30.216-05:00</Created>
        <LastChange>2020-07-05T18:17:04.087+02:00</LastChange>
        <TranskribusMetadata docId="284697" pageId="11502281" pageNr="749" tsid="33496047" status="IN_PROGRESS" userId="25065" imgUrl="https://files.transkribus.eu/Get?id=LJYAEYHDNQPUGFSZAFQCQCLQ&amp;fileType=view" xmlUrl="https://files.transkribus.eu/Get?id=LRNRPFNHNPCMVLPBTVVNJCLQ" imageId="7898766"/>
    </Metadata>
    <Page imageFilename="748.jpg" imageWidth="2288" imageHeight="3632">
        <ReadingOrder>
            <OrderedGroup id="ro_1596925458169" caption="Regions reading order">
                <RegionRefIndexed index="0" regionRef="TextRegion_1593817070752_1008"/>
            </OrderedGroup>
        </ReadingOrder>
        <TextRegion orientation="0.0" id="TextRegion_1593817070752_1008" custom="readingOrder {index:0;}">
            <Coords points="92,219 1780,219 1779,286 1752,1978 1735,3033 92,3033"/>
            <TextLine id="r1l3" custom="readingOrder {index:0;}">
                <Coords points="115,337 1707,358 1772,305 116,268"/>
                <Baseline points="126,315 207,315 289,315 371,317 453,317 534,317 616,318 698,319 780,320 861,321 943,323 1025,324 1107,326 1188,327 1270,327 1352,329 1434,330 1515,332 1597,333 1679,335 1761,335"/>
                <TextEquiv>
                    <Unicode>nibus, futurum ut hominum ineptia imperitiaque magno cum scandalo effunda¬</Unicode>
                </TextEquiv>
            </TextLine>
            <TextLine id="r1l4" custom="readingOrder {index:1;}">
                <Coords points="119,384 1533,408 1765,401 1766,349 120,336"/>
                <Baseline points="129,372 210,372 291,372 372,372 454,374 535,374 616,375 698,375 779,377 860,377 942,378 1023,380 1104,381 1185,382 1267,383 1348,384 1429,386 1511,387 1592,389 1673,390 1755,392"/>
                <TextEquiv>
                    <Unicode>tur in pauimentum. Quasi uero aeterna dei prouidentia non praeuiderit tantum </Unicode>
                </TextEquiv>
            </TextLine>
            <TextLine id="r1l5" custom="readingOrder {index:2;}">
                <Coords points="125,442 1642,471 1766,458 1767,411 126,380"/>
                <Baseline points="135,428 216,428 297,428 378,429 459,429 540,429 621,431 702,431 783,432 864,433 946,434 1027,435 1108,437 1189,438 1270,439 1351,440 1432,441 1513,443 1594,444 1675,446 1757,447"/>
                <TextEquiv>
                    <Unicode>scandalum, quod sapientes isti demum in fine saeculi perspiciunt, &amp; quod dei filio </Unicode>
                </TextEquiv>
            </TextLine>
            <TextLine id="r1l6" custom="readingOrder {index:3;}">
                <Coords points="110,493 1772,513 1772,455 110,454"/>
                <Baseline points="120,485 202,485 284,485 366,485 448,485 530,485 612,486 694,486 776,488 858,489 940,489 1022,491 1104,492 1186,494 1268,495 1350,497 1432,498 1514,500 1596,501 1678,503 1761,504"/>
                <TextEquiv>
                    <Unicode>defuit, sarciunt. Sufficere autem clamitant laicis unam speciem, cum per concomi</Unicode>
                </TextEquiv>
            </TextLine>
            <TextLine id="r1l7" custom="readingOrder {index:4;}">
                <Coords points="112,554 1607,582 1764,572 1765,528 113,508"/>
                <Baseline points="123,539 204,539 286,539 367,540 449,540 531,540 612,542 694,542 775,543 857,543 939,545 1020,546 1102,548 1183,549 1265,550 1347,552 1428,554 1510,555 1591,557 1673,558 1755,560"/>
                <TextEquiv>
                    <Unicode>tantiam ibi deprehendatur esse sanguis Christi, ubi est corpus Christi. Ita uero se¬</Unicode>
                </TextEquiv>
            </TextLine>
            <TextLine id="r1l8" custom="readingOrder {index:5;}">
                <Coords points="116,613 1766,636 1750,568 117,560"/>
                <Baseline points="126,596 207,596 288,596 370,596 451,596 533,597 614,597 696,599 777,600 859,600 940,602 1021,603 1103,604 1184,605 1266,606 1347,608 1429,609 1510,611 1592,612 1673,614 1755,614"/>
                <TextEquiv>
                    <Unicode>queretur alteram speciem frustra esse institutam. Sed separatim quidem primum </Unicode>
                </TextEquiv>
            </TextLine>
            <TextLine id="r1l9" custom="readingOrder {index:6;}">
                <Coords points="110,659 1728,695 1752,638 110,618"/>
                <Baseline points="120,653 201,653 282,651 363,651 444,651 525,653 606,653 687,654 768,654 849,656 931,657 1012,659 1093,660 1174,661 1255,662 1336,663 1417,665 1498,666 1579,668 1660,668 1742,669"/>
                <TextEquiv>
                    <Unicode>obtulit dominus panem, deinde uero poculum: neque quicquam eorum quae do¬</Unicode>
                </TextEquiv>
            </TextLine>
            <TextLine id="r1l10" custom="readingOrder {index:7;}">
                <Coords points="107,729 1752,749 1753,698 107,677"/>
                <Baseline points="117,707 198,707 279,707 360,708 442,708 523,708 604,710 685,710 767,711 848,711 929,713 1010,714 1092,715 1173,716 1254,717 1335,719 1417,720 1498,722 1579,723 1660,725 1742,726"/>
                <TextEquiv>
                    <Unicode>minus instituit redundat : prinde utraque species omnibus debet, sic iubente domi</Unicode>
                </TextEquiv>
            </TextLine>
            <TextLine id="r1l11" custom="readingOrder {index:8;}">
                <Coords points="107,772 1750,810 1751,748 107,733"/>
                <Baseline points="117,764 198,764 279,764 360,764 441,764 522,765 603,765 685,767 766,767 847,768 928,768 1009,770 1090,771 1171,773 1253,774 1334,774 1415,776 1496,777 1577,779 1658,780 1740,782"/>
                <TextEquiv>
                    <Unicode>no, fidelibus distribui. Id quod fecisse omnem uetustatem ad tempora ferme usque</Unicode>
                </TextEquiv>
            </TextLine>
            <TextLine id="r1l12" custom="readingOrder {index:9;}">
                <Coords points="110,837 1766,848 1711,790 111,775"/>
                <Baseline points="120,821 201,821 283,819 365,819 447,821 528,821 610,821 692,822 774,822 855,824 937,825 1019,827 1101,828 1182,830 1264,830 1346,831 1428,833 1509,834 1591,836 1673,837 1755,837"/>
                <TextEquiv>
                    <Unicode>Concilij Constantiensis testabuntur, quotquot ueterum scripta perlegerunt. Ex</Unicode>
                </TextEquiv>
            </TextLine>
            <TextLine id="r1l13" custom="readingOrder {index:10;}">
                <Coords points="109,895 1763,917 1763,862 1691,846 109,845"/>
                <Baseline points="120,878 201,876 283,876 364,876 446,876 528,876 609,878 691,878 772,879 854,881 936,882 1017,883 1099,884 1180,885 1262,887 1344,888 1425,890 1507,891 1588,893 1670,893 1752,894"/>
                <TextEquiv>
                    <Unicode>quibus nonnussi nihil ueriti sunt dicere non sine sacrilegio diuisionem fieri hu¬</Unicode>
                </TextEquiv>
            </TextLine>
            <TextLine id="r1l14" custom="readingOrder {index:11;}">
                <Coords points="109,951 167,959 227,938 246,955 275,940 339,955 380,940 430,946 430,894 221,897 204,884 144,903 109,893"/>
                <Baseline points="119,933 144,933 169,932 194,932 219,932 244,930 269,930 294,930 319,930 344,930 369,931 394,933 420,935"/>
                <TextEquiv>
                    <Unicode>ius sacramenti.</Unicode>
                </TextEquiv>
            </TextLine>
            <TextLine id="line_1593817070812_1011" custom="readingOrder {index:12;}">
                <Coords points="190,997 1778,1016 1779,952 1556,935 1460,973 1335,928 1152,967 191,945"/>
                <Baseline points="201,989 289,989 377,989 466,989 554,990 642,990 731,992 819,993 907,994 996,995 1084,996 1172,998 1261,999 1349,1001 1437,1002 1526,1003 1614,1004 1702,1005 1767,1005"/>
                <TextEquiv>
                    <Unicode>Post materiam coenae explicatam solet quaestio texi de forma uel de consecra</Unicode>
                </TextEquiv>
            </TextLine>
            <TextLine id="line_1593817070812_1013" custom="readingOrder {index:13;}">
                <Coords points="103,1072 1776,1074 1776,1018 1692,1013 104,1000"/>
                <Baseline points="113,1044 206,1044 299,1044 392,1044 485,1044 578,1046 671,1047 765,1047 858,1049 951,1050 1044,1052 1137,1053 1230,1055 1323,1056 1417,1058 1510,1058 1603,1059 1696,1060 1766,1060"/>
                <TextEquiv>
                    <Unicode>tione panis &amp; uini. Sed quoniam de hac dixi in generali sacramentorum conside</Unicode>
                </TextEquiv>
            </TextLine>
            <TextLine id="line_1593817070813_1015" custom="readingOrder {index:14;}">
                <Coords points="106,1114 1728,1148 1775,1090 106,1070"/>
                <Baseline points="116,1101 201,1101 287,1101 372,1101 458,1101 543,1101 629,1103 714,1104 800,1104 885,1106 971,1107 1056,1108 1142,1109 1227,1110 1313,1112 1398,1113 1484,1113 1569,1115 1655,1115 1740,1116 1765,1116"/>
                <TextEquiv>
                    <Unicode>ratione, non est quod cum fastidio auditorum eandem rem repetam. Non agno¬</Unicode>
                </TextEquiv>
            </TextLine>
            <TextLine id="r1l18" custom="readingOrder {index:15;}">
                <Coords points="105,1172 1730,1203 1747,1143 106,1112"/>
                <Baseline points="116,1155 197,1155 278,1155 359,1155 440,1157 521,1157 602,1158 683,1158 764,1160 845,1161 926,1161 1007,1163 1088,1164 1169,1166 1250,1167 1331,1168 1412,1169 1493,1170 1574,1172 1655,1173 1736,1173"/>
                <TextEquiv>
                    <Unicode>scimus ullam transsubstantiationem ui uerborum &amp; characterum factam, sed pa</Unicode>
                </TextEquiv>
            </TextLine>
            <TextLine id="r1l19" custom="readingOrder {index:16;}">
                <Coords points="109,1223 1562,1253 1740,1251 1764,1206 110,1172"/>
                <Baseline points="120,1211 201,1211 283,1212 364,1212 446,1212 528,1214 609,1214 691,1215 772,1216 854,1217 936,1218 1017,1220 1099,1220 1180,1221 1262,1223 1344,1224 1425,1225 1507,1226 1588,1227 1670,1229 1752,1229"/>
                <TextEquiv>
                    <Unicode>nem &amp; uinum in suis substantijs, id quod sunt, manere asserimus, accedere autem </Unicode>
                </TextEquiv>
            </TextLine>
            <TextLine id="r1l20" custom="readingOrder {index:17;}">
                <Coords points="108,1292 1605,1322 1759,1256 109,1223"/>
                <Baseline points="120,1268 201,1268 282,1268 364,1268 445,1269 527,1269 608,1269 690,1271 771,1272 853,1272 934,1274 1015,1275 1097,1276 1178,1277 1260,1278 1341,1280 1423,1281 1504,1283 1586,1284 1667,1284 1749,1286"/>
                <TextEquiv>
                    <Unicode>institutionem, uoluntatem, ac uerbum Christi, &amp; fieri sacramentum, atque sic plu¬</Unicode>
                </TextEquiv>
            </TextLine>
            <TextLine id="r1l21" custom="readingOrder {index:18;}">
                <Coords points="109,1360 238,1330 1373,1361 1373,1309 1191,1285 110,1291"/>
                <Baseline points="120,1323 182,1323 244,1323 306,1323 368,1325 430,1325 492,1325 554,1325 616,1326 678,1326 741,1328 803,1328 865,1329 927,1329 989,1331 1051,1331 1113,1332 1175,1333 1237,1334 1299,1335 1362,1337"/>
                <TextEquiv>
                    <Unicode>rimum differre a pane &amp; uino prophano, ut suo loco diximus,</Unicode>
                </TextEquiv>
            </TextLine>
            <TextLine id="line_1593817070815_1017" custom="readingOrder {index:19;}">
                <Coords points="188,1390 1569,1425 1772,1419 1773,1365 189,1334"/>
                <Baseline points="198,1379 286,1380 374,1380 463,1382 551,1382 640,1383 728,1383 817,1385 905,1385 994,1386 1082,1387 1170,1388 1259,1389 1347,1391 1436,1393 1524,1395 1613,1398 1701,1400 1761,1402"/>
                <TextEquiv>
                    <Unicode>Sequitur iam quaestio de eo. Quis administret coenam: id est, An aliquis ex ec</Unicode>
                </TextEquiv>
            </TextLine>
            <TextLine id="line_1593817070815_1019" custom="readingOrder {index:20;}">
                <Coords points="103,1459 1771,1471 1772,1430 104,1381"/>
                <Baseline points="114,1434 205,1436 296,1436 387,1437 479,1437 570,1439 661,1439 753,1440 844,1440 935,1442 1027,1443 1118,1443 1209,1445 1300,1447 1392,1449 1483,1451 1574,1453 1666,1456 1757,1459 1760,1459"/>
                <TextEquiv>
                    <Unicode>clesia actioni coenae debeat preesse, &amp; quis : Certe res ipsa flagitat, &amp; iubet natura, </Unicode>
                </TextEquiv>
            </TextLine>
            <TextLine id="r1l24" custom="readingOrder {index:21;}">
                <Coords points="96,1513 1750,1523 1750,1469 1604,1461 96,1457"/>
                <Baseline points="107,1491 188,1491 270,1491 351,1491 433,1491 515,1493 596,1493 678,1494 760,1494 841,1496 923,1497 1005,1499 1086,1500 1168,1502 1250,1503 1331,1505 1413,1506 1495,1506 1576,1508 1658,1509 1740,1511"/>
                <TextEquiv>
                    <Unicode>ut omnia fiant decenter ac iusto ordine: flagitat religio, ut omnia coenae fiant ad</Unicode>
                </TextEquiv>
            </TextLine>
            <TextLine id="r1l26" custom="readingOrder {index:22;}">
                <Coords points="107,1573 1665,1590 1749,1535 107,1511"/>
                <Baseline points="117,1547 198,1548 279,1548 360,1548 441,1548 522,1550 603,1550 684,1551 765,1551 846,1553 928,1554 1009,1555 1090,1556 1171,1557 1252,1559 1333,1560 1414,1562 1495,1563 1576,1563 1657,1565 1739,1566"/>
                <TextEquiv>
                    <Unicode>exemplum Christi. At hic praefuit coenae. Idem ministros ecclesiae instituit, per quos</Unicode>
                </TextEquiv>
            </TextLine>
            <TextLine id="r1l27" custom="readingOrder {index:23;}">
                <Coords points="106,1618 1728,1645 1754,1579 106,1571"/>
                <Baseline points="117,1604 198,1604 279,1604 360,1604 442,1604 523,1605 604,1605 686,1607 767,1607 848,1608 930,1610 1011,1610 1092,1611 1173,1613 1255,1614 1336,1616 1417,1617 1499,1619 1580,1620 1661,1622 1743,1623"/>
                <TextEquiv>
                    <Unicode>uoluit administrari sacramenta. Quemadmodum ergo non quiuis baptizat, sed</Unicode>
                </TextEquiv>
            </TextLine>
            <TextLine id="r1l28" custom="readingOrder {index:24;}">
                <Coords points="103,1684 1746,1703 1747,1637 103,1612"/>
                <Baseline points="114,1659 195,1659 276,1659 357,1659 438,1659 519,1661 600,1661 682,1662 763,1662 844,1664 925,1665 1006,1666 1087,1667 1168,1668 1250,1670 1331,1671 1412,1673 1493,1674 1574,1676 1655,1677 1737,1677"/>
                <TextEquiv>
                    <Unicode>legitimus ecclesiae minister: ita non est cuiusuis instruere sacram coenam, &amp; admi</Unicode>
                </TextEquiv>
            </TextLine>
            <TextLine id="r1l29" custom="readingOrder {index:25;}">
                <Coords points="97,1734 1597,1758 1744,1750 1745,1704 97,1686"/>
                <Baseline points="108,1715 189,1715 270,1715 351,1716 433,1716 514,1716 595,1718 677,1718 758,1719 839,1719 921,1721 1002,1722 1083,1722 1164,1724 1246,1725 1327,1727 1408,1728 1490,1730 1571,1731 1652,1733 1734,1734"/>
                <TextEquiv>
                    <Unicode>nistrare, sed a deo ordinati ministri. lmprobamus autem in praesenti doctrinam Pa¬</Unicode>
                </TextEquiv>
            </TextLine>
            <TextLine id="r1l30" custom="readingOrder {index:26;}">
                <Coords points="104,1790 1740,1806 1703,1745 105,1736"/>
                <Baseline points="114,1772 194,1770 275,1770 356,1770 437,1772 518,1772 598,1772 679,1773 760,1775 841,1775 922,1776 1002,1778 1083,1779 1164,1781 1245,1781 1326,1782 1406,1784 1487,1785 1568,1786 1649,1787 1730,1788"/>
                <TextEquiv>
                    <Unicode>pisticam approbantem Missas priuatas, tradentemque sacerdotem offerre corpus</Unicode>
                </TextEquiv>
            </TextLine>
            <TextLine id="r1l31" custom="readingOrder {index:27;}">
                <Coords points="99,1833 1749,1858 1749,1802 1638,1793 100,1792"/>
                <Baseline points="110,1826 191,1826 272,1826 354,1826 435,1827 517,1827 598,1829 680,1829 761,1830 843,1830 924,1832 1005,1833 1087,1835 1168,1835 1250,1836 1331,1838 1413,1839 1494,1839 1576,1841 1657,1842 1739,1842"/>
                <TextEquiv>
                    <Unicode>&amp; sanguinem domini pro astantibus, &amp; applicare per Missam meritum redem¬</Unicode>
                </TextEquiv>
            </TextLine>
            <TextLine id="r1l32" custom="readingOrder {index:28;}">
                <Coords points="100,1905 1655,1919 1736,1862 101,1850"/>
                <Baseline points="111,1883 191,1883 272,1883 353,1883 433,1883 514,1883 595,1884 675,1884 756,1886 837,1886 918,1887 998,1887 1079,1889 1160,1890 1240,1892 1321,1893 1402,1895 1482,1896 1563,1898 1644,1899 1725,1901"/>
                <TextEquiv>
                    <Unicode>ptionis sacrum hoc deuote contemplantibus. Vt enim nullum extat uerbum do¬ </Unicode>
                </TextEquiv>
            </TextLine>
            <TextLine id="r1l33" custom="readingOrder {index:29;}">
                <Coords points="97,1959 1593,1979 1732,1975 1733,1915 97,1905"/>
                <Baseline points="107,1938 187,1938 268,1938 349,1938 430,1938 510,1938 591,1940 672,1940 753,1941 833,1942 914,1943 995,1944 1076,1946 1156,1947 1237,1947 1318,1949 1399,1950 1479,1952 1560,1953 1641,1955 1722,1955"/>
                <TextEquiv>
                    <Unicode>mini quod sacerdotes sacrificare uel priuatim applicare iubeat coenam pro alijs, </Unicode>
                </TextEquiv>
            </TextLine>
            <TextLine id="r1l34" custom="readingOrder {index:30;}">
                <Coords points="94,2009 1740,2039 1740,1975 1618,1963 95,1959"/>
                <Baseline points="104,1995 185,1994 266,1994 347,1994 429,1994 510,1995 591,1995 673,1997 754,1997 835,1998 917,2000 998,2000 1079,2001 1160,2003 1242,2004 1323,2006 1404,2007 1486,2008 1567,2009 1648,2010 1730,2012"/>
                <TextEquiv>
                    <Unicode>aut quod contemplantibus coenam quicquam promittat, Hoc facite, inquit, edi¬</Unicode>
                </TextEquiv>
            </TextLine>
            <TextLine id="r1l35" custom="readingOrder {index:31;}">
                <Coords points="99,2065 1728,2087 1743,2031 99,2013"/>
                <Baseline points="110,2051 191,2051 272,2049 353,2051 434,2051 515,2051 596,2051 678,2052 759,2053 840,2054 921,2055 1002,2057 1083,2057 1164,2058 1246,2060 1327,2061 1408,2063 1489,2064 1570,2064 1651,2066 1733,2067"/>
                <TextEquiv>
                    <Unicode>te &amp; bibite omnes in mei memoriam, non autem dicit edentes aut bibentes solos</Unicode>
                </TextEquiv>
            </TextLine>
            <TextLine id="r1l36" custom="readingOrder {index:32;}">
                <Coords points="97,2120 1728,2148 1749,2078 97,2065"/>
                <Baseline points="108,2105 189,2105 271,2106 352,2106 434,2106 515,2107 597,2108 678,2108 760,2109 841,2111 923,2111 1005,2112 1086,2114 1168,2114 1249,2115 1331,2117 1412,2118 1494,2120 1575,2121 1657,2123 1739,2124"/>
                <TextEquiv>
                    <Unicode>sacer otes pro uobis, contemplamini: ita corporaliter non adest pani &amp; uino Chri</Unicode>
                </TextEquiv>
            </TextLine>
            <TextLine id="r1l37" custom="readingOrder {index:33;}">
                <Coords points="97,2185 1681,2202 1742,2145 98,2120"/>
                <Baseline points="108,2162 189,2162 270,2162 351,2162 432,2163 513,2163 594,2163 676,2165 757,2165 838,2166 919,2166 1000,2168 1081,2169 1162,2169 1244,2171 1325,2172 1406,2174 1487,2175 1568,2177 1649,2178 1731,2180"/>
                <TextEquiv>
                    <Unicode>stus: animis nostris spiritu suo coniunctus est : nullo cum fructu resideret in pa¬</Unicode>
                </TextEquiv>
            </TextLine>
            <TextLine id="r1l38" custom="readingOrder {index:34;}">
                <Coords points="91,2236 1728,2255 1741,2193 91,2184"/>
                <Baseline points="102,2219 183,2219 264,2219 346,2219 427,2219 509,2220 590,2220 671,2220 753,2222 834,2222 916,2223 997,2225 1078,2225 1160,2226 1241,2228 1323,2228 1404,2229 1485,2231 1567,2232 1648,2234 1730,2235"/>
                <TextEquiv>
                    <Unicode>ne. Et ut adsit maxime, sacrificari tamen non posset, cum quod ipse semetipsum</Unicode>
                </TextEquiv>
            </TextLine>
            <TextLine id="r1l39" custom="readingOrder {index:35;}">
                <Coords points="91,2298 1747,2304 1702,2241 91,2236"/>
                <Baseline points="102,2273 183,2273 265,2274 347,2274 429,2274 510,2276 592,2276 674,2277 756,2277 837,2279 919,2279 1001,2280 1083,2282 1164,2282 1246,2283 1328,2285 1410,2286 1491,2286 1573,2288 1655,2289 1737,2291"/>
                <TextEquiv>
                    <Unicode>semel in cruce obtulit, nec ab ullo homine peccatore deo patri unigenitus &amp; di-</Unicode>
                </TextEquiv>
            </TextLine>
            <TextLine id="r1l40" custom="readingOrder {index:36;}">
                <Coords points="96,2356 1732,2357 1732,2304 1642,2294 97,2300"/>
                <Baseline points="107,2330 187,2330 268,2330 349,2330 429,2330 510,2331 591,2331 671,2333 752,2333 833,2334 914,2334 994,2336 1075,2337 1156,2339 1236,2339 1317,2340 1398,2342 1478,2343 1559,2343 1640,2345 1721,2346"/>
                <TextEquiv>
                    <Unicode>gnissimus dei filius amplius offerri possit: tum quod nihil necesse sit eum offerre</Unicode>
                </TextEquiv>
            </TextLine>
            <TextLine id="line_1593817070818_1021" custom="readingOrder {index:37;}">
                <Coords points="100,2403 1729,2424 1755,2358 101,2356"/>
                <Baseline points="111,2387 198,2387 285,2387 373,2386 460,2387 548,2387 635,2388 723,2388 810,2390 898,2391 985,2393 1072,2394 1160,2396 1247,2396 1335,2397 1422,2397 1510,2399 1597,2397 1685,2397 1745,2396"/>
                <TextEquiv>
                    <Unicode>denuo, Paulo dicente, Christus una pro peccatis oblata uictima perpetuo sedet </Unicode>
                </TextEquiv>
            </TextLine>
            <TextLine id="r1l42" custom="readingOrder {index:38;}">
                <Coords points="101,2451 1737,2463 1675,2415 102,2404"/>
                <Baseline points="111,2441 191,2441 272,2442 353,2442 434,2442 515,2444 595,2444 676,2445 757,2445 838,2447 919,2448 999,2448 1080,2450 1161,2451 1242,2451 1323,2453 1403,2454 1484,2454 1565,2456 1646,2457 1727,2457"/>
                <TextEquiv>
                    <Unicode>ad dexteram dei, id quod superest expectans donec reddantur inimici eius sca¬</Unicode>
                </TextEquiv>
            </TextLine>
            <TextLine id="r1l43" custom="readingOrder {index:39;}">
                <Coords points="91,2509 1735,2529 1681,2470 92,2453"/>
                <Baseline points="102,2498 183,2498 264,2498 345,2499 426,2499 507,2499 588,2501 669,2501 750,2502 831,2502 913,2504 994,2504 1075,2505 1156,2507 1237,2507 1318,2508 1399,2510 1480,2511 1561,2512 1642,2514 1724,2514"/>
                <TextEquiv>
                    <Unicode>bellum pedum eius. Vnica enim oblatione perfectos effecit in perpetuum eos qui</Unicode>
                </TextEquiv>
            </TextLine>
            <TextLine id="r1l44" custom="readingOrder {index:40;}">
                <Coords points="98,2573 1642,2592 1727,2583 1728,2523 99,2511"/>
                <Baseline points="108,2553 188,2553 269,2555 349,2555 430,2555 510,2556 591,2556 671,2558 752,2558 832,2559 913,2559 993,2561 1074,2561 1154,2562 1235,2564 1315,2565 1396,2565 1476,2567 1557,2568 1637,2570 1718,2571"/>
                <TextEquiv>
                    <Unicode>sanctificantur. Et iterum idem, Vbi est plenaria peccatorum remissio, ibi non est</Unicode>
                </TextEquiv>
            </TextLine>
            <TextLine id="r1l45" custom="readingOrder {index:41;}">
                <Coords points="91,2631 1725,2637 1659,2581 92,2571"/>
                <Baseline points="102,2610 182,2610 263,2610 343,2611 424,2612 505,2612 585,2613 666,2613 747,2615 827,2615 908,2616 989,2617 1069,2618 1150,2619 1231,2619 1311,2621 1392,2622 1473,2622 1553,2624 1634,2624 1715,2625"/>
                <TextEquiv>
                    <Unicode>amplius oblatio pro peccato. Atqui plenaria nobis collata est remissio peccato¬</Unicode>
                </TextEquiv>
            </TextLine>
            <TextLine id="r1l46" custom="readingOrder {index:42;}">
                <Coords points="92,2687 1639,2701 1732,2691 1733,2637 93,2631"/>
                <Baseline points="102,2664 187,2666 272,2666 357,2667 442,2668 528,2669 613,2670 698,2670 783,2672 868,2672 954,2673 1039,2673 1124,2675 1209,2675 1294,2676 1380,2678 1465,2678 1550,2679 1635,2681 1721,2682"/>
                <TextEquiv>
                    <Unicode>rum per mortem Christi semel factam. Proinde nullum est amplius sacrificium</Unicode>
                </TextEquiv>
            </TextLine>
            <TextLine id="r1l47" custom="readingOrder {index:43;}">
                <Coords points="90,2747 1618,2762 1727,2755 1728,2697 90,2687"/>
                <Baseline points="101,2721 181,2721 262,2723 343,2724 424,2724 505,2726 586,2726 666,2727 747,2727 828,2727 909,2729 990,2729 1071,2730 1152,2730 1232,2732 1313,2733 1394,2733 1475,2735 1556,2736 1637,2738 1718,2739"/>
                <TextEquiv>
                    <Unicode>ecclesiae pro peccato. Celebrat itaque ecclesia commemorationem sacrificij semel in</Unicode>
                </TextEquiv>
            </TextLine>
            <TextLine id="r1l48" custom="readingOrder {index:44;}">
                <Coords points="91,2788 1488,2820 1720,2804 1721,2763 91,2747"/>
                <Baseline points="102,2777 182,2778 262,2778 343,2779 423,2780 504,2780 584,2781 664,2781 745,2783 825,2783 906,2784 986,2784 1066,2786 1147,2787 1227,2787 1308,2789 1388,2790 1468,2792 1549,2793 1629,2794 1710,2795"/>
                <TextEquiv>
                    <Unicode>cruce peracti: non sacrificat amplius uel cruente uel incruente. Est quidem laus</Unicode>
                </TextEquiv>
            </TextLine>
            <TextLine id="r1l49" custom="readingOrder {index:45;}">
                <Coords points="94,2844 1732,2863 1707,2807 95,2788"/>
                <Baseline points="105,2834 185,2834 266,2835 347,2835 428,2837 509,2837 590,2838 670,2838 751,2840 832,2840 913,2841 994,2841 1075,2843 1156,2843 1236,2844 1317,2844 1398,2846 1479,2847 1560,2849 1641,2850 1722,2852"/>
                <TextEquiv>
                    <Unicode>&amp; gratiarumactio sacrificium domino gratissimum : uerum hoc non offert mini¬</Unicode>
                </TextEquiv>
            </TextLine>
            <TextLine id="r1l50" custom="readingOrder {index:46;}">
                <Coords points="81,2916 1729,2910 1677,2858 81,2848"/>
                <Baseline points="92,2889 173,2891 254,2891 336,2892 417,2894 498,2894 580,2895 661,2895 742,2896 824,2897 905,2897 986,2898 1068,2898 1149,2900 1230,2900 1312,2901 1393,2901 1474,2903 1556,2904 1637,2904 1719,2906"/>
                <TextEquiv>
                    <Unicode>ster pro alijs, sed cum alijs. Nihil ergo hic ministro aliud tribuimus quam ministe¬</Unicode>
                </TextEquiv>
            </TextLine>
            <TextLine id="r1l51" custom="readingOrder {index:47;}">
                <Coords points="94,2968 1744,2985 1720,2909 95,2902"/>
                <Baseline points="105,2948 186,2948 267,2949 349,2951 430,2951 512,2952 593,2952 675,2954 756,2954 838,2954 919,2955 1000,2955 1082,2955 1163,2957 1245,2957 1326,2958 1408,2960 1489,2961 1571,2961 1652,2963 1734,2966"/>
                <TextEquiv>
                    <Unicode>rium, ut in celebratione coenae praeeat precibus recitandis, ac post praelectionem</Unicode>
                </TextEquiv>
            </TextLine>
            <TextEquiv>
                <Unicode>nibus, futurum ut hominum ineptia imperitiaque magno cum scandalo effunda¬
tur in pauimentum. Quasi uero aeterna dei prouidentia non praeuiderit tantum 
scandalum, quod sapientes isti demum in fine saeculi perspiciunt, &amp; quod dei filio 
defuit, sarciunt. Sufficere autem clamitant laicis unam speciem, cum per concomi
tantiam ibi deprehendatur esse sanguis Christi, ubi est corpus Christi. Ita uero se¬
queretur alteram speciem frustra esse institutam. Sed separatim quidem primum 
obtulit dominus panem, deinde uero poculum: neque quicquam eorum quae do¬
minus instituit redundat : prinde utraque species omnibus debet, sic iubente domi
no, fidelibus distribui. Id quod fecisse omnem uetustatem ad tempora ferme usque
Concilij Constantiensis testabuntur, quotquot ueterum scripta perlegerunt. Ex
quibus nonnussi nihil ueriti sunt dicere non sine sacrilegio diuisionem fieri hu¬
ius sacramenti.
Post materiam coenae explicatam solet quaestio texi de forma uel de consecra
tione panis &amp; uini. Sed quoniam de hac dixi in generali sacramentorum conside
ratione, non est quod cum fastidio auditorum eandem rem repetam. Non agno¬
scimus ullam transsubstantiationem ui uerborum &amp; characterum factam, sed pa
nem &amp; uinum in suis substantijs, id quod sunt, manere asserimus, accedere autem 
institutionem, uoluntatem, ac uerbum Christi, &amp; fieri sacramentum, atque sic plu¬
rimum differre a pane &amp; uino prophano, ut suo loco diximus,
Sequitur iam quaestio de eo. Quis administret coenam: id est, An aliquis ex ec
clesia actioni coenae debeat preesse, &amp; quis : Certe res ipsa flagitat, &amp; iubet natura, 
ut omnia fiant decenter ac iusto ordine: flagitat religio, ut omnia coenae fiant ad
exemplum Christi. At hic praefuit coenae. Idem ministros ecclesiae instituit, per quos
uoluit administrari sacramenta. Quemadmodum ergo non quiuis baptizat, sed
legitimus ecclesiae minister: ita non est cuiusuis instruere sacram coenam, &amp; admi
nistrare, sed a deo ordinati ministri. lmprobamus autem in praesenti doctrinam Pa¬
pisticam approbantem Missas priuatas, tradentemque sacerdotem offerre corpus
&amp; sanguinem domini pro astantibus, &amp; applicare per Missam meritum redem¬
ptionis sacrum hoc deuote contemplantibus. Vt enim nullum extat uerbum do¬ 
mini quod sacerdotes sacrificare uel priuatim applicare iubeat coenam pro alijs, 
aut quod contemplantibus coenam quicquam promittat, Hoc facite, inquit, edi¬
te &amp; bibite omnes in mei memoriam, non autem dicit edentes aut bibentes solos
sacer otes pro uobis, contemplamini: ita corporaliter non adest pani &amp; uino Chri
stus: animis nostris spiritu suo coniunctus est : nullo cum fructu resideret in pa¬
ne. Et ut adsit maxime, sacrificari tamen non posset, cum quod ipse semetipsum
semel in cruce obtulit, nec ab ullo homine peccatore deo patri unigenitus &amp; di-
gnissimus dei filius amplius offerri possit: tum quod nihil necesse sit eum offerre
denuo, Paulo dicente, Christus una pro peccatis oblata uictima perpetuo sedet 
ad dexteram dei, id quod superest expectans donec reddantur inimici eius sca¬
bellum pedum eius. Vnica enim oblatione perfectos effecit in perpetuum eos qui
sanctificantur. Et iterum idem, Vbi est plenaria peccatorum remissio, ibi non est
amplius oblatio pro peccato. Atqui plenaria nobis collata est remissio peccato¬
rum per mortem Christi semel factam. Proinde nullum est amplius sacrificium
ecclesiae pro peccato. Celebrat itaque ecclesia commemorationem sacrificij semel in
cruce peracti: non sacrificat amplius uel cruente uel incruente. Est quidem laus
&amp; gratiarumactio sacrificium domino gratissimum : uerum hoc non offert mini¬
ster pro alijs, sed cum alijs. Nihil ergo hic ministro aliud tribuimus quam ministe¬
rium, ut in celebratione coenae praeeat precibus recitandis, ac post praelectionem</Unicode>
            </TextEquiv>
        </TextRegion>
    </Page>
</PcGts>
