2288 3632
505 306 2161 405 lium a morte corporea, demonstraui in sermone de Anima. Quod uero nonnulli
506 379 2158 452 obiiciunt, ueteres meminisse oblationis pro mortuis, nihil ad nos pertinere puta¬
503 427 2163 514 mus, Scripturae enim Canonicae citra contradictionem credimus: patribus non
504 482 2158 573 credimus, nisi quatenus sua nobis approbant scripturis canonicis. Nec ipsi sibi ali
519 539 2155 630 ter credi uoluerunt. Proinde si ueteres sentiunt Coenam esse sacrificium, & hanc
513 610 2167 692 pro refrigerio animarum defunctorum offerendam, non recipimus eorum sen¬
517 650 2154 737 tentiam, utpote non congruam scripturis canonicis, docentibus Coenam a domi¬
514 706 2170 792 no non in hunc finem esse institutam, ergo abusu Coenae deum exasperari magis
511 773 2158 852 quam placari: imo nullum esse opus hominis quantumuis bonum, nedum uerbo
511 822 2160 901 dei aduersum, quod sanctificare possit, cum ea praerogatiua sit solius meriti filij dei:
521 874 2167 967 praeterea animas defunctorum non esse in huiusmodi statu in alio illo saeculo, ut
516 933 2162 1018 iuuari possint aut debeant ullis huius saeculi operibus. Porro si ueteres per obla¬
521 985 2157 1067 tionem intelligunt sacrificium laudis, non repugnamus, quo minus fiant pro mor
516 1043 2167 1123 tuis oblationes, hoc est ut gratiae agantur deo, laudeturque bonitas eius qui uera fi
525 1109 2161 1181 de donatos euocarit ex hoc misero saeculo, coniunxeritque angelorum et omnium
529 1157 2165 1242 beatorum agminibus in aeterna illa omnium gaudiorum patria. At coenam pro¬
541 1214 1635 1298 ter defunctos celebrare, nulla iubet ueritas uel pietas.
602 1266 2170 1346 Ac in Sacrificio uel oblatione distinguimus. Est enim sacrificium expiatorium,
529 1328 2173 1402 est & sacrificium confessionis uel laudis. Expiatorium offertur pro expiandis uel
537 1382 2170 1459 purgandis peccatis, adeoque & pro satisfactione pro peccatis. Id nequit esse sine
523 1442 2178 1521 morte & sanguine: quod apostolus diserte ostendit in 9. cap. ad Hebrae. Tale uero
535 1505 2178 1582 Christi sacrificium est (cui typum praetulere omnia omnium sanctorum ueteris
528 1550 2165 1628 testamenti sacrificia) qui & sacerdos & hostia semel semetipsum deo patri obtulit,
523 1602 2167 1681 dum in cruce passus & profuso sanguine innoxio expirauit. Tale sacrificium ho
523 1658 2175 1739 die Coena non est, sed commemoratio mortis, uel sacrificij semel peracti in cruce.
531 1716 2178 1792 Neque enim Christus iterum sacrificari uel debet uel potest, qui semel oblatus suffi
524 1774 2174 1847 cit expiandis omnibus omnium saeculorum delictis. Quorsum ergo iterum sacri-
532 1825 2167 1905 ficaretur? Neque a quoquam hominum filius dei sacrificari potest, quia ea de causa
531 1879 2170 1961 se metipsum semel deo obtulit, quippe sacerdos in aeternum secundum ordinem
530 1952 830 2022 Melchizedek.
598 1981 2184 2070 Proinuc minister ecclesiae Christi corpus & sanguinem Christi in coena pro ui
528 2066 2167 2133 uentibus in ecclesia non sacrificat: sed cum tota ecclesia commemorationem per¬
524 2105 2174 2190 agit sacrificij in cruce semel peracti. Aquo alibi dixi & Coenam denominari pos¬
524 2158 2176 2242 se sacrificium, eo quod sacrificij semel peracti a Christo sacramentum sit, sicuti &
524 2217 2168 2299 S. Augustinus scriptum reliquit. Confessionis uero sacrificium laudis est & gra¬
528 2272 2176 2348 tiarumactionis, quod nos deo offerimus pro redemptione & beneficijs dei gratis
529 2329 2181 2414 ecclesiae collatis. Hanc cum semper offeramus deo orantes, maxime uero pera¬
535 2383 2179 2474 gentes eucharistiam, uel celebrantes Coenam, Coena a ueteribus appellata est sa¬
535 2449 2170 2517 crificium, eo quod in ipsa gratias deo agamus pro liberatione a morte & pro hae¬
526 2497 2178 2577 reditate donata uitae aeternae. Offerri autem hoc sacrificium deo promiscue ab uni
528 2571 2178 2629 uersali ecclesia coenante, non a solo ministro ecclesiae, pro uiuentibus in ecclesia,
535 2623 851 2710 supra diximus,
615 2664 2167 2744 Cum autem hactenus, quantum necessitati huius caussae seruire uidebatur,
537 2719 2175 2802 & quantum nostra potuit praestare exilitas ac inopia, plerasque Coenae circumstan
532 2775 2182 2854 tias, uel quaestiones de ipsa proponi solitas excusserimus, superest ut & ad finem
533 2836 2170 2921 propter quem Coena domini a domino instituta est (qui locus sane inter praecipuos
522 2905 2173 2966 non temere numeratur) explicandum descendamus. Eum uero in descriptione
523 2957 2181 3038 Coenae ab initio protinus huius sermonis enumerauimus. Dominus enim pane
