2288 3632
486 337 2154 423 & potum fidelibus, ergo modis omnibus & sine ulla contradictione credendum,
495 403 2155 501 ipsum panem naturale domini corpus, uinum sanguinem esse, et haec ipsa mandu
508 473 2161 546 cari & potari oportere non tantum spiritualiter, sed & corporaliter, ad uitam aeter¬
502 529 2170 600 nam. Quod autem Christus corporaliter praesens sit in coena, adeoque panis eius
507 572 2169 652 corpus, uinum sanguis sit, sic probant. Quod dominus dicit, falsum esse non potest,
502 637 2159 708 quia ipse ueritas est. Dicit autem panem esse corpus suum, uinum esse sanguinem
509 689 2158 763 suum: itaque panis & uinum eucharisties sunt uere realiter & essentialiter corpus &
504 746 2157 819 sanguis Christi. Cui quidem ueritati simpliciter credendum aiunt, licet ipsa ratio,
505 795 2163 878 totus mundus, omnes sensus, & ipsa natura rerum reclamet, Respondemus uera
511 856 2166 933 esse omnino quae dixit dominus qui ueritas est: sed eo sensu quo ipse dixit ac intel
510 922 2170 993 lexit, non autem eo sensu quem nos uerbis eius obtrudimus. Indagandum est ergo
511 967 2175 1047 ante omnia quis sit uerus uerborum domini in Coena. Hoc est corpus meum, Hic
518 1028 1109 1101 est sanguis meus, &c. sensus,
600 1071 2169 1151 lsti quidem clamitant uerba domini simpliciter ad literam esse exponenda.
529 1133 2162 1221 Esse enim uerba testamenti: hoc autem non admittere ut uerba eius exponantur
530 1197 2175 1286 per tropum. Nos uero dicimus omnes libros euangelicos & apostolicos recenseri
518 1246 2163 1325 sub titulo testamenti, ergo in omnibus & singulis scripturae locis nihil corrumpen¬
510 1304 2164 1381 dum, nihil adiinciendum, nihil detrahendum, nisi maledictioni dei subiacere libeat.
519 1357 2171 1434 lnterim tamen fateri cogimur, infinitas esse in diuinis scripturis sententias, quas
517 1414 2179 1501 si pergamus simpliciter ad literam exponere, subuertemus cum fide uera scripturam
523 1475 2170 1552 uniuersam, aut mendacij & contradictionis arguere uidebimur. Proferam huius ge¬
513 1522 2173 1618 neris unum & alterum exemplum. Scribit beatus apostolus & euangelista Ioan¬
510 1584 2182 1664 nes, Verbum caro factum est. At si pergamus inhaerere uerbis, dicemus deum mu¬
515 1639 2167 1717 tatum esse in hominem. Sed quia hic sensus fidei & scriptures contrarius est, Deus
509 1696 2173 1785 enim immutabilis est: & Christus deus & homo uerus est, naturis non immixtis aut
511 1748 2173 1837 conuersis, sed in suis proprietatibus permanentibus, admittimus expositonem,
514 1804 2174 1882 quae tradit Verbum assumpsisse carnem, deum factum esse hominem. Et hic qui¬
522 1855 2178 1942 dem sensus non est alienus a scriptura: Paulus enim dicit filium dei nuspiam assum¬
512 1917 2176 2010 psisse angelos, sed semen Abrahae. Proinde uocabulum Est, exponunt orthodoxi
514 1977 2177 2053 cum apostolo per assumpsit. Qua de re pluribus egit beatus Theodoretus in Po¬
529 2029 2183 2117 lymorpho suo, Dialogo 1. Rursus apud eundem Ioannem dicit dominus, Pater
524 2084 2173 2161 maior me est: inaequalitatem adorandae trinitati obtrudemus, si contenderimus uer
520 2140 2182 2229 ba domini absque interpretatione simpliciter esse accipienda. Adhibitis autem lo¬
523 2198 2183 2284 cis alijs, & in consilium aduocata fide, dicimus filium iuxta diuinitatem patri ae¬
521 2267 2178 2328 qualem esse, secundum humanitatem minorem, iuxta illud prophetae apud apo¬
528 2322 2179 2388 stolum quoque usurpatum in hoc argumento, Minuisti eum paulo minus ab an¬
516 2364 2180 2436 gelis. Legimus in euangelio Christum dominum habuisse fratres, & Ioannem apo¬
525 2429 2183 2497 stolum appellari filium Mariae, Mariam matrem Ioannis. Quis autem, nisi Helui¬
530 2481 2182 2557 diana labe infectus, contendit illa exponenda esse ad literam : praesertim cum alij
532 2543 2189 2611 loci scripturae manifeste testentur, fratres appellatos, qui reuera erant patrueles
534 2587 2182 2667 & consobrini, affines uel consanguinei: sed & circumstantia loci apud Ioan. in 19¬
535 2644 2186 2731 cap. euincat Mariam Ioanni ut matrem filio esse commendatam. Si uero ita tumul
526 2703 2176 2783 tuari libet, ut illis hactenus licere experti sumus, clamantibus, & clamando repe¬
523 2763 2178 2834 tentibus. Hoc est corpus meum, Hic est sanguis meus. Hoc est. Hic est, Hoc est,
522 2814 2188 2900 Hic est, Est, Est, Est, repetemus & nos, Verbum caro factum est, factum est, factum
524 2870 2178 2952 est. Pater maior me est, est, est. Christus fratres habet, fratres inquam, fratres habet,
529 2938 2178 3003 Scriptura hoc habet. Veritas sic dicit. Verum quis ex his molestis & odiosis clamori
518 2983 2184 3080 bus & pertinacissimis rixis fructus redibit ad ecclesiam. Quomodo aedificabuntur
