2288 3632
531 286 2172 382 praefiguratione Christi, inquit, Melchizedek summi dei sacerdos uinum & panem
522 340 2170 429 proferens fecerat, ipse quoque ueritatem corporis repraesentaret. Chrysost. Homel¬
540 389 2174 482 in Matth. 83. Si mortuus Iesus non est, inquit, cuius symbolum ac signum hoc sa¬
534 453 2183 538 crificium est? S. Ambrosius in 1. ad Corinth. 55. cap. Quia morte domini liberati su
533 512 2177 597 mus, ait, huius rei memores in edendo & potando, carnem & sanguinem quae pro
542 571 2181 648 nobis oblata sunt significamus. S. Aurel. Augustinus non uno loco in eandem lo
533 626 2180 710 cutionum classem coiicit has locutiones, Sanguis est anima, Petra erat Christus,
540 674 2184 761 & Hoc est corpus meum. Videamus ergo quid dicat de illis locutionibus, ut intel
549 729 2181 814 ligamus quid de uera huius. Hoc est corpus meum, interpretatione iudicemus,
534 788 2178 883 Lib. Quest. 3. in Leuit, quaest. 57. Restat, inquit, ut illud appelletur anima, quod si¬
541 849 2176 941 gnificat animam. Solet autem res quae significat, eius rei nomine, quam significat,
544 910 2174 984 nuncupari. Sicut scriptum est, Septem spicae septem anni sunt. Non enim dixit,
537 954 2181 1040 Septem annos significant. Et septem boues, septem anni sunt, & multa huiusmodi.
539 1018 2175 1099 Hinc est quod dictum est, Petra erat Christus. Non enim dixit, Petra significat Chri-
542 1070 2190 1160 stum, sed tanquam hoc esset, quod utique per substantiam hoc non erat, sed per sig¬
539 1119 2178 1203 nificationem. Sic & sanguis, quoniam propter uitalem quandam corpulentiam an¬
551 1196 2182 1261 mam significat, in sacramentis anima dictus est. Tantum ille. Idem August. contra
538 1241 2193 1321 Adimantum cap. 12. Sic est sanguis anima, quomodo petra erat Christus. Et iterum
547 1291 2179 1385 ibidem, Possum etiam praeceptum illudide sanguine anima pecoris, &c. interpre
550 1343 2187 1436 tari in signo esse positum. Non enim dominus dubitauit dicere, Hoc est corpus
540 1400 2188 1487 meum, cum signum daret corporis sui. Haec ille. Obscura aut dubia esse haec Au¬
557 1459 2188 1554 gustini, ne Choroebus quidem dixerit. Coniungat his qui uult quae idem hic au¬
556 1516 1955 1598 thor clare tradit de figurata locutione lib. 2. contra aduers. legis cap. 9.
627 1579 2191 1658 Sed desinamus humana proferre testimonia de genuina & uetustissima uer¬
546 1631 2187 1708 borum Christi, Hoc est corpus meum, expositone, pergamus potius solida ex scri-
555 1699 2191 1775 pturis, quae & promisimus commemorare argumenta, quibus euincamus receden
550 1747 2198 1818 dum a litera necessario, & uerba Christi ad eum quem diximus modum explican
546 1809 952 1890 da esse per tropum.
628 1839 2194 1930 Principio constat dominum in praesenti instituisse sacramentum : unde mani¬
546 1918 2196 1990 festum est eo modo locutum esse, quo solet scriptura alias in negotio sacramenta¬
563 1957 2189 2049 rio, ut cum dicit Circumcisionem esse foedus domini, Agnum esse transitum domi¬
555 2016 2193 2108 ni, Sacrificia esse & peccata, & sanctificationes, Baptismum esse lauacrum rege¬
558 2079 2193 2156 nerationis. At demonstrauimus huius Decad, Sermone 6. has locutiones omnes
553 2127 2193 2211 admittere expositonem. Admittit ergo & haec locutio, Hoc est corpus meum, Hic
554 2187 2188 2270 est sanguis meus, expositonem, quia sacramentalis est. Admittit autem uulgarem
548 2242 2188 2321 illam, quam certissimum estreceptam & usurpatam esse a catholica ecclesia ab apo¬
552 2303 2202 2381 stolorum temporibus, imo & a patriarcharum saeculo ad nos usque, signa accipere
554 2357 2192 2434 rerum signatarum uocabula uel nomina, ut interim de substantia earum nihil par
558 2420 1516 2497 ticipent, sed in sua natura propria permaneant.
626 2473 2196 2546 Huc accedit quod dominus in euangelio secundum Lucam epulum paschale
556 2519 2189 2606 coniunxit cum coena hac dominica nostra, adeoque & hanc in illius locum substi¬
550 2574 2190 2659 tuit: ut nihil mirum sit si in coena nostra dixerit, Hoc est corpus meum. Nam in epu
553 2636 2185 2712 lo paschali dicitur, Agnus est transitus domini. Quod quidem locutionis genus non
557 2688 2192 2770 erat obscurum apostolis intelligentibus agnum hunc memoraculum esse transitus
547 2745 2190 2829 semel peracti. Ex illa itaque intelligebant panem domini a domino ipsis oblatum corpo
552 2804 2182 2888 ris esse memoraculum. Alioqui enim in rebus multo minoris momenti diligenter
550 2870 2196 2953 percontabantur de genuino uerborum sensu dominum. At in praesenti nihil inter¬
543 2928 2193 3012 rogatunt. Erant enim omnibus sanctis locutiones sacramentales perspectissimae.
