2288 3632
502 293 2152 380 eae sibijpsis sunt lex. Nimirum habent in seipsis quod scriptum est in lege. Sed quo¬
502 371 2153 443 modo habent in seipsis? Sequitur iterum interpretatio, Quippe ostendunt opus
508 416 2155 494 legis inscriptum cordibus suis. Quis autem inscribit in corda, nisi solus deus qui
498 479 2143 539 est cordium scrutator.? Quid autem inscribit: Opus legis, ipsam inquam legem prae
502 530 2151 604 cipientem bona & uetantem mala, ut sine lege scripta ex dictamine naturae, id est
510 593 2161 668 ex impressis a deo naturae notionibus intelligant quid bonum sit, quid malum, quid
501 647 2158 715 appetendum, quid fugiendum. Intelligimus ex hisce apostoli uerbis quod lex na¬
517 716 2160 773 turae, opponatur legi dei scriptae, & iccirco lex naturae dicatur quia ueluti naturae
506 760 2161 824 insita uidetur. Intelligimus legem naturae non scriptam, sed insitam, idem habere
504 817 2157 879 officium quod legem scriptam, dirigendi uidelicet homines & docendi imo & dis-
511 881 2153 944 cernendi bonum a malo, iudicandique peccatum. Intelligimus originem illius legis
502 925 2157 999 non existere ex corrupto hominis ingenio, sed ex ipso deo, qui digito suo cordi¬
503 981 2155 1054 bus inscribit & naturae infigit inseritque notiones & regulam iusti aequi & boni¬
518 1039 2149 1108 Deinde producit apostolus secundum argumentum, quo Gentes peccati conuin
508 1097 2155 1169 cit, a testimonio conscientiae. Haec enim instructa a lege naturae, malum commis
515 1152 2162 1225 sum accusat & damnat: ac una & sola est loco mille testium. Eadem etiam excusat,
509 1198 2164 1279 id est absoluit, si nihil commissum est contra legem. Quod si in praesenti contem,
512 1265 2147 1332 namus iudicium conscientiae, certe non licebit tunc conscientiae accusationes asper
517 1314 2152 1379 nari & praeterire, cum dominus iusto iudicio iudicabit orbem. Ex his autem om-
518 1376 2159 1451 nibus consequitur omnes Gentes esse peccatores, quas nisi a peccatis repurget fi-
524 1431 2155 1501 lius dei communis & unicus totius orbis saluator & liberator, necesse est omnes
510 1483 1136 1557 gentes perire in peccatis suis,
594 1524 2168 1615 Sed redimus iam ad legem naturae, cuius duo potissimum commemorantur
524 1603 2165 1663 capita: Alterum, deum agnoscito & colito: Alterum, societatem & amicitiam in¬
514 1659 2161 1726 ter homines seruato. De priore haec habemus apostoli Christi uerba, Quod de
521 1715 2164 1783 deo cognosci potest manifestum est in illis (nimirum Gentibus) deus enim illis pa
514 1775 2161 1837 tefecit. Siquidem quae sunt inuisibilia illius ex creatione mundi, dum per opera
514 1815 2170 1892 intelliguntur, peruidentur, ipsa nempe aeterna eius potentia & diuinitas, in hoc
520 1884 2155 1947 ut sint inexcusabiles : propterea quod cum deum cognouerint, non ut deum glorifi
512 1937 2163 2010 cauerunt neque grati fuerunt, &c. En Gentes cognouerunt deum, imo quicquid
527 1986 2154 2063 cognosci potest de deo cognouerunt. Sed quo authore aut praeceptore: Deo. Quo¬
510 2049 2155 2114 modo is docuit, aut ex quo libro docuit? Non ex libris Mosis aut prophetarum ma
524 2104 2155 2168 nu scriptis, sed ex magno illo libro naturae. Nam quae alioqui non uidentur in deo,
518 2162 2155 2232 cuius generis sunt aeternitas, perpetuitas, uirtus, potentia, maiestas, bonitas, diui¬
510 2210 2161 2284 nitasque, ea uoluit aestimari ex rebus uisibilibus, nimirum ex rebus conditis. Nam
520 2269 2151 2335 diuinitas dei aeterna cognoscitur ex conditione hominis, ex coeli motu perpetuo.
517 2328 2168 2390 ex fluminum perpetuitate. Potentissimum esse necesse est illum, qui ista omnia su
512 2381 2161 2445 stinet, qui mouet, uegetat, conseruat in esse omnia, qui nutu concutit orbem. Opti
511 2438 2152 2498 mum uero esse illum quis non uideat, qui solem oriri sinit super bonos & malos?
510 2491 2151 2554 Sed in quem oro finem haec reuelat Gentibus? Vt agnoscant deum, glorificent &
523 2561 2161 2623 colant deum, ut grati sint tanto benefactori. Id quando non faciunt, inexcusabi¬
521 2609 2156 2671 les sunt & merito pereunt suo, nimirum propter incredulitatem & ingratitudi¬
515 2658 2148 2730 nem. Constat autem lege naturae diserte doceri atque tradi deum esse, & hunc qui¬
515 2717 1243 2783 dem agnoscendum atque colendum.
598 2769 2157 2844 De capite posteriore, nempe seruandam esse amicitiam & societatem inter ho
498 2828 2151 2902 s mines, haec tradit in euangelio dominus, Omnia quaecunque uolueritis ut faciant
518 2884 2161 2957 uobis homines, sic & uos facite illis. Eam sententiam extulit Alexander Seuerus
523 2940 2155 3022 lmperator per contrarium. Quod tibi non uis fieri, alteri ne feceris. Quam usque
