2288 3632
100 277 1749 375 litatem & mortem crucis, ea re peracta relictis terris ascendit in coelum, & sedet
109 355 1742 429 ad dexteram patris: inde non redibit in has nostras regiones nisi ad iudicium.¬
115 402 1740 487 Tum uero apparebit gloriosus, illustris, omnibus conspicuus ueluti clarissimus
104 451 1747 546 sol, imo ueluti terrificum omnibus impijs fulgur. Proinde non est quod illum ab
99 519 1729 605 ascensione usque ad reditum in iudicium expectemus inuisibiliter aduenturum
100 579 1736 651 & nobiscum tamen corporaliter praesentem futurum. S. Hieronymus hunc ipsum
101 628 1746 713 locum enarrans, Hoc quoque dicendum est, ait, quod secundus saluatoris aduen¬
109 684 1751 773 tus, non in humilitate ut prius, sed in gloria demonstrandussit. Stultum est itaque
98 743 1745 823 eum in paruo loco uel in abscondito quaerere, qui totius mundi lumen sit. Haec
97 793 1738 886 ille. Verum ne uidear humano inniti testimonio, commemorabo quae Paulus
106 848 1767 930 nos docuit in epistola ad Hebraeos. Christus semel, inquit, sub consummationem
106 904 1741 998 saeculorum ad profligationem peccati per immolationem suijpsius apparuit. Et
99 963 1747 1040 quatenus constitutum est hominibus semel mori, post hoc autem iudicium: ita
99 1017 1735 1110 & Christus semel oblatus, ut multorum peccata tolleret, secundo absque peccato
97 1082 1735 1155 conspicietur ijs qui eum expectant in salutem. Quoniam ergo dominus noster
100 1130 1732 1210 semel uenit in mundum, semel oblatus est, iterum autem uel secundo uenturus
104 1199 1744 1267 est in fine saeculi, certe non uenit quotidie iterum in hunc mundum. Et quoniam
105 1249 1735 1328 prohibuit credere, si quis illum nobis in mundo hic & illic praesentem common
98 1308 1738 1376 stret: necessario autem sequeretur ipsum hic & illic, imo in omnibus locis ubi eu
98 1357 1744 1427 charistia celebratur commonstrari posse praesentem, si uerba coenae ad literam
100 1415 1743 1503 intelligamus: ergo irrefragabiliter per collationem locorum consequitur, uerba
98 1480 1289 1545 coenae dominicae non iuxta literam interpretari oportere.
184 1521 1745 1610 His puto satisfactum minime conten: iosis ingenijs. Intelligunt haud dubie
97 1586 1737 1657 de sacramentis loquendum esse sacramentaliter, & locutiones sacramentales sa¬
90 1635 1745 1722 cramentaliter esse exponendas. Praeterea contra credendi regulam nihil opor-
92 1702 1729 1767 tere credi. Miracula uero & omnipotentia dei, quae hic ad ornandam & persua¬
103 1748 1756 1829 dendam caussam malam producuntur, nihil probant post tot & tam euidentia
93 1805 1736 1888 argumenta ueritatis. Miracula adiunguntur uerbo ueluti sigilla. Id quod apud
100 1859 1729 1938 Marcum attestatur ipse dominus. Si ergo illa pugnent cum uerbo, & illud asse¬
94 1912 1730 1989 uerent quod uerbum omnibus modis negat: quis non intelligat de eorum esse
94 1970 1726 2048 miraculorum genere, quo de loquitur apostolus in 2. ad Thessalonicen. 2. cap. &
86 2031 1736 2102 de quo iam audiuimus admonuisse in euangelio dominum, ne eis credamus,
94 2087 1732 2170 Omnia quidem potest dominus, sed ideo non facit omnia. Omnia quaecunque uo
92 2140 1726 2213 luit fecit dominus, ait propheta, in coelo & in terra. Porro non uult uerbo suo &
92 2196 1728 2274 fidei suae contraria facere: ergo ea non potest quae non uult. Theodoretus in Po
95 2251 1731 2319 lymorphi dialogo 3. Dominus deus, inquit, nihil uult eorum, quae non sibi suapte
88 2315 1735 2392 natura insunt. Potest autem quaecunque uult. Vult autem quae sunt suae naturae apta
86 2366 1720 2446 & conuen entia. Natura autem cum uerax sit, deus non potest quae uerbo eius
79 2422 1726 2493 contraueniunt. Addunt alij orthodoxi, Non quod omnia non possit, sed quod
85 2479 1688 2562 id nolit quod contra naturam eius est, neque deceat, ut contra semetipsum agat.
168 2527 1749 2610 lnterim diserte profiteor, me non omnem Christi praesentiam in ecclesia, &
84 2584 1749 2659 in ipsa quoque actione coenae damnare aut oppugnare simpliciter. Oppugno em
84 2642 1749 2720 significanter corporalem illam praesentiam Christi in pane, quam tuentur & ob¬
85 2701 1717 2783 trudunt ecclesiae dei Papistae. Fateor autem ingenue, pleno ore, & corde synce¬
81 2753 1726 2842 ro, spiritualem illam diuinam & uiuificam Christi & in coena & extra coenam
85 2816 1726 2895 domini praesentiam, qua ille se non symbolis quidem inanimis, sed nobis per spi
94 2874 1732 2929 ritum suum insinuare, & nos omnium bonorum suorum participes facere, iu¬
79 2925 1721 3018 stificare, uiuificare, alere, sustentare & satiare pergit: quam & nos per fidem in
