2288 3632
511 260 2187 347 Nam quotquot edunt corpus domini, & bibunt eius sanguinem, non esuriunt
526 328 2190 400 aut sitiunt: manent enim in Christo, & Christus in eis : sunt membra Christi, nec
520 394 2182 471 moriuntur in aeternum. Contraria omnia apparent in luda & omnibus eius so
529 449 2180 523 cijs: ergo increduli non edunt corpus domini, nec bibunt eius sanguinem. Prae¬
538 494 2187 574 terea indubitatum est nullam esse conuentionem inter Christum & Belial. Hoc
536 566 2187 626 enim pronunciauit apostolus ex scripturarum unanimi consensu. ludas autem
532 608 2188 678 ab ipso Christo sathanas appellatur : ergo ludas non communicauit Christo.
535 674 2190 738 Quod si omnino contenderimus ludam ipsum domini corpus manducasse, pro¬
532 721 2181 798 fecto adfrmabimus impie Christi corpus, non modo inutilem, sed & noxium
529 778 2189 862 esse cibum. Caeterum pietas tradit, Christum semperomnibus ipsum uere man¬
534 840 2187 909 ducantibus salutarem esse cibum. Negauit ipse quoque Augustinus ludam ipsum
535 891 2176 965 edisse corpus domini, & bibisse eius sanguinem. Tractatu in Ioan. 59. Apostoli¬
534 957 2178 1017 inquit, manducabant panem dominum, ludas panem domini contra dominum,
537 1001 2176 1080 llli uitam: hic poenam. Item Tractatatu 26. Qui non manet in Christo, & in quo
532 1077 2187 1130 non manet Christus, proculdubio nec manducat spiritualiter carnem eius. nec
535 1130 2192 1192 bibit eius sanguinem : licet carnaliter & uisibiliter premat dentibus sacramen¬
538 1166 2189 1248 tum corporis & sanguinis Christi: sed magis tantae rei sacramentum ad iudi¬
529 1229 2197 1305 cium sibi manducat & bibit, &c. Similia & propemodum clariora tradit lib. de
543 1296 977 1365 Ciuit, dei 21. cap. 25.
607 1342 2178 1410 Opponunt his S. Pauli authoritatem dicentis, indigne manducantes non pa
535 1398 2188 1476 nis manducati aut epoti calicis, sed corporis & sanguinis domini fieri reos: hos
539 1456 2188 1528 item manducare & bibere sibi iudicium, eo quod non dijudicent corpus domini:
545 1512 2194 1586 unde necessario consequi indignos ipsum domini corpus & sanguinem man¬
539 1565 2184 1637 ducare & bibere, non tantum sacramenta corporis & sanguinis Christi, Respon¬
541 1618 2196 1697 demus Paulum disertis uerbis ita loqui, Quisquis ederit panem hunc, & bibe-
540 1689 2186 1752 rit de poculo domini, &c. En qui ederit panem hunc, inquit, & de poculo bi-
542 1733 2178 1801 berit indigne: non autem dicit. Qui ederit carnem & biberit sanguinem indigne¬
541 1791 2188 1864 Nam qui ipsum dominum edunt, non carent fide, ac manet Christus in ipsis, &
547 1852 2185 1917 ipsi in illo. Si autem miraris adhuc quomodo increduli possint rei fieri corporis
549 1914 2196 1980 & sanguinis domini, non nisi facramentaliter manducati, ex alijs hoc scripturae
537 1964 2192 2039 locis discito. Apud Ioannem dicit dominus, Amen amen dico uobis, qui reci¬
551 2011 2192 2081 pit quemcunque misero, me recipit: qui autem me recipit, recipit eum qui me mi-
548 2070 2181 2140 sit. Ergo qui apostolum non recipit, non in apostolum peccat, sed in ipsum deum,
541 2125 2190 2203 licet interim ipsum deum nec uiderit, nec repulisse uideri uelit. Iudex dictu¬
540 2190 2183 2260 rus legitur ad constitutos in sinistra, Discedite a me maledicti in ignem aeter¬
528 2252 2194 2314 num. Esuriui enim & non dedistis mihi cibum. Sitiui & non dedistis mihi po¬
538 2293 2185 2362 tum &c. Verum audi quomodo excepturi sint impij hanc iudicis sententiam.
535 2357 2178 2425 Domine quando uidimus te esurientem, aut sitientem, & non ministrauimus
532 2411 2178 2483 tibi? Sed audi uicissim quid responsurus sit iudex, Amen dico uobis, quatenus
532 2471 2193 2538 non fecistis uni de minimis his, nec mihi fecistis. Sicut ergo in ipsum Christum
534 2536 2197 2600 peccauit, qui peccauit in ministrum, aut mendicum, etsi interim Christi perso¬
534 2580 2189 2647 nam nihil laeserit: ita corporis & sanguinis Christi reus fit, quisquis sacramentum
527 2633 2186 2704 corporis & sanguinis Christi indigne sumpserit, tametsi interim ipsum corpus
538 2691 2192 2755 & sanguinem domini non hauserit. S. Paulus alibi dicit apostatas ab integro rur¬
528 2742 2178 2813 sus sibimetipsis crucifigere filium dei. Atque idem alibi negat modis omnibus,
529 2799 2190 2871 Christum uel crucifigi, uel mori posse. Proinde non potest iterum crucifigi Chri-
528 2855 2182 2938 stus ab apostatis, interim tamen foeda ipsorum defectio sic aestimatur, quasi cru¬
523 2906 2188 3007 cifixissent filium dei. Vtcunque ergo impij non edant ipsum domini corpus, &
