2288 3632
82 282 1746 374 ita ut decet discernere a rebus alijs. Porro corpus domini est non modo spirituale
82 352 1741 414 illud domini corpus ecclesia fidelium, sed ipsum corpus quod dominus assum¬
91 404 1744 476 psit de uirgine, ac pro nobis in redemptionem obtulit, quodque modo considet ad
91 474 1742 542 dexteram patris. Denique panis eucharistiae in coena est ipsum domini corpus,
88 521 1750 584 ueri inquam corporis pro nobis traditi sacramentum. Hunc ergo panem domini
88 569 1746 647 mysticum quisquis non discernit a cibo prophano, sed ad mensam Christi ueluti
82 629 1735 699 cibariam accedit, nec agnoscit hunc cibum diuinum multum ab illo humanc
89 687 1742 762 differre, nec eo modo quo instituit dominus accedit, sed suas rationes sequitur,.
85 736 1730 821 is certe non dijudicat corpus domini, & iudicium sibi manducat & bibit, Paulc
85 796 1740 882 iterum se explicante & dicente, Itaque fratres mei, cum conuenitis ad comeden¬
85 854 1736 927 dum alius alium expectate, ne ad iudicium conueniatis. Proinde qui praeoccu¬
89 914 1742 987 pat coenam publicam sua priuata, hoc est qui non ita coenat ut instituit dominus,
92 970 1741 1027 indigne manducat & bibit. Superius enim iudicium manducare & bibere dicun¬
84 1021 1735 1088 tur indigne manducantes & bibentes : & hic in iudicium conuenire perhiben¬
91 1083 1752 1141 tur, qui non expectatis fratribus festinant: ac ijdem illi non dijudicant corpus do¬
88 1142 1735 1216 mini. S. August. Tract. in Ioan. 62. De his sermo est apostolo, inquit, qui do¬
80 1195 1741 1261 mini corpus uelut alium cibum quemlibet indiscrete negligenterque sumebant. Hic
85 1255 1744 1320 ergo si corripitur qui non dijudicat, id est, non discernit a caeteris cibis dominicum
83 1315 1743 1381 corpus, quomodo non damnaretur (ludas) qui ad eius mensam fingens amicum
86 1360 1741 1422 accessit inimicus? &c. Quanto uero grauius hodie uidentur peccare, qui sub¬
82 1419 1744 1483 uerso domini legitimo & primario usu, abusum suum magna cum contentione
86 1469 1743 1549 stabiliunt, adde & nolentibus reclamantibusque grauem per persecutionem obtrudunt?
137 1524 1749 1590 Praeterea cum reipsa experiamur in diem, fidei nostrae multa deesse, unde ua¬
88 1585 1740 1661 ria inter nos exoriuntur uitia, ex quibus deinde & indignitas nostra, leuissima
85 1644 1742 1711 quidem omnium existit : utpote quam dominus gratia sua facile diluit, ac fere
84 1701 1741 1763 cruce immissa extergit, infirmitates huiusmodi non imputans ad condemnatio¬
86 1755 1743 1832 nem. Alibi enim apostolus pronunciat nihil condemnantionis esse ijs qui insiti
80 1807 1549 1876 sunt Christo Iesu, nec ambulant iuxta carnem, sed sacundum spiritum.¬
167 1850 1752 1935 Nec pari etiam supplicio diuersos hos indignitatis gradus punit iustissimus
87 1907 1752 1987 dominus. Inspiciamus ergo quid nos doceat beatus apostolus de poena & sup¬
88 1973 1731 2050 plicio indigne manducantium, Itaque quisquis ederit panem hunc, inquit, aut bi-
86 2035 1735 2103 berit de poculo domini indigne, reus erit corporis & sanguinis domini. Quae sa
72 2087 1736 2146 ne intelligit de praecipua illa & omnium foedissima incredulitatis indignitate. Ete¬
82 2142 1729 2211 nim reus fit corporis & sanguinis domini, cui culpa imputatur mortis Christi,
78 2198 1735 2269 hoc est, cui mors Christi ad mortem non ad uitam cedit : sicuti & illis cessit qui
73 2256 1735 2320 ipsum corporaliter ex incredulitate impietateque crucifixerunt. His enim sanguis
76 2314 1723 2380 Christi prophanus tanquam pecoris aut latronis sceleratique hominis uisus est,
75 2379 1726 2443 quasi merito propter delicta effusus sit. Et quid obsecro sentit aliud quam pro¬
78 2430 1731 2496 phanum esse sanguinem Christi, qui non credit ipsum pro peccatis mundi esse
79 2488 1734 2554 effusum? Audet tamen hic participare de coena domini, ut merito iam dicatur
77 2536 1724 2613 reus fieri corporis & sanguinis domini. Praegrande peccatum est per increduli¬
82 2591 1725 2653 tatem indigne panem domini edere, & calicem eius potare. Id quod uel ludae
73 2647 1734 2715 exemplo nobis ob oculos statuitur. Non credidit hic in dominum Iesum, imo
72 2713 1727 2779 cogitabat ipsum tradere in manus latronum, nihilo minus accumbebat & parti¬
72 2761 1723 2825 cipabat de mensa domini, merito ergo ipsum sibi totum tandem uendicabat dia¬
78 2815 1747 2887 bolus. Testatur enim Ioannes diabolum sub finem coenae ingressum esse in ludam:
67 2876 1730 2936 non quod priusquam ad coenam uenisset non fuisset in ipsum ingressus: dudum
73 2930 1747 3019 enim ipsum inhabitare ac exagitare coeperat : sed quod post tot Christi domini
