2288 3632
538 282 2178 374 admonitiones, & post prophanata mysteria Christi, adeoque et conculcata, totum
544 362 1509 432 illum sibi usurpasset, ac plenissime possedisset.
627 407 2184 478 Idem apostolus Paulus corpus domini non dijudicantibus ueluti in alio gra
554 466 2185 540 du indignitatis constitutis interminatur iudicium, dicens. Nam qui edit & bi-
547 522 2179 595 bit indigne, iudicium sibi edit & bibit, Rationem autem hac sententia reddit, cur
554 577 2181 657 non temere, nec nisi excussis animis ad mensam domini accedere oporteat: quod
557 630 2173 707 uidelicet ad iudicium accedatur. Est aunt iudicium, poena uel supplicium, quod de
550 695 2182 767 minus suis irrogat fidelibus peccantibus, non in alio quidem mundo, sicut in¬
560 751 2188 826 credulis, sed in hoc saeculo. Sequitur enim in uerbis apostoli, quod eum nobis sup¬
553 799 2184 889 peditat sensum, Propter hoc inter uos multi imbecilles & inualidi, & dormiunt
555 864 2191 939 multi. Etenim si nosipsos dijiudicassemus, haudquaquam iudicati fuissemus. At
556 933 2188 990 cum iudicamur, a domino corripimur, ne cum mundo condemnemur. Distin¬
557 970 2190 1058 guit aperte apostolus inter indigne manducantes ferulae diuinae subditos, & in¬
566 1029 2177 1103 ter mundanos, id est incredulos homines, quibus uidelicet poenam dominus
560 1092 2190 1154 differt in aliud istud saeculum : fidelibus suis, sed tamen ex incuria peccantibus,
571 1157 2185 1212 & non omni parte instructis, ad coenam accedentibus, uarias iniicit calamitates,
557 1194 2188 1268 ut pestes, famem, morbos, & huius generis alia, ad excutiendum ueternum. Se-
568 1252 2191 1335 quitur enim, Si nosipsos diiudicassemus, hoc est, si uitia nostra ipsi cohercuisse¬
560 1314 2182 1391 mus, & nosmet a malis separauissemus, haudquaquam iudicati, id est, supplicijs
565 1370 2191 1438 affecti & correpti fuissemus. Protinus enim subiicit, At cum iudicamur, a domi
552 1424 2194 1487 no corripimur. ludicari ergo est corripi. Discimus autem ex his unde in eccle¬
560 1477 1984 1550 siam exundent uaria mala, nimirum ex indigno coenae dominicae usu.
647 1539 2187 1599 Respondeat autem hic aliquis. Si sic res habeat, tutius fore, ut in uniuersum
565 1600 2195 1663 abstineatur a coena domini. Caeterum si in uniuersum quis abstineat, peccat etiam
565 1645 2185 1724 sic contra dominum, & grauiter quidem. Contemnit enim mandatum dei dicen
554 1715 2192 1772 tis. Hoc facite: imo contemnit & mortem domini & omnia dona dei. Proinde
560 1756 2192 1841 periculum non euasit, qui coenae celebrationem omisit: id quod & superius dixi¬
560 1818 2192 1884 mus. Alia uia ingrediundum erit si cupias & periculum et peccatum uitare. Au
555 1865 2194 1931 di consilium apostoli Pauli miro compendio dicentis, Probet autem homo se¬
558 1921 2188 1997 metipsum, & sic de pane illo edat, & de poculo bibat. Obseruandum autem quod
563 1985 2193 2051 in hac probatione neminem relegat ad alium, sed quemlibet ad semetipsum. Pa¬
566 2032 2182 2128 pistae iubent te confessorem auricularium accedere, confiteri, absolutionem su¬
553 2098 2191 2166 scipere, & ad indictam formam pro peccatis satisfacere. Sic enim abunde pur¬
562 2147 2178 2224 gatum iubent te ad mensam domini accedere. Caeterum Paulus doctor gentium
556 2216 2182 2287 & uas electionis, horum ne uerbo quidem meminit, sed simpliciter, Probet ho¬
560 2270 2180 2334 mo semetipsum, ait, & sic de pane illo edat, & de poculo bibat. Sicut enim deus
559 2317 2187 2389 cordium est scrutator, & animi affectum requirit, hypocrisim odit, ita nemo no¬
548 2388 2182 2448 uit quid sit in corde hominis, aut quales sint erga deum affectus nostri, quam nos¬
557 2431 2185 2498 ipsi: nos ergo metipsos iubet omnia explorare in nobisipsis: hoc est, iubet quem
550 2484 2182 2549 libet in semetipsum descendere, & sese examinare. Examen hoc sine fide & face
553 2545 2191 2610 uerbi dei fieri non potest Praelucente autem luce uerbi dei, & fide uires suas ex-
550 2603 2194 2666 erente, inquirit apud seipsum fidelis, an peccata sua omnia multipliciter contra
552 2656 2194 2721 deum commissa, agnoscat, an propter commissa doleat: an syncera cordis fidu¬
547 2716 2185 2782 cia credat Christum abluisse ac condonasse peccata omnia: an ingenue confitea
546 2777 2186 2836 tur ore, sicut corde credit, non in alio quam in solo Christo esse salutem & ui¬
540 2832 2194 2898 tam: & an apud semetipsum constituerit huic confessioni immori: an ad inno¬
549 2880 2177 2940 centiam & sanctitatem sedulo & serio aspiret: an omnia membra corporis Chri-
545 2937 2193 3026 sti, cuius & ipse membrum est, diligere, iuuare, & pro eis ad exemplum Christi
