2288 3632
87 270 1771 350 sunt linguarum sacrarum praecipue, sermocionalis philosophiae, physices & ma¬
97 351 1771 415 theseos studia: & haec quidem moderata, & ad certum pietatis scopum delineata.
91 395 1773 458 lnuenias enim ingenia quae in artibus & disciplinis consenescant, sacra uero at¬
92 461 1778 528 tingant nunquam. Atque utinam ex prophanis nimium ingurgitatis non etiam
100 510 1761 576 ipsa sacra, ueluti barbara, contemnere discerent impij. Inuenias ingenia alia qua
90 566 1768 651 studijs matheseos ita inhaerescunt, ut meliores agere possint aedificiorum magi¬
97 622 1762 689 stros, quam rectores uel pastores ecclesiarum, imo quae coelo astronomico sic im¬
86 681 1766 754 plicentur, ut uerum coelum sedem beatorum nihil ad se pertinere arbitrentur, sa¬
99 742 1770 799 tis beati futuri, si modo motus illos coeli uisibilis & astrorum cursum uel pun¬
99 793 1770 865 cto attingere possint. Qui autem philosophiae studijs & dialecticorum tricis rhe-
88 850 1761 911 torumque praeceptis plus nimium immorantur, nec finem ullum attingunt, aut
90 908 1766 984 serio cogitant studia sua ad aedificationem ecclesiae conferre, fere disputatores
94 962 1767 1023 rixosi, & censores superbissimi fiunt, quibus nihil proprie, terse & expense sa¬
98 1027 1768 1096 tis dictum aut factum uidetur ab alijs, nisi quod ipsorum capitibus grauidis ad¬
94 1075 1765 1135 modulatum, regulisque praescriptis pilo tenus etiam congruit. Hi fere disputa¬
96 1133 1767 1192 tionibus impexissimis omnia inuoluunt, nihil aliud quam disputationes & rixas.
92 1183 1753 1256 spirant, omnia omnium aliorum etiam bene aut tolerabiliter dicta & facta ar¬
81 1246 1763 1319 rogantissime censent, arrodunt, & maligne cauillantur, philosophastri uerius
93 1304 1756 1363 quam philosophi, imo scholarum & ecclesiarum pestes : ex quibus uenenum
88 1361 1758 1429 altercationum, simultatum, dissidiorum, & scisionum effunditur in ecclesiam.
97 1417 1776 1472 Contra hos uidetur locutus apostolus Paulus ad Timotheum. Nam post com¬
94 1475 1753 1540 pendium sanae doctrinae redditum, subiungit. Haec doce & exhortare. Si quis
89 1535 1765 1597 aliter docet, nec acquiescit sanis sermonibus domini nostri Iesu Christi, & ei
93 1587 1752 1659 quae secundum pietatem est doctrinae, inslatus est, nihil sciens sed languens cir¬
85 1640 1752 1705 ca quaestiones & pugnas uerborum: ex quibus oritur inuidia, contentio, male¬
86 1695 1757 1754 dicentiae, suspiciones malae, superuacuae confictationes, hominum mente cor-
84 1755 1762 1826 ruptorum, & qui ueritate priuati sunt, existimantium quaestum esse pietatem.
90 1799 533 1876 Seiungere a talibus,
146 1851 1773 1919 Equidem feliciter nunquam cessit ecclesiae, quando homines docti & studiosi
85 1914 1773 2000 deserta simplicitate & puritate uerbi dei, alio conuerterunt oculos, neque hos
91 1985 1763 2055 unice in solum uerbum dei collimarunt. Ex ueteribus quidam non contempse¬
78 2035 1768 2093 runt uerbum dei, sed interim plus quam decebat tribuerunt traditionibus. At
94 2093 1749 2161 ea re & erroribus occasionem praebuerunt, & inductos abusus confirmarunt,
85 2143 1751 2222 Ante saecula aliquot Gratianus & Lombardus & alij quidam ex scriptoribus
82 2202 1760 2276 ecclesiasticis, conciliationem dogmatum facere, & certam plenamque theologiam
80 2264 1747 2334 conati sunt colligere. Verum ea re non modo a scripturis abduxerunt scholas,
84 2312 1751 2374 sed & doctrinas peregrinas ecclesiae obtruserunt. Secuti istos Alexander, Ala
75 2368 1755 2431 bertus, & Thomas, qui non modo ipsi a sententijs illis pependerunt, & eas alijs
77 2427 1762 2488 etiam commendarunt, uerum ipsam quoque philosophiam miscere cum theolo¬
82 2483 1749 2552 gia, & in unum ueluti corpus redigere contenderunt. Sed inde nobis tot uiae
80 2545 1753 2612 ac sectae, tot inquam paludes ranis scatentes, tot scholae, tot monasteria, ac sophi¬
78 2591 1751 2654 stae. Proinde si hodie quoque pergamus scripturis sanctis male copulare philo¬
78 2646 1756 2712 sophiam, & illas superstitio se ad disputationes reuocare, ac sub regulas cogere
78 2702 1749 2760 humanas uel artium, corrumpemus & ipsi in scholis, grandi cum ecclesiae dea
72 2764 1754 2837 trimento, synceritatem doctrinae apostolicae. Interim certum est bonas artes uel
74 2815 1747 2884 literas plurimum facere ad perspicuitatem ac euidentiam, sed moderate & cum
79 2879 1757 2948 iudicio religiose adhibitas, ut imperium relinquatur sacris literis, seruiant autem
85 2926 542 3019 omnes artes exoticae.
