2288 3632
468 292 2129 378 randae mysterium. Interim non nescio doctissimos religionis nostrae uiros ex
472 343 2134 426 Gentium testimonijs probare uoluisse Gentes quoque agnouisse Trinitatis myste¬
481 416 2122 486 rium. Posterius est quod non diserte (quantum ego quidem noui) exprimit et do
467 1717 500 1828 t
468 482 1916 544 cet Seneca cum alijs Gentium sapientibus solidam in deum fiduciam.
552 536 2127 600 Porro non fuit apud Romanos ulla in ullis templis imago dei, annis ab urbe
466 574 2132 654 a condita plus minus 170. Plutarchus enim in uita Numae Pompilij scribit. Quae de
479 631 2133 707 deorum immortalium simulachris etiam Numa statuit, quam simillima sunt pror
481 685 2125 773 sus Pythagorae documentis. Nam primum principium ille neque sensui neque per¬
490 742 2131 825 turbationi subiectum, sed mentem inuisibilem & increatam esse censuit. Hic au¬
481 801 2124 876 tem Romanos prohibuit existimare imaginem dei aut hominis speciem aut anima¬
489 861 2128 933 lis habere siguram uel formam. Nec fuit apud eos neque picta neque ficta dei prius spe
487 930 2128 990 cies, sed in prioribus 170. annis templa quidem aedificabant sacraque tuguria erige
489 969 2133 1045 bant, simulachrum uero nullum corporeum faciebant, perinde atque nephas esset
492 1031 2133 1102 deterioribus meliora assimilare, neque aliter quam intelligentia percipi possit
488 1094 2127 1154 deus. Eadem testatur de Romanis M. Varro apud S. Augustinum lib. de Ciuit.
485 1142 2134 1208 Dei 4. cap. 31. Dicit enim Romanos coluisse deos sine simulachris annos 170. &
486 1196 2137 1262 addit,. Quod si adhuc mansisset, castius dij obseruarentur. Nec dubitat eum locum
493 1248 2137 1320 sic concludere ut dicat, Qui primi simulachra populis posuerunt, eos ciuitatibus
491 1306 2127 1380 suis & metum dempsisse & errorem addidisse : prudenter existimans deos facile
493 1360 1493 1445 posse in simulachrorum stoliditate contemni, &c.
583 1416 2134 1499 Quanti uero Gentiles aestimauerint nomen dei, claret ex religione maxima sa
498 1473 2141 1541 cramenti siue iuramenti. Historia extat elegans apud Gellium lib. 7. cap. 18. ubi et
499 1532 2132 1606 illud inter alia legitur, lusiurandum apud Romanos inuiolate sancteque habitum
495 1585 2136 1658 seruatumque est: id & moribus legibusque multis ostenditur. Quod si quis conuitium
490 1638 1971 1724 dixisset in deum apud Gentiles, grauissimae obnoxius poenae reddebatur.
589 1706 2130 1770 Praeterea fuerunt Gentibus sua sacra, suae feriae caeremoniaeque & sacrorum an
499 1753 2138 1827 tistites. Insignes fuerunt Gentium sacerdotes Melchizedek & lethro. Et quan¬
495 1819 2134 1887 quam Paulus fateatur id quod Gentes obtulerunt, non deo obtulisse sed daemo¬
497 1860 2138 1941 nijs: quia tamen sacra & caeremonias sacras magni fecerunt, declarauerunt deum
493 1922 2132 1997 notiones cultus & religionis indere animis hominum, quas deinde corrumpunt
492 1970 1825 2046 falsae doctrinae & opiniones conceptae de deo & sacrorum ritibus,
568 2035 2137 2105 De honorandis parentibus & magistratibus, item de educandis liberis, deque li
477 2084 2131 2162 s berorum officio praecepta & sententiae sunt apud gentium sapientes illustrissimae,
501 2140 2143 2213 Hierocles inter alia, Si quis, inquit, parentes secundos ac terrestres quosdam deos
499 2195 2130 2268 dixerit non errabit, cum nobis propter uicinitatem, si dicere fas est, uel ipsis dijs
502 2261 2143 2326 honorabiliores sint. Necessarium autem est ita existimare, & perpetua animi prom
490 2313 2136 2388 ptitudine conandum ut beneficijs eorum paria faciamus, Quantumuis uero
487 2373 2132 2441 multa in eorum gratiam fecerimus, semper tamen inferiora erunt omnia quam
492 2430 2139 2499 esse deberent. Et reliqua. Tempus enim me citius destituet quam haec & alia huc
491 2474 1653 2557 pertinentia commemorem ex Gentibus: neque hoc institui¬
574 2517 2124 2605 Contra homicidium, uiolentiam & iniurias latae sunt leges grauissimae a Gen¬
492 2608 2129 2660 tibus. Ab ijsdem profecta est lex lulia contra adulteria & nephandos concubitus,
492 2646 2125 2712 Statuerunt egregia decreta de connubijs rite contrahendis & colendis. Ac uer¬
466 2703 2128 2780 7 bum ueritatis diserte indicat Chananaeos esse deletos propter incestas nuptias &
490 2764 2135 2829 nephandas libidines, Leuit. 18. Sed & Lycurgus Solon & Romani contra om-
481 2810 2129 2880 nem luxum promulgauere leges sumptuarias : ut iam non commemorem insitum
496 2871 1366 2939 esse naturaliter gignere & nutrire sobolem,
550 2912 2128 2998 Contra furta & dolos, contra usuram, de iusta rerum acquisitione & posses¬
