2288 3632
68 265 1720 359 uitae tunc occupabant sacra uectigalia, neque culmum impendebant apostolicae
74 338 1720 412 ecclesiae, utpote quam fame extinctam cupiebant. At intelligebant interim pij
76 397 1724 465 & fideles homines ad ecclesiae conseruationem omnino pertinere terrenas facul¬
74 451 1726 515 tates. Homines enim dedit ministros ecclesiae, non angelos : pauperes item lo¬
70 503 1718 573 co sui ecclesiae comendauit. At hi utpote homines uarijs rebus indigent. Con¬
76 561 1724 626 serunt ergo sancti, spiritu sancto exagitati, aedes, pecunias, fundos, aliasque suas
70 617 1721 691 facultates, ut ex his & pauperes, & ministerium sacrum conseruetur. Certissi-
64 669 1717 742 mum est itaque ecclesiam populi noui testamenti ab ipsis Christi & apostolorum
76 727 1714 805 temporibus faculates habuisse collatas e publico, & erogatas esse rursum in u¬
79 788 358 860 sus publicos.
145 843 1730 918 Gregorius eius nominis primus, episcopus Romanus, commemorat suo
82 900 1730 970 tempore, & ante sua tempora moris fuisse, ut ex bonis ecclesiasticis fie¬
74 968 1729 1030 rent portiones quatuor, Vna episcopo & familiae eius: alia clero : tertia pau¬
70 1012 1729 1086 peribus: quarta ecclesijs reparandis. Negant autem non pauci iuste episcopos
76 1068 1712 1136 stipendium accipere ab ecclesia. Videamus ergo quid ea in re nos doceant cum
67 1126 1714 1198 Christo domino apostoli. Christus dominus, qui nihil unquam admisit iniqui,
78 1183 1712 1249 a mulieribus legitur accepisse quae ipsi ministrarunt docenti de facultatibus suis,
80 1236 1712 1312 ldem amandans discipulos & iubens ne soliciti sint de uictu & amictu, subiun¬
69 1300 1730 1365 git. Dignus est enim operarius mercede sua. Dignum aequum & iustum iudi¬
76 1350 1729 1416 cat dominus praedicatoribus suppeditare necessaria. Ergo indigne se non ge¬
79 1403 1729 1476 runt qui accipiunt stipendium, unde parent sibi suisque necessaria: imo compa¬
79 1474 1726 1540 rat praedicatores non ociosis uentribus, non gratis manducantibus panem alie¬
65 1518 1709 1592 num, neque mendicis, sed operarijs. Vt autem in lege testatur dominus ingens
68 1590 1714 1650 esse fagitium negare mercedem operarijs: ita non peccant uulgariter, qui fidos
72 1633 1729 1701 pastores fame contabescere & inedia perire sinunt. Alibi quidem, Gratis acce¬
71 1692 1721 1760 pistis, ait ad discipulos dominus, gratis date. Sed loquitur de dono miraculorum,
73 1741 1715 1815 sanitatisque beneficio infirmis aut morbo laborantibus & oppressis conferendo.
83 1799 1716 1870 lta enim scriptum est, Infirmos sanate, seprosos mundate, mortuos suscitate, dae¬
73 1852 1720 1919 monia eiicite. His demum subiicit, Gratis accepistis, gratis date. Proinde licet
73 1913 1711 1984 apostoli stipendium acceperint ab eis quibus praedicarunt : pro dono tamen sa¬
79 1963 1721 2025 nitatis, in nomine domini collato, nihil unquam accepisse a quoquam leguntur.
68 2021 1715 2094 Sicut ne Heliseus quidem a Naamano Syriae imperatore, ultro magna offerenti
73 2080 1717 2148 dona, uel tantillum accipere sustinuit, quod eius consilio a sepra fuisset munda¬
76 2134 1723 2206 tus. At idem ille donum uiri a Baal salisa uenientis non respuit. Ex eodem Chri-
84 2188 1726 2262 sti domini euangelio discunt ministri ecclesiarum ad quos usus conuertant sti¬
76 2245 1730 2312 pendium ab ecclesia acceptum. Cum enim dominus secedere iussisset ludam,
73 2310 1711 2368 loculos gerentem, existimarunt caeteri discipuli illum accepisse mandatum e¬
72 2357 1718 2429 mendi necessaria diei festo, aut egenis aliquid erogandi. Proinde dominus sti¬
66 2413 1716 2485 pendio accepto usus est ad res sibi suisque necessarias parandas, & ad eleemosy¬
74 2484 1716 2546 nam largiendam. En omnia uitae & muneri suo necessaria possunt ministri ex
67 2529 1721 2606 stipendio ecclesiastico sibi & familiae suae parare. Deinde ex eodem possunt &
70 2586 1714 2660 eleemosynam elargiri pauperibus, uelut de proprijs & iuste partis opibus. Ete¬
77 2645 1707 2707 nim in Lege quoque dominus diserte dicit, sacrificia Leuitarum facta ex decimis
79 2696 1715 2767 & alijs oblationibus uel uectigalibus sacris, tam sibi grata futura, quam eorum est
68 2748 1717 2816 oblatio, qui osserunt aliquid ex propria arca aut ex proprio torculari praedijsue
67 2811 1719 2882 proprijs. Certe si operarius aliquid de mercede sua offerat deo, hoc est largiatur.
79 2863 1715 2941 pauperi, an non gratissima deo uidetur esse oblatio? Gratissima ergo deo fuerit
70 2919 1720 3009 eleemosyna collata a ministro ecclesiae ex stipendio accepto ex sacro ministerio.
