2288 3632
534 289 2205 359 Laborat operarius aliquis in extruendo templo, ac mercedem operis percipit.
536 354 2203 410 ex bonis ecclesiasticis. Quis uero eam ob rem dixerit operarium eleemosynam
539 407 2197 478 accepisse, nec eleemosynam ex eleemosyna conferre posse? Mercedem operis
541 478 2200 539 accepit. Nam laborauit. Ex mercede ergo & iustis proprijsque suis opibus elee¬
547 521 2206 583 mosynam dat. Quare itaque uideatur minister ecclesiae eleemosyna uiuere, & ex
534 578 2202 639 eleemosyna eleemosynam non posse conferre, qui tamen & ipse pro suo stipen¬
550 631 2206 705 dio laborauit, unde & mercedem operis accepit, sicuti operarius, cui ministrum
544 689 2191 763 ipse dominus comparauit? An uero dicet aliquis, ministrum ecclesiae suo fun¬
546 755 2185 817 gentem munere fideliter, nihil laborare? Si quis ea est impudentia adobrutus,
537 801 2193 863 non me, sed Paulum audiat apostolum dicentem, Si nos spiritualia uobis semi-
542 857 2203 926 nauimus, magnum est si nos uestra carnalia messuerimus? Et iterum, Qui be-
543 922 2202 983 ne praesunt presbyteri, duplici honore digni habeantur, maxime ij qui laborant
553 974 2194 1029 in sermone & doctrina. Dicit enim scriptura, Boui trituranti non obligabis os.
538 1029 2206 1094 Et, Dignus est operarius mercede sua. En non arbitratur apostolus bonum mi-
543 1083 2202 1142 nisterij inaestimabile, re uilissima, stipendio inquam terreno, compensari ullo
538 1139 2204 1193 modo posse. Deinde. Qui laborant, inquit: qui laborant inquam : non qui ocian¬
551 1208 2194 1270 tur inquit, in doctrina. Hos & boui laborioso animanti & trituranti quidem
554 1251 2203 1333 confert, denique & operario. Id quod tam diligenter admoneo, quod in maligno
547 1305 2205 1383 & ingratissimo hoc saeculo nostro homines, imo monstra potius ingratitudinis
547 1364 2202 1428 inueniuntur, quibus persuasum est ministros nihil agere, etiam eos qui fideli¬
546 1422 2214 1478 ter suum obeunt munus. Nam clamitant hos gratis suum panem, ueluti mendi¬
547 1474 2200 1536 cos, edere. Quo nomine multa egregia ingenia absterrentur a studijs bonis &
541 1534 2207 1604 sacris, ut plane abhorreant a ministerio, ceu a mendicitate & re inhonestissima¬
553 1586 2198 1649 sta enim nouit sathan res suas conficere, pro regno suo augendo, abutens imo
536 1642 2202 1714 bene sibi utens nostra ingratitudine & malitia. Quare non potius sustinent illi
553 1699 2204 1768 cum Christo & apostolis, qui & ipsi stipendio alti sunt ecclesiastico, numerari,
540 1756 2203 1814 quam inter ingratos & superbos illos recenseri, qui fere usuris & malis artibus
537 1801 2196 1875 suas sibi opes parauerunt, aut si non malis artibus parauerunt, certe ex liberali¬
547 1868 1880 1936 tate & mero dei dono, pro quo nihil laborauerunt, acceperunt?
600 1917 2210 1991 Paulus grauibus & multis argumentis approbat ius accipiendi stipendij ex
550 1982 2216 2044 ministerio sacro. An non, inquit, habemus potestatem edendi & bibendi? an
541 2039 2205 2104 non habemus potestatem sororem mulierem circunducendi? Intelligit autem
549 2094 2200 2160 potestatem accipiendi & pro sua, & pro uxoris, totiusque familiae necessitate. Ac
540 2150 2203 2218 per interrogationem quod uult enunciat, ut sic significet aequitatem confessam
546 2206 2198 2277 apud omnes, imo & exempla adiungit nec quorumlibet, sed omnium, adde &
540 2265 2209 2319 maximorum Christi apostolorum, Christo etiam sanguine coniunctorum, di-
551 2320 2202 2374 cens. Quemadmodum & caeteri apostoli & fratres domini, & Cephas? Quis ille
565 2366 2195 2432 Cephas nisi Petrus? Ad hunc enim Ioan. 1. cap. dicit dominus, Tu uocaberis
546 2420 2195 2500 Cephas, quod sonat, si interpreteris, lapis. Sed & Petrus a petra cognominatus
552 2496 2195 2553 est: ut in idem semper recidat etymon nominis. Qui uero sunt fratres domini,
549 2537 2205 2613 nisi Ioannes & lacobus, Iacobus item ludae, ludas lacobi & Simon? Hos autem
541 2600 2188 2668 omnes dicit Paulus stipendio accepto uixisse ex publicis ecclesiae collationibus,
538 2652 2198 2728 Exemplis his coniungit aliquot similia petita e uulgo, Quis, inquit, militat un¬
547 2703 2190 2793 quam suis stipendijs? Quis plantat uineam, & de fructu eius non edit? Aut quis
537 2768 2203 2833 pascit gregem, & de lacte gregis non edit? Eleganter autem his, & proprijssime
535 2833 2197 2895 quidem his, non alijs utitur similibus. Nam ministri ecclesiarum alibi milites, ui¬
535 2881 2190 2947 nitores uel agricolae & pastores appellantur. Quis uero tam iniquus ut neger
542 2931 2202 3013 militibus, agricolis & pastoribus uictum & amictum ex militia, agricultura &
