2288 3632
525 269 2182 355 ipsos formam exhiberemus uobis ad imitandum nos. Ac idem ad eosdem Thessa
529 355 2188 424 lonicen, Rogo uos, inquit, ut agnoscatis eos qui laborant inter uos, & qui prae¬
531 393 2180 473 sunt uobis in domino, & admonent uos, ut habeatis illos in summo precio, per
524 459 2186 529 charitatem : propter opus illorum pacem habete cum eis. Cedat ergo ex facultati
526 520 2176 590 bus ecclesiae pastoribus quantum satis est, & quantum honesta requirit necessitas,
533 577 1602 634 Haec autem hactenus de portione pastoribus debita.
600 632 2185 690 Clericis olim cedebat secunda pars opum ecclesiasticarum. Sunt autem cleri¬
527 690 2181 749 ci pastorum seges, studiosi theologiae, & ministerio sacro dediti. Quoniam enim
525 732 2173 805 & hi sese & omnia sua in uniuersum ecclesiae & ministerio eius consecrauerunt,
532 806 2174 866 aequissimum est ut ecclesiae sumptibus alantur. Alantur autem frugaliter, qui alijs
532 856 2178 929 debent praeferre frugalitatis exemplum. In delitijs educati, ministerijs ecclesiae mi
538 901 2172 974 nime congruunt. Ideo enim & Amos querebatur uinum propinari nazareis,
532 974 2174 1038 quod intelligeret ebrios ecclesiam non seruare, sed perdere funditus. De qua re
533 1025 2171 1093 alias dictum est. Praeterea aequum est, ut presbyteris, scholarum rectoribus,
532 1088 2183 1151 prosessoribus, & omnibus, singulisque personis ecclesiasticis sua persoluatur por¬
527 1134 715 1206 tio iusta.
604 1173 2182 1250 Porro pauperibus in ecclesia destinata est tertia bonorum ecclesiasticorum por
526 1244 2180 1322 tio. Sunt autem uaria pauperum genera. Sunt uiduae, pupilli, orphani, insantesque
533 1315 2171 1376 exposit. Sunt senio & morbis attriti atque confecti. Morborum autem genera infi¬
522 1352 2166 1426 nita sunt. Grauiora numerantur sepra, furor & mania, poscae Gallicae, uel scabies
534 1413 2172 1479 lndica uel Neapolitana, paralysis, podagra, & multa alia. Sunt & peregrini non
531 1466 2176 1540 tantum indigenae pauperes: sunt exules suis eiecti sedibus propter iustitiam & uer¬
533 1518 2167 1592 bum dei. Sunt alij qui nondum ad imam peruenerunt inopiam, sed in procliui ta
523 1583 2170 1656 men stant, ita ut si non pecunijs numeratis iuuentur mox toti ueniant publicis
529 1637 2173 1704 ecclesiae bonis alendi. Sunt rursus quos captiuitates, bella, aquarum inundatio¬
529 1690 2165 1768 nes, incendia, atque aliae calamitates grandinis, pruinae ac intemperies coeli attriue¬
528 1758 2166 1818 re. Quorum omnium salutem & incolumitatem commendauit nobis dominus
522 1805 2170 1876 deus noster, qui aperte testatur sibijpsi impensum esse quod impenderimus pau¬
531 1872 2169 1933 peribus. Proinde si contempserimus aut neglexerimus pauperes, ipsum deum no
518 1926 2162 1994 strum proculdubio in ipsis spreuimus & negleximus pauperibus. Iuuare autem
526 1984 2164 2042 oportet pauperes beneuolentia spontanea, consilio, consolatione, medicina, cura,
528 2025 2164 2103 pecunia, cibo, potu, uestimentis, hospicio, patrocinio, & quocunque possumus mo
525 2093 2161 2153 do, ac in omnibus ijs rebus in quibus illi nostro auxilio indigent. Si haec non plene
530 2145 2170 2216 sufficere possunt opes ecclesiasticae, sarciat horum inopiam omnium fidelium co¬
528 2193 2176 2269 pia. Si autem opes alioqui sufficientes olim piorum liberalitate collatae in prom¬
537 2247 2173 2317 otu sunt, quae tamen procerum negligentia uel iniquitate, pauperum necessitati
519 2302 2170 2376 subducuntur, inde profecto saeuissimae infelicitatum tempestates effunduntur &
520 2362 2169 2438 in respub. & in regna. Etenim puniuntur grauissime qui priuatim de suo cum
523 2432 2173 2496 possunt, nihil conserunt pauperibus: quanto ergo atrocioribus supplicijs afficien
524 2487 2168 2555 dos existimamus, qui dudum ab alijs ad publicos pauperum usus collatas opes,
518 2530 2168 2607 ad priuatos usus impie & sacrilege rapiunt? Qui habet huius mundi substantiam,
509 2600 2161 2669 et uidet fratrem suum egentem, clauseritque uiscera sua ab eo, crudelis est: ergo qui
508 2657 2158 2723 munus pauperi datum ipse sibi rapit, crudelior adeoque sacrilegus est. Sodomitae
511 2720 2163 2773 cum socijs urbibus subuersi leguntur, quod manum pauperum non confortaue¬
511 2765 2167 2828 runt, sed dissoluerunt potius. Moabitae & Chananaei excinduntur, quod asperna¬
503 2809 2170 2875 ti fuissent peregrinos, & nullam prorsus habuissent pauperum rationem. Sed
508 2875 2169 2941 cur tam longe petita adducimus exempla : cur non reuocamus in animos ultimam
511 2926 2163 3008 illam supremi iudicis e tribunali coelesti, in ipsis firmato nubibus, sententiam, ad
