<?xml version="1.0" encoding="UTF-8" standalone="yes"?>
<PcGts xmlns="http://schema.primaresearch.org/PAGE/gts/pagecontent/2013-07-15" xmlns:xsi="http://www.w3.org/2001/XMLSchema-instance" xsi:schemaLocation="http://schema.primaresearch.org/PAGE/gts/pagecontent/2013-07-15 http://schema.primaresearch.org/PAGE/gts/pagecontent/2013-07-15/pagecontent.xsd">
    <Metadata>
        <Creator>prov=University of Rostock/Institute of Mathematics/CITlab|PLANET AI GmbH/Gundram Leifert/gundram.leifert@planet-ai.de:name=cod-a3V3DV-m3(htr_id=25165)::::v=2.6.6
prov=University of Rostock/Institute of Mathematics/CITlab|PLANET AI GmbH/Tobias Gruening/tobias.gruening@planet-ai.de:name=de.uros.citlab.module.baseline2polygon.B2PSeamMultiOriented:v=2.6.6
prov=University of Rostock/Institute of Mathematics/CITlab|PLANET AI GmbH/Tobias Gruening/tobias.gruening@planet-ai.de:name=/net_tf/LA73_249_0mod360.pb:de.uros.citlab.segmentation.CITlab_LA_ML:v=2.6.6
Transkribus</Creator>
        <Created>2019-12-04T11:29:31.138-05:00</Created>
        <LastChange>2020-07-05T18:37:32.562+02:00</LastChange>
        <TranskribusMetadata docId="284697" pageId="11502319" pageNr="787" tsid="33504721" status="IN_PROGRESS" userId="25065" imgUrl="https://files.transkribus.eu/Get?id=LGMWTTOOUZIWRPPXLSISGQNE&amp;fileType=view" xmlUrl="https://files.transkribus.eu/Get?id=ZJVCGQWDEWYLHQEYLYQGEUIP" imageId="7898804"/>
    </Metadata>
    <Page imageFilename="786.jpg" imageWidth="2288" imageHeight="3632">
        <ReadingOrder>
            <OrderedGroup id="ro_1596925464657" caption="Regions reading order">
                <RegionRefIndexed index="0" regionRef="TextRegion_1593819235870_1965"/>
            </OrderedGroup>
        </ReadingOrder>
        <TextRegion orientation="0.0" id="TextRegion_1593819235870_1965" custom="readingOrder {index:0;}">
            <Coords points="107,249 1771,249 1771,307 1762,1941 1755,3067 107,3067"/>
            <TextLine id="line_1593819235923_1968" custom="readingOrder {index:0;}">
                <Coords points="97,361 1757,385 1780,312 97,292"/>
                <Baseline points="107,350 197,350 287,350 377,350 467,351 557,351 647,351 737,353 827,353 917,354 1007,356 1097,356 1187,357 1277,357 1367,359 1457,360 1547,360 1637,361 1727,362 1770,362"/>
                <TextEquiv>
                    <Unicode>hunc modum pronunciatam, Venite benedicti patris mei, possidete regnum pa¬</Unicode>
                </TextEquiv>
            </TextLine>
            <TextLine id="r1l4" custom="readingOrder {index:1;}">
                <Coords points="109,421 1771,430 1771,382 1653,369 109,371"/>
                <Baseline points="120,407 202,407 284,407 366,407 448,407 530,408 612,408 694,408 776,410 858,410 940,410 1022,411 1104,411 1186,413 1268,414 1350,414 1432,416 1514,416 1596,417 1678,419 1761,419"/>
                <TextEquiv>
                    <Unicode>ratum uobis ab exordio mundi. Esuriui enim, &amp; dedistis mihi edere. Sitiui, &amp; de</Unicode>
                </TextEquiv>
            </TextLine>
            <TextLine id="r1l5" custom="readingOrder {index:2;}">
                <Coords points="102,479 1766,495 1712,426 102,417"/>
                <Baseline points="113,462 195,462 277,462 359,462 441,462 523,464 605,464 687,464 769,465 851,465 934,467 1016,468 1098,468 1180,470 1262,471 1344,471 1426,473 1508,473 1590,474 1672,474 1755,476"/>
                <TextEquiv>
                    <Unicode>distis mihi bibere. Hospes eram, &amp; collegistis me. Nudus, &amp; operuistis me. In¬</Unicode>
                </TextEquiv>
            </TextLine>
            <TextLine id="r1l6" custom="readingOrder {index:3;}">
                <Coords points="104,529 1768,543 1768,497 1646,482 104,477"/>
                <Baseline points="114,518 196,519 278,519 360,519 442,519 525,519 607,521 689,521 771,522 853,522 936,523 1018,524 1100,524 1182,525 1264,527 1347,527 1429,528 1511,528 1593,530 1675,530 1758,531"/>
                <TextEquiv>
                    <Unicode>firmus, &amp; uisitastis me: in carcere eram, &amp; uenistis ad me. Subdit autem euan</Unicode>
                </TextEquiv>
            </TextLine>
            <TextLine id="r1l7" custom="readingOrder {index:4;}">
                <Coords points="103,596 1749,609 1764,551 104,529"/>
                <Baseline points="113,573 195,575 277,575 359,575 441,576 523,576 605,576 687,578 769,578 851,578 933,579 1015,579 1097,579 1179,581 1261,581 1343,582 1425,584 1507,584 1589,585 1671,587 1754,588"/>
                <TextEquiv>
                    <Unicode>gelista, quae mire nostro congruunt instituto. Tunc respondebunt ei iusti, di-</Unicode>
                </TextEquiv>
            </TextLine>
            <TextLine id="r1l8" custom="readingOrder {index:5;}">
                <Coords points="109,637 1704,662 1764,660 1765,604 109,600"/>
                <Baseline points="119,630 200,630 282,630 364,632 446,632 528,632 609,632 691,633 773,633 855,634 937,635 1018,635 1100,636 1182,636 1264,638 1346,639 1427,639 1509,641 1591,642 1673,644 1755,645"/>
                <TextEquiv>
                    <Unicode>centes. Domine, quando te uidimus esurientem, &amp; pauimus : &amp; sitientem, &amp; </Unicode>
                </TextEquiv>
            </TextLine>
            <TextLine id="r1l9" custom="readingOrder {index:6;}">
                <Coords points="109,698 1748,723 1769,665 109,637"/>
                <Baseline points="120,686 201,686 283,687 365,687 447,687 529,689 611,689 693,689 775,690 857,690 939,690 1020,692 1102,692 1184,693 1266,693 1348,695 1430,695 1512,696 1594,698 1676,699 1758,699"/>
                <TextEquiv>
                    <Unicode>dedimus tibi potum? Quando autem uidimus te hospitem, &amp; collegimus te¬</Unicode>
                </TextEquiv>
            </TextLine>
            <TextLine id="r1l10" custom="readingOrder {index:7;}">
                <Coords points="107,752 1771,764 1771,722 1651,705 107,698"/>
                <Baseline points="117,743 199,743 281,744 363,744 445,744 527,746 609,746 692,746 774,746 856,747 938,747 1020,749 1102,749 1184,749 1267,750 1349,750 1431,752 1513,753 1595,753 1677,755 1760,755"/>
                <TextEquiv>
                    <Unicode>aut nudum, &amp; cooperuimus te? Aut quando uidimus te infirmum, aut in car¬</Unicode>
                </TextEquiv>
            </TextLine>
            <TextLine id="r1l11" custom="readingOrder {index:8;}">
                <Coords points="110,808 1770,817 1610,762 110,754"/>
                <Baseline points="120,800 202,800 284,800 366,800 448,800 530,800 612,801 694,801 776,801 858,803 940,803 1022,804 1104,804 1186,806 1268,806 1350,807 1432,809 1514,809 1596,810 1678,812 1760,813"/>
                <TextEquiv>
                    <Unicode>cere, &amp; uenimus ad te? Et respondens rex, dicet illis, Amen dico uobis, quate¬</Unicode>
                </TextEquiv>
            </TextLine>
            <TextLine id="r1l12" custom="readingOrder {index:9;}">
                <Coords points="98,870 1690,890 1762,881 1763,822 99,820"/>
                <Baseline points="110,855 192,855 274,855 356,856 438,857 520,857 602,857 684,858 766,858 848,858 931,860 1013,860 1095,861 1177,861 1259,863 1341,863 1423,864 1505,866 1587,867 1669,869 1752,870"/>
                <TextEquiv>
                    <Unicode>nus fecistis uni ex his fratribus meis minimis, mihi fecistis. Tunc dicet &amp; his qui a</Unicode>
                </TextEquiv>
            </TextLine>
            <TextLine id="r1l13" custom="readingOrder {index:10;}">
                <Coords points="103,924 1696,942 1762,934 1763,882 103,868"/>
                <Baseline points="114,911 195,911 277,912 359,912 441,912 523,912 605,914 687,914 769,914 851,915 933,915 1014,915 1096,917 1178,917 1260,918 1342,919 1424,920 1506,921 1588,923 1670,924 1752,926"/>
                <TextEquiv>
                    <Unicode>sinistris erunt. Discedite a me maledicti in ignem aeternum, qui paratus est diabo</Unicode>
                </TextEquiv>
            </TextLine>
            <TextLine id="r1l14" custom="readingOrder {index:11;}">
                <Coords points="111,979 1764,1005 1733,929 111,920"/>
                <Baseline points="122,969 203,969 285,968 366,968 448,968 530,968 611,969 693,969 774,969 856,971 938,971 1019,972 1101,974 1182,974 1264,975 1346,976 1427,977 1509,978 1590,978 1672,980 1754,980"/>
                <TextEquiv>
                    <Unicode>lo &amp; angelis eius. Esuriui enim &amp; non dedistis mihi cibum. Sitiui, &amp; non dedistis</Unicode>
                </TextEquiv>
            </TextLine>
            <TextLine id="r1l15" custom="readingOrder {index:12;}">
                <Coords points="108,1035 1770,1050 1729,989 109,983"/>
                <Baseline points="119,1025 201,1025 283,1025 365,1025 447,1025 529,1025 611,1025 693,1026 775,1026 857,1028 939,1028 1021,1028 1103,1029 1185,1030 1267,1031 1349,1032 1431,1033 1513,1034 1595,1035 1677,1037 1760,1038"/>
                <TextEquiv>
                    <Unicode>mihi potum. Hospes eram, &amp; non collegistis me. Nudus, &amp; non operuistis me. In</Unicode>
                </TextEquiv>
            </TextLine>
            <TextLine id="r1l16" custom="readingOrder {index:13;}">
                <Coords points="115,1093 1769,1107 1769,1051 1699,1044 116,1035"/>
                <Baseline points="125,1082 206,1080 288,1080 369,1080 451,1080 533,1080 614,1082 696,1082 778,1082 859,1083 941,1083 1023,1085 1104,1085 1186,1086 1268,1087 1349,1088 1431,1089 1513,1091 1594,1092 1676,1092 1758,1094"/>
                <TextEquiv>
                    <Unicode>firmus, &amp; in carcere eram, &amp; non uisitastis me. Tunc respondebunt ei &amp; ipsi di-</Unicode>
                </TextEquiv>
            </TextLine>
            <TextLine id="r1l17" custom="readingOrder {index:14;}">
                <Coords points="113,1151 1771,1163 1711,1102 114,1091"/>
                <Baseline points="123,1137 204,1137 286,1137 368,1137 450,1137 532,1137 614,1137 696,1137 778,1139 860,1139 942,1139 1023,1140 1105,1140 1187,1142 1269,1143 1351,1143 1433,1145 1515,1146 1597,1148 1679,1150 1761,1152"/>
                <TextEquiv>
                    <Unicode>centes, Domine, quando te uidimus esurientem, aut sitientem, aut hospitem, aut </Unicode>
                </TextEquiv>
            </TextLine>
            <TextLine id="r1l18" custom="readingOrder {index:15;}">
                <Coords points="103,1201 1769,1218 1744,1164 1632,1155 103,1155"/>
                <Baseline points="113,1194 195,1194 277,1193 359,1193 442,1193 524,1193 606,1194 688,1194 771,1194 853,1194 935,1196 1017,1196 1100,1197 1182,1197 1264,1199 1346,1200 1429,1201 1511,1202 1593,1203 1675,1205 1758,1208"/>
                <TextEquiv>
                    <Unicode>nudum, aut infirmum, aut in carcere, &amp; non ministrauimus tibi? sunc responde</Unicode>
                </TextEquiv>
            </TextLine>
            <TextLine id="r1l19" custom="readingOrder {index:16;}">
                <Coords points="107,1263 1767,1276 1767,1224 1443,1203 108,1201"/>
                <Baseline points="117,1250 199,1250 281,1250 363,1250 445,1250 527,1250 609,1250 691,1250 773,1250 855,1251 937,1251 1019,1253 1101,1253 1183,1254 1265,1254 1347,1256 1429,1257 1511,1259 1593,1260 1675,1260 1757,1263"/>
                <TextEquiv>
                    <Unicode>bit illis, dicens, Amen dico uobis, quatenus non fecistis uni de minimis his, nec</Unicode>
                </TextEquiv>
            </TextLine>
            <TextLine id="r1l20" custom="readingOrder {index:17;}">
                <Coords points="116,1320 1726,1344 1766,1280 116,1266"/>
                <Baseline points="126,1305 207,1305 288,1305 370,1305 451,1305 533,1305 614,1305 696,1305 777,1307 859,1307 940,1307 1021,1308 1103,1310 1184,1310 1266,1311 1347,1312 1429,1313 1510,1314 1592,1316 1673,1317 1755,1319"/>
                <TextEquiv>
                    <Unicode>mihi fecistis, Sequitur ergo, Et ibunt hi in supplicium aeternum, iusti uero in uitam </Unicode>
                </TextEquiv>
            </TextLine>
            <TextLine id="r1l21" custom="readingOrder {index:18;}">
                <Coords points="109,1370 1769,1386 1751,1325 109,1326"/>
                <Baseline points="119,1362 205,1362 291,1361 377,1361 464,1361 550,1361 636,1361 722,1362 809,1362 895,1362 981,1364 1067,1365 1154,1365 1240,1367 1326,1368 1412,1369 1499,1370 1585,1372 1671,1374 1758,1376"/>
                <TextEquiv>
                    <Unicode>aeternam. Alibi enim in euangelio dominus pauperes sui loco, qui ascensurus e¬</Unicode>
                </TextEquiv>
            </TextLine>
            <TextLine id="line_1593819235927_1970" custom="readingOrder {index:19;}">
                <Coords points="115,1430 1668,1455 1774,1444 1775,1390 115,1374"/>
                <Baseline points="126,1418 216,1418 306,1418 396,1418 486,1418 576,1418 666,1418 756,1418 846,1419 936,1419 1026,1421 1116,1421 1206,1422 1296,1422 1386,1424 1476,1425 1566,1427 1656,1428 1746,1430 1764,1430"/>
                <TextEquiv>
                    <Unicode>rat in coelos, nobis substituens, Semper, inquit, pauperes habetis uobiscum: &amp; quan</Unicode>
                </TextEquiv>
            </TextLine>
            <TextLine id="r1l23" custom="readingOrder {index:20;}">
                <Coords points="112,1486 1732,1502 1766,1446 112,1430"/>
                <Baseline points="123,1475 204,1475 286,1473 367,1473 449,1473 530,1473 612,1473 693,1473 775,1475 856,1475 938,1475 1020,1476 1101,1476 1183,1478 1264,1479 1346,1479 1427,1481 1509,1482 1590,1484 1672,1484 1754,1485"/>
                <TextEquiv>
                    <Unicode>docunque uolueritis, potestis illis benefacere: me uero non semper habetis. Proin¬</Unicode>
                </TextEquiv>
            </TextLine>
            <TextLine id="r1l24" custom="readingOrder {index:21;}">
                <Coords points="109,1540 1763,1550 1751,1492 110,1484"/>
                <Baseline points="119,1530 200,1530 282,1530 363,1530 445,1530 527,1530 608,1530 690,1530 772,1530 853,1530 935,1532 1017,1532 1098,1533 1180,1533 1262,1535 1343,1536 1425,1537 1507,1538 1588,1539 1670,1541 1752,1542"/>
                <TextEquiv>
                    <Unicode>de legimus primitiuam ecclesiam in pauperibus curandis ad miraculum usque fuis¬</Unicode>
                </TextEquiv>
            </TextLine>
            <TextLine id="r1l25" custom="readingOrder {index:22;}">
                <Coords points="108,1594 1722,1626 1764,1560 108,1540"/>
                <Baseline points="119,1587 200,1587 282,1586 363,1586 445,1586 527,1586 608,1586 690,1586 772,1586 853,1586 935,1587 1017,1587 1098,1589 1180,1590 1262,1590 1343,1592 1425,1593 1507,1594 1588,1595 1670,1596 1752,1598"/>
                <TextEquiv>
                    <Unicode>se solicitam. Paulus ecclesiae dei ubique commendat pauperes : pauperibus collegit</Unicode>
                </TextEquiv>
            </TextLine>
            <TextLine id="r1l26" custom="readingOrder {index:23;}">
                <Coords points="116,1657 1764,1634 117,1594"/>
                <Baseline points="126,1641 207,1641 288,1641 370,1641 451,1640 533,1641 614,1641 695,1641 777,1641 858,1643 940,1643 1021,1644 1102,1644 1184,1646 1265,1647 1347,1647 1428,1649 1509,1650 1591,1650 1672,1652 1754,1653"/>
                <TextEquiv>
                    <Unicode>in omnibus fere ecclesijs, &amp; collectam benedictionem mira procurauit maturita¬</Unicode>
                </TextEquiv>
            </TextLine>
            <TextLine id="r1l27" custom="readingOrder {index:24;}">
                <Coords points="114,1715 1764,1725 1764,1671 1658,1662 115,1654"/>
                <Baseline points="125,1700 206,1698 287,1698 369,1697 450,1697 532,1697 613,1697 695,1697 776,1698 858,1698 939,1699 1020,1700 1102,1701 1183,1701 1265,1703 1346,1704 1428,1704 1509,1706 1591,1707 1672,1709 1754,1710"/>
                <TextEquiv>
                    <Unicode>te, fide &amp; diligentia. Id quod uidere licet in omnibus fere eius epistolis, praecipue</Unicode>
                </TextEquiv>
            </TextLine>
            <TextLine id="r1l28" custom="readingOrder {index:25;}">
                <Coords points="108,1761 1759,1792 1759,1727 1608,1709 108,1717"/>
                <Baseline points="119,1755 200,1754 282,1752 363,1752 445,1752 526,1752 608,1752 689,1752 771,1754 852,1754 934,1755 1015,1755 1097,1757 1178,1757 1260,1758 1341,1760 1423,1760 1504,1761 1586,1763 1667,1763 1749,1763"/>
                <TextEquiv>
                    <Unicode>uero in 15. ad Rom. in 1. ad Corinth. 16. in 2. ad Corinth. 8. &amp; 9. cap. Ad Galatas, </Unicode>
                </TextEquiv>
            </TextLine>
            <TextLine id="line_1593819235928_1972" custom="readingOrder {index:26;}">
                <Coords points="106,1833 1772,1837 1772,1774 106,1763"/>
                <Baseline points="117,1809 210,1809 304,1808 397,1808 491,1808 585,1808 678,1809 772,1809 866,1809 959,1811 1053,1811 1146,1812 1240,1814 1334,1814 1427,1815 1521,1817 1615,1818 1708,1818 1762,1819"/>
                <TextEquiv>
                    <Unicode>Dum tempus habemus operemur bonum, inquit, cum erga omnes, tum uero ma</Unicode>
                </TextEquiv>
            </TextLine>
            <TextLine id="line_1593819235929_1974" custom="readingOrder {index:27;}">
                <Coords points="113,1873 1773,1887 1773,1835 1657,1824 113,1827"/>
                <Baseline points="123,1865 212,1865 301,1863 390,1863 479,1863 568,1863 657,1863 746,1865 835,1865 924,1866 1014,1866 1103,1867 1192,1868 1281,1869 1370,1871 1459,1871 1548,1872 1637,1874 1726,1875 1762,1875"/>
                <TextEquiv>
                    <Unicode>xime erga domesticos fidei. In epistola priore ad Timoth. monet etiam rationem </Unicode>
                </TextEquiv>
            </TextLine>
            <TextLine id="r1l31" custom="readingOrder {index:28;}">
                <Coords points="110,1935 1752,1943 1740,1883 111,1877"/>
                <Baseline points="122,1920 203,1919 284,1919 365,1919 446,1919 527,1920 608,1920 689,1920 770,1920 851,1922 932,1922 1013,1923 1094,1923 1175,1925 1256,1925 1337,1926 1418,1926 1499,1928 1580,1929 1661,1929 1742,1931"/>
                <TextEquiv>
                    <Unicode>habendam esse eorum quibus subueniatur, &amp; quibus non subueniatur. In eadem</Unicode>
                </TextEquiv>
            </TextLine>
            <TextLine id="r1l32" custom="readingOrder {index:29;}">
                <Coords points="109,1983 1769,1996 1769,1944 1655,1937 110,1948"/>
                <Baseline points="119,1977 205,1976 291,1976 377,1976 464,1976 550,1976 636,1976 722,1977 809,1977 895,1977 981,1979 1067,1979 1154,1980 1240,1981 1326,1982 1412,1983 1499,1983 1585,1985 1671,1986 1758,1986"/>
                <TextEquiv>
                    <Unicode>epistola praeceptum dat Timotheo, &amp; omnibus episcopis, quid agant cum ditiori</Unicode>
                </TextEquiv>
            </TextLine>
            <TextLine id="r1l33" custom="readingOrder {index:30;}">
                <Coords points="99,2041 1761,2063 1724,1998 99,1979"/>
                <Baseline points="110,2034 192,2033 274,2033 356,2032 438,2031 520,2031 602,2031 684,2031 766,2033 848,2033 930,2034 1012,2034 1094,2036 1176,2036 1258,2037 1340,2037 1422,2039 1504,2040 1586,2040 1668,2042 1751,2043"/>
                <TextEquiv>
                    <Unicode>bus in ecclesia, dicens. His qui diuites sunt in hoc saeculo praecipe. ne elato sint a¬</Unicode>
                </TextEquiv>
            </TextLine>
            <TextLine id="r1l35" custom="readingOrder {index:31;}">
                <Coords points="106,2099 1754,2111 1711,2048 107,2045"/>
                <Baseline points="116,2088 197,2088 278,2088 360,2088 441,2088 522,2088 604,2088 685,2088 766,2088 848,2090 929,2090 1010,2090 1092,2091 1173,2092 1254,2093 1336,2094 1417,2094 1498,2096 1580,2097 1661,2097 1743,2099"/>
                <TextEquiv>
                    <Unicode>nimo, neque spem ponant in diuitijs incertis, sed in deo uiuente, qui praebet nobis</Unicode>
                </TextEquiv>
            </TextLine>
            <TextLine id="r1l36" custom="readingOrder {index:32;}">
                <Coords points="103,2153 1709,2178 1749,2112 104,2106"/>
                <Baseline points="114,2144 195,2144 276,2144 357,2144 439,2144 520,2144 601,2144 682,2145 764,2145 845,2145 926,2145 1007,2147 1089,2147 1170,2148 1251,2148 1332,2150 1414,2150 1495,2151 1576,2151 1657,2153 1739,2154"/>
                <TextEquiv>
                    <Unicode>omnia affatim ad fruendum, ut bene faciant, ut diuites sint operibus bonis, ut fa¬</Unicode>
                </TextEquiv>
            </TextLine>
            <TextLine id="r1l37" custom="readingOrder {index:33;}">
                <Coords points="107,2214 1755,2217 1755,2167 1653,2161 108,2164"/>
                <Baseline points="119,2201 200,2201 281,2201 362,2201 444,2201 525,2201 606,2201 688,2201 769,2201 850,2202 932,2202 1013,2202 1094,2204 1175,2204 1257,2205 1338,2205 1419,2207 1501,2208 1582,2208 1663,2210 1745,2211"/>
                <TextEquiv>
                    <Unicode>ciles sint ad impertiendum, libenter communicantes, recondentes sibijpsis funda</Unicode>
                </TextEquiv>
            </TextLine>
            <TextLine id="line_1593819235930_1976" custom="readingOrder {index:34;}">
                <Coords points="105,2274 1771,2276 1757,2218 105,2214"/>
                <Baseline points="116,2256 204,2256 292,2256 380,2256 469,2256 557,2256 645,2256 733,2258 822,2258 910,2259 998,2259 1086,2261 1175,2261 1263,2261 1351,2262 1439,2262 1528,2264 1616,2264 1704,2264 1760,2264"/>
                <TextEquiv>
                    <Unicode>mentum bonum in posterum, ut apprehendant uitam aeternam. Idem ad Heb. Be</Unicode>
                </TextEquiv>
            </TextLine>
            <TextLine id="r1l39" custom="readingOrder {index:35;}">
                <Coords points="108,2324 1754,2333 1754,2291 1592,2271 109,2274"/>
                <Baseline points="119,2313 200,2313 281,2313 362,2313 443,2313 525,2313 606,2313 687,2313 768,2313 849,2315 931,2315 1012,2315 1093,2316 1174,2316 1255,2316 1337,2318 1418,2318 1499,2319 1580,2319 1661,2321 1743,2321"/>
                <TextEquiv>
                    <Unicode>neficentiae, inquit, &amp; communionis ne obliuiscamini. Talibus enim uictimis pla¬</Unicode>
                </TextEquiv>
            </TextLine>
            <TextLine id="r1l40" custom="readingOrder {index:36;}">
                <Coords points="107,2378 1750,2395 1750,2345 1621,2329 107,2322"/>
                <Baseline points="116,2370 197,2369 278,2369 359,2369 440,2369 521,2369 602,2369 684,2369 765,2370 846,2370 927,2370 1008,2372 1089,2372 1170,2373 1252,2373 1333,2373 1414,2375 1495,2375 1576,2375 1657,2376 1739,2376"/>
                <TextEquiv>
                    <Unicode>cetur deo. Paratae sunt ergo opes mox inde ab apostolorum temporibus pro ne¬</Unicode>
                </TextEquiv>
            </TextLine>
            <TextLine id="r1l42" custom="readingOrder {index:37;}">
                <Coords points="108,2441 1766,2448 1721,2388 109,2378"/>
                <Baseline points="119,2424 200,2424 282,2424 364,2424 446,2424 528,2424 609,2424 691,2424 773,2426 855,2426 937,2427 1018,2427 1100,2429 1182,2429 1264,2429 1346,2430 1427,2430 1509,2430 1591,2432 1673,2432 1755,2432"/>
                <TextEquiv>
                    <Unicode>cessitate pauperum subleuanda. Dati sunt ab ecclesia diaconi curatores seu oeco</Unicode>
                </TextEquiv>
            </TextLine>
            <TextLine id="r1l43" custom="readingOrder {index:38;}">
                <Coords points="105,2493 1750,2501 1721,2440 105,2438"/>
                <Baseline points="116,2481 197,2481 278,2480 359,2480 440,2480 522,2480 603,2480 684,2481 765,2481 846,2481 928,2483 1009,2483 1090,2484 1171,2484 1252,2486 1334,2486 1415,2487 1496,2487 1577,2489 1658,2489 1740,2489"/>
                <TextEquiv>
                    <Unicode>nomi. Inter quos illustriores fuere primi illi diaconi, quorum meminerunt Acta</Unicode>
                </TextEquiv>
            </TextLine>
            <TextLine id="r1l44" custom="readingOrder {index:39;}">
                <Coords points="96,2557 1710,2564 1752,2504 96,2492"/>
                <Baseline points="107,2538 188,2538 270,2537 352,2537 434,2537 515,2537 597,2538 679,2538 761,2538 842,2539 924,2540 1006,2540 1088,2541 1169,2541 1251,2543 1333,2543 1415,2543 1496,2544 1578,2544 1660,2545 1742,2546"/>
                <TextEquiv>
                    <Unicode>apostolorum, &amp; praeclarus Christi martyr Laurentius. Ac ueterum scripta testan</Unicode>
                </TextEquiv>
            </TextLine>
            <TextLine id="r1l45" custom="readingOrder {index:40;}">
                <Coords points="112,2611 1753,2624 1753,2574 1608,2552 112,2559"/>
                <Baseline points="123,2594 204,2594 285,2592 366,2592 447,2592 528,2592 609,2592 690,2594 771,2594 852,2594 933,2595 1014,2596 1095,2597 1176,2598 1257,2598 1338,2600 1419,2600 1500,2600 1581,2601 1662,2601 1743,2601"/>
                <TextEquiv>
                    <Unicode>tur, ex bonis illis ecclesiasticis liberatos fuisse perfrequenter captiuos, nubiles pau</Unicode>
                </TextEquiv>
            </TextLine>
            <TextLine id="r1l46" custom="readingOrder {index:41;}">
                <Coords points="114,2674 1758,2661 1658,2608 115,2609"/>
                <Baseline points="126,2648 207,2648 288,2649 369,2649 450,2649 531,2649 612,2649 693,2651 774,2651 855,2651 937,2652 1018,2652 1099,2653 1180,2654 1261,2654 1342,2655 1423,2655 1504,2655 1585,2657 1666,2657 1748,2658"/>
                <TextEquiv>
                    <Unicode>peres uirgines dotatas, denique extructa esse enodochia, Ptochotrophia, Noso¬</Unicode>
                </TextEquiv>
            </TextLine>
            <TextLine id="r1l47" custom="readingOrder {index:42;}">
                <Coords points="112,2717 1726,2734 1756,2666 112,2671"/>
                <Baseline points="122,2706 203,2706 284,2705 365,2705 446,2705 528,2706 609,2706 690,2706 771,2708 852,2708 934,2708 1015,2709 1096,2709 1177,2711 1258,2711 1340,2711 1421,2712 1502,2712 1583,2712 1664,2712 1746,2712"/>
                <TextEquiv>
                    <Unicode>comia, Gerontocomia, Brephotrophia, &amp; Orphanotrophia, nimirum pro exci¬</Unicode>
                </TextEquiv>
            </TextLine>
            <TextLine id="r1l48" custom="readingOrder {index:43;}">
                <Coords points="105,2784 1751,2786 1751,2728 1649,2719 106,2719"/>
                <Baseline points="116,2760 197,2760 278,2761 359,2762 440,2762 522,2762 603,2763 684,2763 765,2763 846,2763 928,2763 1009,2765 1090,2765 1171,2765 1252,2765 1334,2766 1415,2766 1496,2768 1577,2768 1658,2769 1740,2771"/>
                <TextEquiv>
                    <Unicode>piendis pauperibus peregrinis, pro alendis pauperibus indigenis, pro aegrotan¬</Unicode>
                </TextEquiv>
            </TextLine>
            <TextLine id="r1l49" custom="readingOrder {index:44;}">
                <Coords points="106,2827 1756,2845 1756,2793 1559,2775 107,2784"/>
                <Baseline points="117,2816 198,2817 279,2817 361,2817 442,2819 524,2819 605,2819 686,2819 768,2820 849,2820 931,2820 1012,2822 1093,2822 1175,2822 1256,2822 1338,2823 1419,2823 1500,2825 1582,2825 1663,2825 1745,2826"/>
                <TextEquiv>
                    <Unicode>tium &amp; languentium cura, pro senum necessitate, proque insantium pupillorum et </Unicode>
                </TextEquiv>
            </TextLine>
            <TextLine id="r1l50" custom="readingOrder {index:45;}">
                <Coords points="103,2883 1607,2896 1607,2844 1499,2835 103,2827"/>
                <Baseline points="114,2873 188,2873 262,2873 336,2874 410,2874 484,2874 558,2874 632,2876 706,2876 780,2876 855,2876 929,2877 1003,2877 1077,2877 1151,2879 1225,2879 1299,2879 1373,2879 1447,2880 1521,2880 1596,2880"/>
                <TextEquiv>
                    <Unicode>orphanorum educatione honesta. De his extant adhuc imperatoriae leges.</Unicode>
                </TextEquiv>
            </TextLine>
            <TextLine id="line_1593819235933_1978" custom="readingOrder {index:46;}">
                <Coords points="181,2940 1693,2964 1767,2904 182,2884"/>
                <Baseline points="191,2930 278,2928 366,2928 453,2930 541,2930 628,2930 716,2931 803,2931 891,2931 978,2933 1066,2933 1153,2934 1241,2934 1328,2934 1416,2936 1503,2936 1591,2934 1678,2934 1756,2933"/>
                <TextEquiv>
                    <Unicode>ln reformandis ergo ecclesijs aduigilandum est diligentissime, ne quid hic pec</Unicode>
                </TextEquiv>
            </TextLine>
            <TextLine id="r1l52" custom="readingOrder {index:47;}">
                <Coords points="99,2996 1757,3011 1728,2946 100,2929"/>
                <Baseline points="110,2987 191,2987 273,2988 355,2988 437,2990 519,2990 600,2990 682,2990 764,2991 846,2991 928,2991 1009,2991 1091,2991 1173,2991 1255,2992 1337,2993 1418,2993 1500,2993 1582,2994 1664,2994 1746,2996"/>
                <TextEquiv>
                    <Unicode>cetur negligentia aut malitia, ne fraudentur pauperes, neue abusum unum tollen¬</Unicode>
                </TextEquiv>
            </TextLine>
            <TextEquiv>
                <Unicode>hunc modum pronunciatam, Venite benedicti patris mei, possidete regnum pa¬
ratum uobis ab exordio mundi. Esuriui enim, &amp; dedistis mihi edere. Sitiui, &amp; de
distis mihi bibere. Hospes eram, &amp; collegistis me. Nudus, &amp; operuistis me. In¬
firmus, &amp; uisitastis me: in carcere eram, &amp; uenistis ad me. Subdit autem euan
gelista, quae mire nostro congruunt instituto. Tunc respondebunt ei iusti, di-
centes. Domine, quando te uidimus esurientem, &amp; pauimus : &amp; sitientem, &amp; 
dedimus tibi potum? Quando autem uidimus te hospitem, &amp; collegimus te¬
aut nudum, &amp; cooperuimus te? Aut quando uidimus te infirmum, aut in car¬
cere, &amp; uenimus ad te? Et respondens rex, dicet illis, Amen dico uobis, quate¬
nus fecistis uni ex his fratribus meis minimis, mihi fecistis. Tunc dicet &amp; his qui a
sinistris erunt. Discedite a me maledicti in ignem aeternum, qui paratus est diabo
lo &amp; angelis eius. Esuriui enim &amp; non dedistis mihi cibum. Sitiui, &amp; non dedistis
mihi potum. Hospes eram, &amp; non collegistis me. Nudus, &amp; non operuistis me. In
firmus, &amp; in carcere eram, &amp; non uisitastis me. Tunc respondebunt ei &amp; ipsi di-
centes, Domine, quando te uidimus esurientem, aut sitientem, aut hospitem, aut 
nudum, aut infirmum, aut in carcere, &amp; non ministrauimus tibi? sunc responde
bit illis, dicens, Amen dico uobis, quatenus non fecistis uni de minimis his, nec
mihi fecistis, Sequitur ergo, Et ibunt hi in supplicium aeternum, iusti uero in uitam 
aeternam. Alibi enim in euangelio dominus pauperes sui loco, qui ascensurus e¬
rat in coelos, nobis substituens, Semper, inquit, pauperes habetis uobiscum: &amp; quan
docunque uolueritis, potestis illis benefacere: me uero non semper habetis. Proin¬
de legimus primitiuam ecclesiam in pauperibus curandis ad miraculum usque fuis¬
se solicitam. Paulus ecclesiae dei ubique commendat pauperes : pauperibus collegit
in omnibus fere ecclesijs, &amp; collectam benedictionem mira procurauit maturita¬
te, fide &amp; diligentia. Id quod uidere licet in omnibus fere eius epistolis, praecipue
uero in 15. ad Rom. in 1. ad Corinth. 16. in 2. ad Corinth. 8. &amp; 9. cap. Ad Galatas, 
Dum tempus habemus operemur bonum, inquit, cum erga omnes, tum uero ma
xime erga domesticos fidei. In epistola priore ad Timoth. monet etiam rationem 
habendam esse eorum quibus subueniatur, &amp; quibus non subueniatur. In eadem
epistola praeceptum dat Timotheo, &amp; omnibus episcopis, quid agant cum ditiori
bus in ecclesia, dicens. His qui diuites sunt in hoc saeculo praecipe. ne elato sint a¬
nimo, neque spem ponant in diuitijs incertis, sed in deo uiuente, qui praebet nobis
omnia affatim ad fruendum, ut bene faciant, ut diuites sint operibus bonis, ut fa¬
ciles sint ad impertiendum, libenter communicantes, recondentes sibijpsis funda
mentum bonum in posterum, ut apprehendant uitam aeternam. Idem ad Heb. Be
neficentiae, inquit, &amp; communionis ne obliuiscamini. Talibus enim uictimis pla¬
cetur deo. Paratae sunt ergo opes mox inde ab apostolorum temporibus pro ne¬
cessitate pauperum subleuanda. Dati sunt ab ecclesia diaconi curatores seu oeco
nomi. Inter quos illustriores fuere primi illi diaconi, quorum meminerunt Acta
apostolorum, &amp; praeclarus Christi martyr Laurentius. Ac ueterum scripta testan
tur, ex bonis illis ecclesiasticis liberatos fuisse perfrequenter captiuos, nubiles pau
peres uirgines dotatas, denique extructa esse enodochia, Ptochotrophia, Noso¬
comia, Gerontocomia, Brephotrophia, &amp; Orphanotrophia, nimirum pro exci¬
piendis pauperibus peregrinis, pro alendis pauperibus indigenis, pro aegrotan¬
tium &amp; languentium cura, pro senum necessitate, proque insantium pupillorum et 
orphanorum educatione honesta. De his extant adhuc imperatoriae leges.
ln reformandis ergo ecclesijs aduigilandum est diligentissime, ne quid hic pec
cetur negligentia aut malitia, ne fraudentur pauperes, neue abusum unum tollen¬</Unicode>
            </TextEquiv>
        </TextRegion>
    </Page>
</PcGts>
