2288 3632
494 312 2148 408 maxime. Possumus quidem hominibus facere fucum: deus autem non fallitur.S.
497 391 2149 475 Paulus in 1. ad Corinth. 7. cap. encomium Virginitatis canit, et per comparatio¬
496 450 2151 523 nem uirginis cum nupta ostendit, quantum sit uirginitatis bonum. Caeterum pos
492 495 2142 579 sunt, si uelint, uirgines nubere. Id quod clare docet eodem illo loco apostolus,
503 559 2144 637 Diuino testimonio congruit etiam humanum. Cyprianus enim cum socijs epi¬
504 620 2147 696 scopis & presbyteris respondens Pomponio, dicit, Desideras ut tibi rescribere¬
494 671 2160 752 mus quid nobis de ijs uirginibus uideatur, quae cum semel statum suum conti¬
503 730 2151 809 nenter & firmiter tenere decreuerint, detectae sint postea in eodem lecto pariter
499 786 2152 866 mansisse cum masculis? Circa quam rem quoniam consilium nostrum desiderasti,
498 836 2158 921 scias nos ab euangelicis & apostolicis traditionibus non recedere, quo minus fra
510 895 2150 985 tribus & sororibus nostris constanter & fortiter consulatur, & per omnes utilita
507 954 2154 1032 tis et salutis uias ecclesiastica disciplina seruetur. Et mox. Quod si se ex fide Chri
507 1005 2153 1086 sto dicauerunt, pudice & caste sine ulla fabula perseuerent, ita fortes & stabiles
507 1068 2155 1152 premium uirginitatis expectent. Si autem perseuerare nolunt, uel non possunt,
498 1136 2164 1193 melius est ut nubant, quam in ignem delitijs suis cadant. Et reliqua. S. August. di-
508 1192 2162 1251 sputans de uerbis apostoli, Damnationem habentes quod primam fidem irritam
508 1233 2164 1312 fecerunt, damnationem non in consequens reiicit coniugium, sed in praeceden¬
519 1288 2164 1364 tem inconstantiam. Damnantur, inquit, tales, non quia coniugalem fidem poste
517 1345 2162 1422 rius inierunt, sed quia continentiae primam fidem irritam fecerunt. Et his paulo
512 1397 2166 1489 postaddit, Proinde qui dicunt, talium nuptias non esse nuptias, sed potius adul
514 1456 2157 1533 teria, non mihi uidentur satis acute & diligenter considerare quid dicant. Haec
516 1513 2155 1591 ille. Ego per oeiuae, id est condemnationem uel iudicium, intelligo in apostolo re
511 1572 2165 1659 prehensionem, quam Heluetij uocamus ein aufrioten ooer naoreo. Nam apud
522 1631 2155 1702 multos male audiunt, quod primam fidem, id est continentiae pactum dissuerunt,
520 1691 2155 1764 Satius ergo putat apostolus, iuuenculas se applicare coniugio, quam ei instituto
517 1744 2162 1809 uitae, a quo postmodum resilire per necessitatem non sine reprehensione homi-
518 1799 2161 1865 num compelluntur. Loquitur autem eo loci non de Virginibus, sed de Viduis,
526 1858 1301 1930 Cyprianus simpliciter de Virginibus.
584 1900 2164 1975 Monachos & manachas nesciuit primitiua Christi & apostolorum ecclesia.
539 1962 2158 2032 osteriora saecula monachos habuerunt, sed non tales quales hodie cernuntur,
526 2021 2167 2102 qui sibi ipsis regula sunt & lex, quorum monasteria omni obscoenitate & impu¬
523 2085 2152 2148 ritate scatent. Id quod omnibus nobis tacentibus, ipsa res adeoque experientia l
522 2136 2167 2206 quitur. Et quae uidentur coherceri paulo seueriore disciplina, hypocrisi sunt con
518 2189 2159 2263 spurcata, ut ne quid addam aliud. Et primi quidem monachi non inhabitarunt
516 2248 2171 2315 urbes, non inseruerunt semetipsos saecularibus negotijs. Monuimus alias, quen¬
510 2297 2157 2381 dam ex mediae aetatis scriptoribus postulasse ut clericatu se abdicet qui factus sit
505 2352 2158 2422 abbas, eo quod monachus simul esse & clericus rite nemo queat, cum alterum al
523 2415 2164 2494 teri sit impedimento. Ergo non uixerunt ex publicis ecclesiae uectigalibus, sed
516 2465 2170 2551 propriarum manuum laboribus sicut laici. S. Hieronymus disputans de origine
518 2523 2155 2595 monachorum in uita Pauli, sic reliquit scriptum. Inter multos saepe dubitatum
517 2580 2158 2661 est a quo potissimum monachorum eremus habitari coepta sit. Quidam enim al
510 2645 2165 2713 tius repetentes a beato Helia & Ioanne sumpsere principium: quorum et Helias
512 2691 2157 2778 plus nobis uidetur fuisse, quam monachus: & Ioannes ante prophetare coepisse
513 2756 2171 2827 quam natus est. Alij autem( in quam opinionem uulgus omne consentit) asserunt
514 2817 2155 2882 Antonium huius propositi fuisse caput: quod ex parte uerum est. Non enim tam
506 2861 2161 2929 ipse ante omnes fuit, quam ab eo omnium incitata sunt studia. Amathas uero &
508 2922 2170 2992 Macarius discipuli Antonij, quorum superior magistri corpus sepeliuit, etiam
505 2977 2164 3048 nunc affirmant Paulum quendam Thebaeum principem istius rei fuisse : quod
506 3039 2164 3124 non tam nomine quam opinione nos quoque coprobamus. Idem mox addit Pau
