2288 3632
499 291 2172 407 miraculosum illud sanandi aegrotos beneficium. De eo legimus in euangelio Mar¬
506 368 2155 452 ci, Et egressi discipuli praedicabant ut resipiscerent, & daemonia multa eiiciebant.
517 420 2158 514 & ungebant oleo multos egros & sanabant. Et iterum in eodem, Porro signa eos,
512 490 2161 567 inquit, qui crediderint, baec sequentur, Per nomen meum daemonia eiicient, &c.
504 540 2176 621 Et mox, Super aegros manus imponent, & bene habebunt. Quoniam ergo benefi
510 593 2173 680 cium illud adhuc erat in ecclesia, Iacobus iubet apud aegros usurpare oleum, &
516 654 2171 736 usurpare quidem in nomine domini, sicuti praeceperat dominus. Caeterum cum
509 709 2166 790 illa gratia dudum desierit in ecclesia, & re ipsa experiamur oleum nihil efficere a¬
532 763 2179 856 pud aegrotantes, pro ratione nostri temporis, & pro officio nostro, aegrotantium
516 821 2171 902 morbos, fomentis morbo congruentibus maxime, adhibitis in nomine Christi, Ie
523 887 1174 965 nire & his medicari satagimus,
602 914 2167 1013 Scio quomodo ex hoc apostoli testimonio suam illam extremam unctionem or
515 986 2179 1073 nare contendant papistae: sed laborant frustra. Vt enim non commemorem quod
522 1043 2167 1135 Iacobus nihil loquitur de oleo consecrato: & quod isti hanc medicinam non nisi in
530 1101 2182 1185 extremis admittunt, cum Iacobus iubeat quemlibet inungere aegrotantem: quomo
529 1154 2183 1255 do obsecro ex uerbis S. Ilacobi tuebuntur, quod sacrificus aegrotum rogat, Credis
523 1220 2182 1302 ne quod propter merita & preces sanctorum dominus uelit exaudire preces no¬
532 1269 2169 1352 stras: ac respondente moribundo, Credo, ingerit, Inuocemus ergo deum & sanctos
523 1335 2182 1408 eius. Aut ubi obsecro docuit uel Iacobus, uel alius Christi apostolus, quod ad un¬
535 1380 2170 1462 ctionem illam suam proserunt? In nomine patris & filij et spiritus sancti, ungo te oleo
531 1439 2183 1522 sacrato, ut per hanc unctionem accipias plenam remisionem peccatorum tuorum.
539 1494 2180 1587 Quae oro scriptura docet per unctionem illam consequi nos plenam peccatorum re¬
535 1548 2182 1637 misionem: Fiunt haec manifeste contra primarium religionis nostrae articulum,
536 1630 2181 1691 tradentem per solum Christi sanguinem purgari nos a peccatis omnibus, & ple¬
529 1675 2182 1747 nissime quidem. Huic soli debetur gloria, non oleo aut ulli in toto orbe creaturae.
617 1719 2175 1804 lam & mortuorum corpora non abiicit Christi ecclesia, instar mortui canis
542 1787 2185 1856 Agnoscit enim corpora templa fuisse eius qui inhabitauit sancti spiritus. Agno¬
527 1828 2183 1910 scit corpora sepeliri in resurrectionem & gloriam uitae aeternae. Colligit ergo cor¬
535 1901 2182 1982 pora honestissime, inuoluit panno & adoperit decentissime, impositaque loculis de¬
533 1942 2185 2032 fert solicite in coemeterium uel campum ecclesiasticum, pone necessarijs amicis,
550 2014 2191 2079 uicinis & fratribus consequentibus, ipsumque funus deducentibus. Caeterum dum
530 2052 2195 2142 deponitur funus & telluri mandatur corpus, fiunt preces publicae ab his qui dedu
540 2113 2187 2197 xere funus. Nam gratias agunt domino, quod in uera fide ex hoc saeculo euocauit
548 2160 2191 2244 mortuum, & orant dominum ut ipsos quoque uera fide illuminatos mature ad se trans¬
534 2221 2190 2305 ferat. Praeterea in coetu ecclesiae publico cum honore recitatur demortui fratris, uel
546 2278 2194 2367 de mortuae sororis nomen, omnesque admonentur sortis suae & ut mature se morti
543 2334 2195 2426 praeparent. Atque ad hunc modum legimus in literis sanctis, patres nostros suos condi¬
537 2394 2194 2479 disse mortuos etiam sanctissimos. Nihil autem legimus de canonisatione, de reliquia¬
534 2447 2190 2531 rum ueneratione, de anniuersarijs & oblationibus pro defunctis, in hoc oblatis ut
534 2509 2200 2582 ex poenis purgatorij liberentur. Aliquot nobis in ueteri testamento funera, ut Abra
537 2557 2193 2642 hae, Sare, Isaaci, Iacobi & Iosephi, Aaronis, Maries, losue, Samuelis et Dauidis &c.
533 2620 2191 2694 in nouo testam. Ioan. bapt. & Stephani describuntur, sed frugalia illa omnia, neque
541 2687 2188 2752 quicquam habentia superstitionis. Quod Iosephi ossa elata sunt, mysterio elata sunt,
537 2726 2199 2816 & ut inde colligerent lsraelitae se reponendos in terram promissam. Quo & illud
534 2785 2190 2871 pertinet, quod patriarchae unam in Hebron sepulturam elegerunt. Alioqui enim
535 2846 2194 2919 locus nihil facit ad conciliandam uel meliorem uel peiorem corpori sepulto sor¬
542 2896 2194 2973 tem. ludicandum est enim locum propter sanctorum in ipso sepulta corpora, quo
538 2956 2191 3037 dam modo sanctificari aut certe sanctum appellari: non autem corpora quic¬
535 3018 2186 3111 quam sanctitatis aut salutis ex terra contrahere. Ergo, nisi aliud uideatur diuinae
