2288 3632
126 258 1777 346 Titum, Redarguio illos seueriter, inquit, ut sani sint in fide, non attendentes lu¬
134 344 1775 414 daicis fabulis & praeceptis hominum, auersantium ueritatem. Studio omitto lo¬
122 396 1405 475 cum Pauli ad Coloss. 2. cap. quod is omnibus sit cognitissimus,
196 441 1777 518 Nolo charitati uestrae operosiore & copiosiore expositone molestus esse. Pau
119 521 1769 582 cula enim haec de legibus naturae & humanis, politicis inquam, ecclesiasticis &
116 573 1774 637 mere humanis traditionibus sufficere arbitror diligentibus & fidelibus, qui do¬
127 622 1774 699 mum redeuntes singula apud se diligentius expendunt, lectis etiam scripturarum
121 675 1774 742 locis quos frequenter citamus ac religiose excussis. Dominus concedat nobis om
125 731 1766 808 nibus, ne unquam admonitiones legis naturalis in animis nostris contemnamus,
127 794 1762 860 neue humanis traditionibus implicemur, sed in legibus politicis aequis, & in ec¬
123 842 1770 918 clesiasticis legibus sanctis, legitime ambulantes, seruiamus domino. Cui gloria, ho
120 908 1103 976 nor, & imperium, in saecula saeculorum, Amen
359 1018 1519 1088 De Lege Diuina, ac duobus primis primae tabulae scu Decalogi praeceptis,
726 1082 1163 1154 SERMO. II
333 1177 1777 1250 EX diuina ab ipso domino deo nostro promulgata, quid faciamus aut
334 1240 1761 1305 omittamus praescribit, requirens obedientiam, ac inobsequentibus in¬
344 1301 1765 1364 terminans interitum. Diuiditur in legem Moralem, Caeremonialem, &
289 1355 1761 1411 q ludicialem. Omnium istarum partium diligentissimus scriptor & ex-
121 1419 1776 1481 positor est Moses. Moralis informat mores adeoque uirtutum formas tradit, demon¬
122 1464 1769 1526 strans quantam a nobis deus iustitiam, sanctimoniam, obedientiam, & perfectio¬
122 1521 1777 1593 nem requirat. Caeremoniales leges sunt, quae precipiunt de ritibus sacris seu eccle
118 1574 1773 1639 siasticis, denique de personis & rebus ministrantibus & destinatis sacris. Leges au¬
122 1640 1778 1694 tem ludiciales praecipiunt de rebus ciuilibus seu forensibus, de pace publica, aequi
122 1694 1765 1768 tate & honestate. Et de hi quidem postremis dicetur suo loco. De Morali lege in
120 1748 548 1816 praesenti disseremus,
199 1783 1776 1859 Nemo tamen putauerit nullam ante Mosen fuisse legem, ac a Mose primum
112 1851 1778 1925 proditam. Nam eadem illa Moralis legis capita quae Moses exponit Decalogo, pa
109 1915 1756 1978 tribus ab ipso mundi initio fuerunt cognitissima. Nam unum illum uerum deum
116 1977 1753 2035 coluerunt unice pro deo suo, hunc adorauerunt & inuocauerunt. Idola Syriaca
115 2022 1760 2098 Labani aufert e sua familia Iacob, & defodit in Bethel, subter quercum uel terebin¬
121 2078 1750 2141 thum quae erat prope Sichem. Sacrosancta erat iurisiurandi religio Abrahamo,
106 2142 1753 2202 unde consequens est sanctum & celebre ipsi fuisse nomen domini. Sacra celebra¬
116 2198 1759 2257 runt patres sancti omnes & diligentissime & religiosissime. Cham maledictionem
119 2245 1749 2311 a patre accipit, quod irreuerenter sese gessisset erga patrem. Damnatur propter
124 2306 1763 2372 parricidium Cain. Sanguini parcere iubet Noe. Laudatur Ioseph quod respuit am¬
118 2355 1753 2425 plexus coniugis alienae, nempe uxoris domini sui. Vituperatur Ruben quod in¬
116 2411 1751 2479 cestuoso concubitu polluisset thorum paternum. Irascitur non immerito lacob La¬
106 2468 1759 2535 bano socero, quod ipsum furti suspectum habuisset. Mendaces & falsos testes dam¬
115 2527 1756 2591 nauerunt omnes patres, quemadmodum & cupiditates prauas. Proinde non ca¬
110 2591 1759 2654 ruerunt ipsis Decalogi preceptis patres ab ipso mundi exordio, ad usque Mosis tem
109 2639 1754 2705 pora: interim non habuerunt illa tabulis inscisa aut membranis inscripta. Inscri-
120 2702 1752 2766 pserat quidem illa dominus digito suo in corda ipsorum, eademque excolebat uiua
123 2758 1756 2821 patrum traditio uel doctrina. Eadem tamen est lex utrobique, eadem semper dei uo
115 2818 1748 2876 luntas, quia unus modo deus est, qui non mutatur. Sub Mose primum tamen
116 2862 1757 2926 illa sunt relata authore & scriptore ipso deo in tabulas, & scripta in libros per
109 2910 278 2987 Mosen
