2192 3684
207 324 1877 396 minari, Deum inuocare solum, & colere religiose. Porro cultum Dei constare re¬
213 380 1870 460 bus spiritualibus, fide, spe, charitate, obedientia, iustitia, sanctimonia, innocentia,.
212 449 1878 524 patientia, ueritate, iudicio & pietate. Ideoque accusabant scelera atque peccata, perfi
213 505 1869 571 diam, incredulitatem, desperationem, inobedientiam, impatientiam, mendacium,.
207 544 1879 634 hypocrisim, odia, contumelias, uim, iniurias, iniustitiam, impuritatem, luxum, cra
213 614 1870 688 pulam, stupra, iniquitatem, impietatem. Docebant Deum boni esse remunerato¬
206 671 1877 721 rem, mali autem uindicem ultoremque. Docuerunt animas hominum esse immor
209 721 1877 797 tales, & corpora quoque resurgere in iudicio: ergo hortabantur ita in hac uita tem
212 781 1870 855 porali uiueremus omnes, ne amitteremus aeternam. Haec est summa uerbi Dei re
210 839 1871 902 uelati patribus, & per hos tradita posteritati. Haec est traditio diuina patrum, quae
213 895 1869 964 omnem pietatem comprehendit. Haec est denique fides patrum uera, uetus, indubi
205 947 1869 1025 tata, authentica, orthodoxa & catholica. Ad haec tradiderunt sancti patres liberis
207 999 1861 1088 & posteris suis supputationem annorum ab exordio mundi, certam denique histo¬
202 1057 1852 1132 riam utilem & necessariam rerum a condito mundo ad suam usque aetatem, ne filij
204 1111 1853 1183 ignorarent principium & successionem rerum humanarum, iudicia item Dei &
208 1172 1869 1251 exempla pie pariter & impie uiuentium. Possemus autem haec omnia ex primo li
200 1219 1860 1304 bro Mosis qui Genesis dicitur, clare & ordine pulcherrimo demostrare, nisi pro¬
205 1273 1861 1358 lixe nimis protraheretur sermo. Sed & pauculos adeoque nullos astare arbitror,
202 1338 1860 1409 qui non intelligant me ista de ueterum traditione quasi uerbotim recitasse ex lib.
205 1383 1123 1459 Gen. ut iam liceat in coepta pergere historia.
276 1440 1877 1510 Caeterum quae hactenus ore ac ueluti per manus tradita sunt a patribus mun¬
197 1497 1877 1580 do, primum a beato Mose relata sunt in literas, una cum ijs quae toto uitae Mosis
197 1564 1879 1642 tempore per annos 120. gesta sunt. Atque ut maiorem in toto terrarum orbe & apud
197 1610 1877 1692 omnes homines omnibusque saeculis authoritatem haberet, nemoque ignoraret scri-
202 1668 1862 1754 pta Mosis ipsissimum esse Dei uerbum, ornatur a Deo Moses & ueluti inaugura
193 1736 1861 1805 tur signis & portentis uere stupendis, quae per Mosis manum, hoc est ministerium
198 1782 1855 1848 patrabat omnipotens, & patrabat quidem non in angulo aliquo mundi, aut in loco
197 1848 1857 1924 obscuro, sed in eius aetatis florentissimo famosissimoque Aegyptiaco regno. Mira¬
196 1892 1851 1958 cula illa maiora & plura sunt quam hic paucis recensere liceat: neque uero illa repe¬
189 1952 1848 2008 tere necesse est, cum eorum charitas uestra non sit omnino rudis & ignara. Dein¬
195 2002 1848 2080 de conciliauit Mosi authoritatem Deus etiam alijs modis. Frequentissima enim
194 2060 1849 2124 cum Mose habuit colloquia Deus: ac inter alia, Ecce ueniam ad te, ait, in densa nu¬
187 2109 1844 2195 be ut audiat me populus tecum loquentem, & credat tibi in perpetuum. Nec his
185 2174 1853 2254 contentus dominus, iubet Mosen in concionem euocare totum populum, sexcente
190 2234 1853 2294 na inquam uirorum milia, una cum uxoribus & liberis. Euocati sunt ad montem
189 2282 1848 2356 Sina, in hoc apparet Deus mirifica ac terribili specie, ac ipse concionatur ad eccle
190 2338 1849 2404 siam, recitans ipsis decem praecepta. Populus uero territus diuina maiestate de¬
192 2390 1845 2476 precatur ac poscit, ne dominus ipse porro pergat ore proprio concionari ecclesies.
188 2456 1847 2512 satis esse si Mose utatur ad ipsos interprete, ac per ipsum ecclesiae loquatur, Rece¬
182 2514 1841 2572 pit conditionem altissimus, ac porro per Mosen populo locutus est quod uoluit.
253 2561 1844 2642 Et quoniam populus ille erat durae ceruicis populus, in Aegypto quoque ex
186 2618 1837 2699 consortio idololatrarum non uulgariter corruptus, coepit iam quoque literis com¬
181 2678 1836 2742 mittere Moses quae tradiderant sancti patres, quae item ipsi iam reuelauerat do¬
186 2741 1843 2790 minus. Ea ideo in literas retulit ne apud segnem populum obliuione & temporum
178 2790 1841 2850 diuturnitate & improbitate uel interirent uel corrumperentur. Praeit autem Mosi
188 2834 1833 2909 dominus suo exemplo. Nam quae recitauerat Deus apud ecclesiam in monte Sina,
181 2913 1830 2976 eadem mox digito suo inscribit tabulis lapideis duabus, qui eadem ab exordio
173 2958 1838 3040 mundi digito suo inscripserat cordibus patrum. Deinde Mosi quoque diserte prae¬
