2288 3632
139 298 1786 384 igitur soluerit unum ex mandatis illis minimis, & docuerit sic homines, minimus
134 366 1783 447 uocabitur in regno coelorum. Idem rursus in quaestionibus ueteris & noui testa¬
133 426 1793 507 menti lib. 5. cap. 7. ponit primae tabulae praecepta 4. secundae sex. Nec multum ab
139 480 1059 546 ea sententia abludit lib. 3. ad Bonifacium, &c.
208 526 1793 614 Diuisit autem dominus praecepta illa sua in duos ordines uel in duas tabulas,
139 588 1772 675 propter rerum quae tractantur differentiam. Prima enim tabula pertinet ad deum,
141 652 1792 719 secunda ad homines. Prima docet quid de deo & cultu eius sentiamus, id est tra¬
145 693 1782 780 dit pietatem, quomodo uidelicet pie uiuamus, Secunda docet quid debeamus
135 760 1773 846 proximo, id est tradit humanitatem, quomodo uidelicet tranquille humaniterque
139 821 1780 876 uiuamus. In his autem continentur omnia officia uitae, ut nihil omnino dici pos¬
139 861 1777 955 sit ab ullis totius mundi sapientibus de pietate & humanitate, quod non compre
129 913 607 994 hendatur in Decalogo.
212 976 1794 1075 PRIMVM Decalogi praeceptum hisce uerbis pronunciauit ipse dominus,
126 1044 1792 1123 EGO DOMINVS DEVS TVVS, QVI EDVXI TE EXTER
129 1089 1764 1171 RA AEGYPTI, DE DOMO SERVITVTIS: NON HABEBIS
139 1143 1784 1232 DEOS ALIENOS CORAM ME. DUO habet membra hoc praeceptum,
129 1201 1767 1282 Prius & ipsum uaria continet. Principio enim offert se nobis deus, & exponit no
126 1257 1773 1336 bis qualis sit erga homines, imo qualis erga nos esse uelit. Vnde nos secundo loco
125 1315 1770 1388 colligimus, quid uicissim a nobis requirat, & quodnam sit officium nostrum. Ter
128 1375 1775 1463 tio & ultimo loco appendit euidentem demonstrationem eius quod dixit se esse
121 1420 461 1492 deum nostrum,
206 1480 1781 1573 Ab initio pronunciat & dicit, Ego dominus deus tuus,. Quibus uerbis expo¬
116 1541 1776 1621 nit qualis sit, qualisque esse uelit erga omnes homines. Congruunt haec uerba cum
119 1605 1760 1683 uerbis foederis dom ini cum Abrahamo adeoque omnibus credentibus icti, Ego¬
121 1651 1766 1730 inquit dominus, sum deus fortis & Schaddai, quasi tu dicas Saturnus a saturan¬
127 1702 1768 1786 do. Est enim deus copiaecornu, qui exaturat omnes & omnia, fons inexhaustus
121 1760 1768 1842 & perennis bonorum omnium. Id quod & Ieremias copiosius enarrat in cap. 2¬
125 1810 1759 1888 sermonum suorum. Et certe haec omnia comprehendit hi paucis uocibus. Ego do¬
125 1870 1766 1951 minus deus tuus. Ego inquam qui iam loquor tibi ex medio ignis. Ego & non alius,
127 1924 1759 2008 Significatur hic unitas dei. Docemur hic unum agnoscere deum, non plures, uni
118 1982 1764 2060 adhaerere, non corda pluribus diuidere. Ego dominus tuus, ego deus tuus. Domi
118 2048 1767 2116 nus est, quia merum habet imperium in omnes creaturas, domino subiecta sunt
115 2104 1768 2185 omnia, domino obtemperant ad nutum omnia. Dominus omnia gubernat & su¬
110 2141 1770 2216 stinet. Est enim coeli & terrae & omnium quae in eis sunt conditor, rector, conser¬
115 2216 1762 2292 uator, rex & princeps summus & maximus. Proinde in unica hac uoce compre¬
110 2259 1771 2334 henditur dei sapientia, uirtus, potestas, & maiestas immensa. Deus forte deriua¬
115 2326 1766 2390 tur a daij uoce Hebraica, quae sufficientiam significat. Solus enim deus sufficit
115 2367 1760 2463 sibi ad beatitudinem & felicitatem plenissimam modisque omnibus absolutissimam,
112 2433 1763 2501 praeterea sufficit deus omnibus requirentibus ipsum in ueritate, ditissimus in om
113 2491 1754 2571 nes inuocantes nomen ipsius. Qua parte notatur dei omnisufficientia, liberalitas,
116 2535 1750 2612 bonitas & misericordia: maxime cum additur, Ego dominus deus tuus, Tuus in¬
109 2605 1756 2671 quam. Deus enim non sibi modo bonus est, sed nobis quoque. Totum se cupit effun-
110 2659 1746 2731 dere cum omni sua bonitate, cum omnibus suis dotibus in fideles. Non est parcus,
118 2709 1751 2787 non est malignus, gaudet distrahi & impartiri se nobis fruendum abundantissi¬
105 2769 1754 2837 me, adque sacietatem iucundissimam, idque omni tempore, necessitatis maxime. Et
109 2817 1757 2905 significanter quidem TVVS ait, non uester, ut intelligamus singuli deum aeter¬
102 2881 1756 2963 num, optimum, beatissimum, singulorum fore esseque deum & dominum, id est ser
111 2937 1749 3023 uatorem, liberatorem, redemptorem, aceruum & mare bonorum omnium, ani¬
