2288 3632
116 269 1769 371 luerunt maiores nostri deum sub specie arborum uel syluarum. Quod tamen hic
121 350 1762 429 prohibetur hominibus, quemadmodum ne sub specie earum rerum, quae in aquis
121 408 1761 482 aut sub aquis sunt, effigiantes deum nostrum ueneremur. Coluerunt Palaestini
115 451 1769 543 deum sub imagine piscis. Dagon deus Palaestinus prae se ferebat piscis figuram.
110 505 1757 601 Aegyptus coluit serpentes. Imo Paulus haec omnia coprehendens ad Rom. 5. cap.
113 573 1757 650 contra Gentiles disputans. Obtenebratum est, inquit insciens cor eorum : cum se
113 619 1755 708 crederent sapientes, stulti facti sunt, mutaueruntque gloriam immortalis dei, in ima
101 681 1758 769 ginem non solum mortalis hominis, uerum etiam uolatilium & quadrupedum,
107 741 1351 814 & reptilium. Contra hanc insaniam pugnat prima legis pars.
191 791 1780 884 Cur autem deus nolit ulla exprimi imagine sensibili aut uisibili, in promptu
103 853 1779 937 eausa est. Deus spiritus est, deus immensus est, incircumscriptibilis, ineffabilis, ubi¬
100 913 1778 991 que praesens, coelum & terram implens, aeternus, uiuus & uiuificans atque conser¬
109 965 1750 1046 uans omnia, gloriae & maiestatis supra coelos exaltatae. Quis autem exprimat ulla
96 1022 1734 1093 uel imagine uel materia spiritum? Deus est immensa potentia, omnia uiuificans
104 1074 1737 1158 atque conseruans. Sed imagines Dauid describit ac dicit, Simulachra gentium ar
98 1132 1750 1204 gentum & aurum, opera manuum hominum. Aures habent & non audiunt na¬
107 1190 1743 1253 res habent & non odorantur. Manus habent nec palpant, pedes habent nec am¬
103 1233 1741 1314 bulant, neque sonus ullus est in gutture eorum. Quid obsecro haec cum deo col¬
104 1290 1750 1375 lata similitudinis habent ? Proinde uelle deum exprimere simulachro uisibili, est
105 1348 1745 1426 deum probro exponere facereque contemptibilem. Dei oculus omnia uidet, idoli
98 1411 1738 1491 nihil uidet. Dei aures omnia audiunt, idoli nihil audiunt. Per deum uiuunt &
97 1467 1735 1549 mouentur conseruanturque omnia. Idola nec uiuunt nec mouentur, & nisi retine¬
102 1521 1734 1603 antur ab hominibus fabricantibus, concidunt & pereunt. Simulachrum non spi¬
94 1575 1744 1659 rat. Deus dat omnibus halitum spiritumue. Vbi ergo & in quo est similitudo? In
95 1637 1742 1715 materia ne an in forma? Si in materia, ergon deus aureus, argenteus, ligneus? Si in
92 1682 1736 1775 forma, ergon inuisibilis uirtus caduca habet membra? Quid ergo peccarunt An
97 1745 1737 1826 thropomorphitae. Quod si nulla est similitudo, cur quaeso dicuntur imagines aut
101 1790 1731 1881 simulachra dei, similitudines ac icones? Si quis nostrum alterum appellitet ido¬
98 1842 1730 1932 lum aut simulachrum, uidetur magna affecisse contumelia. Scimus enim idola
91 1904 1727 1996 speciem falsam hominis reserre, non hominem : prinde idolum appellamus ho¬
85 1966 1727 2043 minem ineptum, fungum, torpidum, inertem, & in quo nihil cerebri, qui nihil mi¬
85 2022 1732 2103 nus sit quam quod audit. Cur ergo posthac appellaremus simulachra, dei simili¬
85 2076 1725 2161 tudines ? Deus uiuus est, simulachra sunt hominum mortuorum signa, sicut dicit
79 2127 1725 2213 author libri Sapientiae. Deus gloriosus est, ac pleni sunt coeli & terra gloria ma¬
91 2186 1733 2278 iestatis eius : simulachra uero carent omnigloria, & exposita sunt hominum pro¬
86 2237 1726 2332 bris & ludibrio. Simulachra absentium signa sunt. Deus autem semper & ubique prae
78 2297 1723 2388 sens est. Ac signa quae quondam instituit & dedit populo suo deus, non fuerunt sim¬
82 2361 1726 2442 pliciter signa uel imagines dei, sed signa praesentiae dei, significantia deum qui na¬
91 2413 1726 2496 tura spiritus & inuisibilis est, incomprehensibilis & immensus, praesentem esse.
87 2463 1721 2554 Tale signum fuit nubes, sumus, ignis, ipsa denique arca foederis, quam interim
75 2531 1715 2608 adoperiebant alis suis Cherubim, significantes in ipsam dei faciem neminem mor
79 2585 1728 2663 talium posse aspicere, animas ergo mentes & spiritum esse eleuandum contem¬
80 2637 1712 2722 platione in coelos. Nam Moses, qui tamen dicitur deum a facie ad faciem aspexisse,
76 2697 1720 2773 audit, Nemo uidebit me ac uiuet. Vbi hinc soluerimus uidebimus eum sicuti est,
80 2747 1718 2830 uti ait beatus Ioannes. Haec inquam causae sunt, cur nolit ulla materia ullaue for¬
84 2791 804 2867 ma se exprimi & effigiari dominus,
148 2845 1714 2943 Huc iam pertinent loca scripturae, & testimonia maximorum in religione ac
82 2914 1719 3014 pietate uera uirorum, Mosis, lsaiae & Pauli. Moses in Deuter. Loquutus est uobis
