2288 3632
108 238 1769 356 ergo obtestatio illa qua non inuenitur ulla in orbe grauior. Ad hane considera¬
118 339 1762 410 tionem pertinet & ritus iuramenti. Ab antiquo enim iurarunt patres nostri per
105 392 1768 468 nomen domini sublata manu in coelum. In coelis habitat dominus deus noster. Te-
112 439 1763 519 stamur animis nos ascendere in coelum, & inspiciente deo, ac in conspectu dei nos
111 503 1760 579 iurare, sicuti in oculis iudicum exaltamus manum ad coelos. Imo quasi data dex-
111 556 1766 655 tra fidem nostram obstringimus deo, iurantes in nomine dei. Ad hunc modum iu
116 611 1115 679 rauit singularis dei amicus Abraham pater fidei.
186 650 1765 758 lgitur non est quod porro disputemus multis, per nomen ne dei solius, an &
116 717 1764 789 per nomina diuorum, an etiam ad sacrosanctum euangelium attestatio iurisiuran¬
117 786 1747 855 di fieri debeat. Constat enim iurandum esse fidelibus per solius dei aeterni & altis¬
106 830 1757 918 simi nomen. Habemus ea de re manifesta praecepta iubentia iurare per nomen do
109 893 1752 970 mini, & prohibentia rursus iurare per nomina deorum. Prioris generis sunt haec,
121 943 1749 1018 Timebis dominum deum tuum, illi seruies, iurabisque per nomen eius. Deut 6. &
110 1010 1750 1083 10. cap. Dominus item ipse apud lsaiam, Mihi, inquit incuruabitur omne genu,
107 1055 1751 1148 & iurabit omnis lingua. Nam & in 65. cap. idem propheta dicit. Qui benedicere se uo
117 1111 1754 1199 let, in deo benedicet: & qui iurauerit, iurabit per deum uerum. Posterioris gene¬
112 1167 1753 1254 ris sunt haec sanctae scripturae testimonia, Exodi 23. Omnia quae dixi seruate, & no
103 1233 1745 1294 mina aliorum deorum ne cogitetis, neque audiantur ex ore uestro. losue quoque di-
104 1288 1748 1346 cit cap. 23. Cum ueneritis inter gentes istas. ne iuraueritis per nomen deorum ea¬
100 1345 1753 1422 rum, & ne colatis aut adoretis eos. Apud Ierem. in 5. cap. dicit dominus, Filij tui
106 1393 1749 1475 deseruerunt me, & iurauerunt per deos, qui dij non sunt: saturaui eos, & moechati
94 1444 1747 1532 sunt, &c. lam & Sophonias inducit loquentem dominum & dicentem, Excindam
109 1515 1737 1578 eos qui adorant ac iurant per dominum, iurantque per Malchom, id est regem uel
104 1563 1755 1630 patronum suum. Nec mirum est quod dominus excidium minatur iurantibus per
91 1626 1756 1685 nomina creaturarum. Est enim iuramentum praecipuus cultus qui debetur deo,
97 1668 1741 1737 ideoque alijs non potest communicari. luramus enim per supremum, quem uideli¬
100 1737 1742 1813 cet credimus summum esse bonum, largitorem omnis boni & uindicem mali. Quod
103 1783 1751 1867 si per nomina deorum iurauerimus, certe deo ipsi aequauerimus diuos, diuinosquam
92 1838 1741 1910 honores ipsis tribuerimus. Ideoque maluit beatus Christi martyr Polycarpus fiam¬
103 1900 1729 1986 mas subire ignis, quam iurare fortunam Caesaris. Historia extat apud Eusebium
103 1949 363 2025 lib. 4. cap. 15.
183 2012 1752 2093 Quarto loco inspiciendum quomodo iurare conueniat, & quae sint conditio¬
101 2077 1752 2149 nes iusti, aequi & boni iurisiurandi. Ieremias ergo, lurabis, inquit, iuit dominus,
102 2126 1741 2203 in ueritate, in iudicio, in iustitia. Et benedicent se gentes in eo, atque in eo gloriabun¬
94 2177 1741 2256 tur. Quatuor ponuntur iusti iuramenti conditiones. Prima est, lurabis uiuit domi¬
97 2243 1733 2305 nus, Repetitur quod iam inculcatum est toties, iurandum esse per nomen uiuen¬
91 2297 1729 2374 tis dei. Formula autem iuramenti patribus nostris talis erat, Viuit dominus, ut
106 2352 1734 2425 claret ex scriptis prophetarum. Ne ergo iuremus per alium, quam per deum,
98 2395 1715 2482 Secunda conditio est, lurabis in ueritate, Requiritur itaque ut non lingua solum,
97 2451 1729 2533 sed & mens iuret, ne postea dicamus iurauit lingua, mens est iniurata. Fideles er¬
92 2519 1727 2594 go simus, sine dolo malo, ne mentiamur neue deludamus iuramentum artibus. Id
91 2574 1729 2638 ex primunt Germani, On alle gfero. Vel, on gfurb, id est non utar ullo dolo ma
92 2619 1732 2700 lo, sed simpliciter & uere hoc praestabo. Exemplum mendacis & dolosi iuramenti
98 2675 1720 2758 egregium habes apud Aul. Gel. lib. noct. Att. 7. cap. 18. Tertia conditio est, lurabis
92 2732 1726 2811 in iudicio : cum discretione utique, non temere, non leuiter, sed expensis rebus om¬
91 2790 1718 2869 nibus: sed in magna necessitate & utilitate. Quarta conditio est, lurabis in iustitia,
98 2839 1726 2931 ne uidelicet sit iuramentum nostrum contra ius & fas, hoc est, ne peccemus con¬
92 2905 1719 2991 ta iustitiam, quae deo & hominibus sua tribuit: ne tendat recta contra dilectionem
