2288 3632
484 251 2149 363 Caeterum summa totius mandati est, sanctifica sabbatum. Hanc summam mox fu¬
486 346 2145 439 sius exponit ipsis etiam diebus annumeratis, recensita item uniuersa familia, cui
497 400 2148 495 imponitur sabbati religio. Postremo adiincitur exemplum quoque ipsius dei quiescen
496 473 1126 554 tis & sanctificantis sabbatum.
575 493 2146 595 Sabbatum ipsum patet latissime. Nam principio meminit scriptura sabbati cu
498 567 2142 656 iusdam spiritualis & perpetui. Eo cessamus ab opere seruili, abstinentes utique at
495 637 2153 723 peccatis, curantes ne in nobisipsis inueniatur nostra uoluntas, ne ipsi operemur
499 678 2149 767 opera nostra, sed cessantes ab his, sinamus deum operari in nobis, subiiciamusquam
497 748 2146 830 gubernationi spiritus corpora nostra. Hoc sabbatum spirituale sequitur sabbatum
504 809 2148 878 siue reouies aeterna. De quibus plura lsaias in cap. 58. & 66. Paulus item ad Heb.
502 861 2158 947 4. cap. Vere autem deum colimus quando a malis quiescentes sanctoque dei spiri¬
511 907 2149 991 tui obedientes, studio bonorum operum exercemur. Non uacat autem neque ad¬
498 958 2159 1037 modum utile fore existimamus copiosius & subtilius de sabbati allegoria siue sab
500 1018 2155 1096 bato spirituali disputare. Conemur potius fratres in mortalibus hisce corporibus
507 1101 2103 1173 nostris deo bene placens sabbatum indefesso sanctimoniae studio sanctificare.
586 1141 2163 1210 Deinde Sabbatum est ordinatio religionis externa. Voluit enim dominus hoc
509 1193 2154 1280 praecepto tradere externam religionem & cultum in quo exerceremur omnes.
506 1254 2164 1328 Ac dei cultus nequit esse sine tempore. Instituit ergo tempus dominus, in quo ab
506 1299 2155 1376 externis uel corporalibus abstineremus operibus, sed interea uacaremus spiritua
506 1355 2165 1433 libus. Ideo enim externa quies praecipitur, ut operatio spiritualis corporali opere
510 1406 2158 1501 non interturbetur. Porro uersabatur spiritualis illa operatio apud patres nostros
507 1477 2162 1540 circa quatuor, nempe circa lectionem & interpretationem scripturae publicam
495 1524 2159 1612 adeoque circa auscultationem, circa orationem & preces publicas, circa sacrificia
481 1587 2173 1673 xsiue celebrationem sacramentorum, & cirea collectam ac beneficentiam. In his erat
521 1630 2170 1710 religio externa sabbati. Ferias enim agebat populus, coibat in coetum sanctum. In
514 1684 2179 1769 hoc praelegebant prophetae uerbum domini, interpretabantur hoc & instituebant
516 1739 2175 1826 auditores in uera pietate. Deinde orabant communibus uotis & precibus coniun¬
517 1820 2171 1881 ctis fideles pro omnibus necessitatibus. Laudabant nomen domini, & agebant gra¬
519 1858 2176 1935 tias pro beneficijs acceptis, Praeterea sacrificabant secundum uerlbum domini, my¬
513 1913 2168 1994 steria & sacramenta redemptoris Christi celebrantes & fidem suam exercentes,
522 1969 2176 2043 consociabantur insuper sacris, sed & sui admonebantur officij uit & semetipsos
515 2021 2168 2112 offerrent deo hostiam uiuam. Postremo conferebant in coetibus liberaliter mune
519 2071 2176 2170 ra sua ecclesiae usibus. Munera cedebant necessarijs ecclesiae usibus, ministris &
513 2141 2167 2212 egentibus. Haec autem erant sancta dei opera, quae dum fide & dilectione instru¬
517 2194 2178 2273 cti perficiebant, sanctificabant certe sabbatum & nomen domini: id est in sabbato
527 2251 2169 2323 ea operabantur opera, quae & nomen dei sanctificant, & cultores ornant, uereque
509 2298 2179 2382 sancta & deo placentia opera sunt. Exemplum si quis requirat apertum & elegans
514 2356 2179 2436 sabbati aut festi sancte celebrati, inueniet apud Nehemiam in cap. S. lbidem enim
517 2410 2184 2494 sacerdotes legunt & interpretantur uerbum dei: laudant nomen dei : precantur
517 2472 2178 2558 cum populo, sacrificant: liberalem munificentiam exercent, & per omnia sese ge¬
521 2533 1009 2608 runt sancte & religiose,
591 2559 2180 2655 lam ne quis obiiceret. Otia dant uitia. Praeterea laborandum est manibus, ut
522 2631 2175 2716 suppetat uictus, ne peream fame & perdam meam familiam : respondet, Sat tem¬
517 2688 2174 2784 poris concessum est tibi a domino laboribus, quibus quisque uictum suae paret fa¬
525 2743 2169 2842 miliae. Nam sex dies operari licet, septimam demum diem deus cupit sibi & sancto
522 2809 2174 2884 consecrari otio. Septimana quaelibet septem completur diebus. Ex his autem se¬
528 2864 2178 2945 ptem diebus unam modo sibi postulat dari dominus, Quis iure quaeso iniuriam
522 2914 2169 3012 sibi fieri clamitet? Plus certe temporis laboribus quam sacro tribuitur otio. Et qui
