2288 3632
533 251 1468 350 Hic quibus inuisi fratres, dum uita manebat,
522 336 1488 413 Pulsatusue parens.. Et mox,
538 398 1557 472 Vendidit hic auro patriam dominumque potentem
534 454 2065 533 lmposuit, fixit leges pretio atque refixit, &c. . Cecinit in Odis Flaccus,
526 503 1675 584 Dulce & decorum est pro patria mori. Silius ltalicus,
527 567 1450 626 lamque hoc ne dubites longaeui nate parentis
532 628 1414 689 Accipe, & aeterno fixum sub pectore serua,
525 682 1409 749 Succensere nephas patriae. nec foedior ulla
538 738 1516 808 Culpa sub extremas fertur mortalibus umbras.
528 785 1009 857 Sic docuere senes, &c
622 848 2170 928 Haec testimonia non frustra commemoro, ut ex his colligat c.V. sceleris hu¬
530 890 2175 995 ius atrocitatem, quod usqueadeo grauiter ipsae etiam Gentes accusauerunt atque
534 969 2170 1033 condemnatunt. Occidit Cain fratrem suum Abelum, sed perpetuam sibi inelui¬
536 1017 2183 1102 bilemque ea re ignominiam contraxit adeoque inussit. Conuitia intoleranda coniecit
540 1078 2178 1151 in Dauidem ordinarium suum magistratum Semei, sed commeritas pendit poe¬
533 1136 2182 1194 nas. Seditiosus & impius est Absolom in patrem Dauidem, sed crinibus implici¬
539 1194 2168 1269 tus arbori, confoditur horribiliter pendens inter coelum & terram. Occisores pro
535 1241 2178 1328 phetarum nuncupauit dominus progeniem uiperarum ac diaboli filios. Si qui
529 1312 2170 1377 uero unquam contumelia senes affecerunt & conturbarunt uiduas, non impune
542 1361 2172 1428 tulerunt. Clamat enim in lege dominus, Viduam & pupillum non affliges. Si ue
526 1418 2177 1481 ro affligere eos pergatis, indubie ad me clamabunt & ego certissime exaudiam
534 1476 2175 1554 eos: & indignabitur furor meus, percutiamque uos gladio, & erunt uxores uestrae
540 1522 1492 1586 uiduae, & filij uestri pupilli. Sed haec hactenus,
607 1579 2174 1653 S. Paulus hanc domini legem producens in epist. ad Ephes: pulchre accom¬
539 1622 2170 1716 modat nostrae eruditioni. Dicit enim, Filij obedite parentibus uestris in domino.
535 1689 2176 1782 Nam id est iustum. Honora patrem tuum & matrem: quod est praeceptum primum
533 1742 2175 1825 in promisione, ut bene tibi sit & sis longaeuus in terra. Patres ne prouocetis ad
537 1800 2168 1885 iram liberos uestros, sed educetis eos per eruditionem et correptionem domini. His prae
537 1855 2182 1945 scribit tam parentibus quam liberis suum officium. Tria requirit at parentibus, ut
538 1922 2174 1988 educent liberos, erudiant & corripiant. Parentum est enim liberos nutrire & ale
528 1960 2175 2051 re, siue educare, ac ad iustam usque prouehere aetatem, qua iam non sumptibus &
525 2028 2164 2109 cura parentum, sed absoluti iam ex proprijs uiuant laboribus. Parentum est eru¬
533 2086 2175 2160 dire & recte instituere liberos. Eruditio seu institutio illa uersatur in tribus, in re¬
536 2131 1235 2216 ligione, in moribus, & in artificio.
601 2187 2171 2271 lam quod religionem attinet, habet ipsa initia quaedam, rudimenta inquam seu
535 2237 2174 2332 Catechesin, habet deinde scripturas tradentes uerbum dei, & pleniorem omnium
529 2300 2160 2382 rerum diuinarum expositonem: habet item mysteria signa sacra seu sacramenta.
526 2359 2173 2437 Si paterfamilias uersatur in populo, qui ueram religionem colit & cultum dei le¬
519 2428 2158 2494 gitimum & ueros fideles & religiosos Christi ministros doctoresque habet, curet ut li
520 2475 2167 2541 beri eant in coetus sacros, & discant ex doctore ecclesiastico religionem. Nihilo
518 2538 2167 2613 minus requirat domi a liberis quid didicerint in concione sacra. Addant patres
531 2579 2161 2656 & matres domi priuatam suam operam, doceant liberos praecepta dei, doceant sym
524 2636 2158 2711 bolum apostolorum, doceant orationem dominicam, tradant breuem & certam
534 2693 2159 2787 ex scripturis rationem de sacramentis. Exerceant frequenter cum liberis catechis¬
523 2762 2168 2840 mum, inserant sententias maxime necessarias de fide & officijs uitae. Caeterum si
532 2817 2158 2882 paterfamilias in populo uersetur, qui persequitur fidem & doctrinam Christianam
524 2873 2161 2950 & cultus dei legitimos odit, nec coetus sacros, nec ministros Christi ueros agno¬
531 2916 2167 3016 scit : ut fit in captiuitatibus Tureicis ac persecutionibus nostri saeculi grauibus,
