2288 3632
489 282 2168 377 suris, de locationibus, mutuo, deposito, de mercede conductis, de usufructibus &
486 353 2158 429 usura. Sit ordo inter patrem & liberos, inter coniuges, inter dominum & seruum,
486 415 2148 491 breuiter suum cuique cedat ex integro. Neque enim statui hic omnes iuris titulos com
499 467 2169 539 memorare. Praeterea procuranda erit legibus pax, ut quisque suis tranquille possit
493 528 2169 599 frui. Depellenda est omnis uiolentia & iniuria, sopiendae simultates & insidiae.
498 576 2164 654 Bella quoque sopienda sunt prudentia, uel excipienda finiendaque fortitudine
496 649 686 723 heroica.
585 681 2176 771 Caeterum ut talis nobis & magistratus & uita obtingat, iussit apostolus ualde
495 748 2167 837 precari dicens, Adhortor ut ante omnia fiant deprecationes & obsecrationes, in¬
502 809 2161 878 terpellationes item, & gratiarumactiones, pro omnibus hominibus, pro regibus
499 877 2169 937 & omnibus in eminentia constitutis, ut placidam ac quietam uitam degamus cum
504 928 2170 994 omni pietate & honestate, Rursus cogor nondum plene absoluta hac causa uela
494 972 2168 1057 colligere. Cras adiinciam reliqua. Vos iam diligenter animis in coelum sublatis
504 1045 724 1126 orate, &c
652 1151 2011 1214 De ludicio & officio iudicis, fudicia non esse Christianis prohibita. De uindicta & poen¬
647 1202 2015 1273 An lceat magistratui caedere santess Quare, quando, quomodo, & quid puniats An propter
647 1260 1648 1338 religionem punire possit SERMO VIII
715 1359 2161 1440 IXI heri de ordinatione magistratus, restant duo reliqua huius officia
719 1421 2165 1490 ludicium & Poena siue ultio, de quibus, pro gratia a deo concessa, bre-
695 1470 2174 1568 uitate succincta dicam: uos intentis animis attendite, & domino pro gra¬
703 1542 1004 1619 tia supplicate.
591 1584 2166 1667 ludicium uarie accipitur, sed in praesenti est sententia iudicum interposita in¬
505 1650 2167 1718 ter litigantes, desumpta autem ex legibus secundum aequum & bonum, prout
508 1709 2171 1777 causa proposita a partibus requisiuit, pronunciata in hoc, ut dirimat litigantes, &
503 1779 2173 1834 ut suum cuique cedat. Prodeunt enim in iudicum consessum partes, litigant de hae¬
500 1824 2174 1892 reditate aut possessione aliqua, quam partium quaelibet ad se iure pertinere con¬
505 1869 2171 1938 tendit, proposits in medium argumentis, quibus suum ius probant atque demon¬
511 1926 2164 1999 strant. Ea diligenter audiunt & colligunt iudices, deinde eadem comferunt inter
505 1988 2166 2068 se & cum legibus, postremo ferunt sententiam, qua possessionem alterae parti de¬
508 2033 2161 2109 cernunt, alterae adimunt. Similis ratio est & in alijs causis. Hoc uero iudicium est,
507 2107 2172 2173 ipsa inquam iustitiae executio. Est autem haec ratio dirimendi & coponendi par¬
508 2147 2178 2221 tes lenior, consequente nimirum poena atque uindicta, cum iam non tantum uer¬
513 2215 2166 2278 bis res agitur & sententijs, sed uerberibus & gladio. Et sunt quidem caussae diuer¬
517 2262 2175 2332 sae, quarum aliae non possunt nisi gladio finiri, aliae sententijs & mitius longe tran
508 2322 2170 2393 siguntur. Caeterum in his est salus & incolumitas regni uel reipub. Sunt itaque iu¬
510 2373 2173 2445 dicium & poena in officijs magistratus longe praestantissima, etsi uideantur dura
505 2434 2174 2503 ac crudelia. Verum nisi exerceatur haec (ut uidetur) crudelitas, omnes aetates, or-
517 2493 2166 2554 dines & sexus experientur longe crudeliora & reuera crudelissima. Nam crude¬
514 2536 2170 2615 litas non est, quae iubente domino, ad seruandos innoxios, & ad tranquillitatem in
505 2596 2173 2672 regno seruandam, exercetur, iusta magis est seueritas. Finge autem rempublicam
506 2656 2168 2720 esse quae absolutissimis instructa sit legibus, quod religionem attinet & mores po¬
510 2722 2157 2785 liticos: finge praeterea nullum esse in republica illa magistratum qui leges illas ex
502 2765 2164 2836 erceat & tueatur, qui omnia dicta & facta hominum ad illas leges redigat atque re¬
517 2821 2166 2896 ducat: & iccirco quemlibet pro sua libidine perrumpere & quidlibet agere, quid
509 2887 2164 2954 oro leges illae scriptae prosunt ciuibus? Nihil prorsus. Praestantissima ergo officio¬
498 2933 2172 3008 rum pars in iudicio & ultione consistit. Et requirunt illa uirum siue iudicem prae¬
