2288 3632
544 304 2210 376 duae: & amat peregrinum, ut det illi panem & uestitum, diligetis ergo & uos pere
558 363 2206 437 grinum. Ita agere oportet etiam iudices diuinos in iudicio dei. Certe Iosaphat prin¬
547 420 2212 494 ceps religiosissimus constitutis a se iudicibus dicit, Videte quid agatis : non enim
550 483 2203 550 hominis exercetis iudicium sed domini, qui uobiscum est in causis quas iudicatis.
557 536 2209 602 Sit ergo timor domini in uobis, obseruate & diligentes este. Quoniam non est ul
554 593 2209 655 la peruersitas aut corruptio apud dominum deum nostrum ut uel personas susci
557 644 1081 721 piat uel munera recipiat.
628 695 2206 770 His adiinciam alios quoque scripturae locos qui superiores illustrent partim, par
554 765 2209 833 tim officium iudicis significantius explicent & ornent. In Deuteronomio legimus,
547 816 2203 882 ludices iudicabunt populum iusto iudicio. Non declinabis iudicium, nec agno¬
550 876 2204 945 sces personam, neque accipies munus. Quoniam munus excaecat oculos sapientum,
556 927 2202 990 & peruertit uerba iustorum. lustitiam iustitia prosequaris, ut uiuas & possideas
554 986 2202 1053 terram, Rursus in Exodo legimus, Non sequeris multitudinem in malo, neque re¬
553 1040 2207 1106 spondebis in causa, ut declines post multos ad peruertendum. Pauperem non or
554 1101 2210 1161 nabis in causa sua: neque peruertes causam pauperis tui in causa sua. A uerbo fal¬
554 1149 2203 1231 so longe aberis: nec innocentem & iustum occides. Quoniam non iustifico impium.¬
550 1210 2194 1273 Munus ne acceperis, quia munus excaecat uidentes & peruertit uerba iustorum,
559 1267 2207 1332 ltem in Leuitico sic legis, Non facietis peruersum quid in iudicio, nec suscipias fa
556 1327 2204 1385 ciem pauperis, neque honorabis uultum magnifici, in iustitia iudicium proximi tui
553 1388 2210 1452 decernes. Item, Nolite facere iniquum aliquid in iudicio, in regula, in pondere &
547 1429 2208 1514 in mensura. Bilanx iusta, lapides iusti, epha iustum, & hin iustum sit uobis. Ego
553 1495 2206 1567 dominus deus uester, &c. Comprehensum in his domini dei nostri uerbis aut prae
560 1547 2204 1609 ceptis paucissimis, omne illud arbitror quod philosophi & iurisprudentes uix
562 1611 2207 1671 multis absoluunt libris. Super haec omnia sanctissimus dei propheta leremias cla
561 1668 2203 1734 mat, Facite iudicium & iustitiam, & liberate ui oppressum de manu calumniato
561 1712 2205 1784 ris : peregrinum quoque, pupillum & uiduam ne contristetis, neque iniuriam faciatis,
556 1764 1901 1842 & sanguinem innocentem ne effuderitis. Haec de iudicum officio.
637 1820 2205 1899 Frustra uero de hi hucusque apud quosdam disseruimus, nisi etiam ipsorum ob
552 1867 2202 1946 iectiones diluamus, quibus contendunt demostrare forum in uniiuersum omne
554 1939 2206 2001 abrogatum esse, in euangelio dicente domino, Ei qui te uelit in ius trahere ac tuni¬
557 1994 2205 2053 cam tuam tollere permitte illi & pallium. Et iterum, Cum abis cum aduersario tuo
547 2050 2206 2110 ad magistratum, da operam ut in itinere componas cum illo, ne forte tradaris tor
554 2107 2206 2169 tori. Addunt lites forenses ab apostolo Paulo ad Corinth. scribente in cap. 6. dam
548 2174 2201 2231 natas. Ad quae sic respondemus, Sicut oeconomiam non abolet & damnat doctrina
550 2215 2193 2282 euangelij & apostolorum, ita neque politiam. Obiurgat & repellit dominus in euan¬
548 2271 2201 2336 gelio secundum Lucam, adolescentem qui postulabat ut cum fratre suo ageret quo
544 2327 2188 2389 is partem haereditatis aequam cederet: non quod damnaret si quis posceret diuisio¬
554 2385 2198 2447 nem aequam, aut partem iure sibi debitam, sed quod existimaret id nequaquam sui
546 2443 2192 2508 esse officij, sed iudicum. Quis, ait, constituit me iudicem aut diuisorem inter uos?
540 2492 2196 2555 Praeterea sicut in euangelio scriptum legimus, Si quis uelit te rapere in ius & tu¬
551 2551 2191 2613 nicam tuam a te tollere, cede illi et pallium: ita ex aduerso non requiritur aliud in
547 2608 2195 2670 tota euangelica doctrina maiore diligentia quam charitas & beneficentia. Caeterum
540 2662 2184 2724 confertur beneficentia si alias per iudicium & iustitiam maxime. Cum aunt propter
551 2716 2185 2785 iudicium & iustitiam exercendam & conseruandam inuenta sint iudicia : claret ipsa
544 2770 2184 2842 per euangelium minime esse abrogata. Clamant insignes prophetae lsaias & a¬
541 2835 2189 2897 charias: llle, Cessate malefacere, discite benefacere, quaerite iudicium, subuenite op¬
550 2888 2191 2957 presso, agite in iudicio caussam pupilli & uiduae: Hic uero, ludicate iudicium ue¬
535 2944 2191 3013 ritatis, & facite beneficentiam ac misericordiam unusquisque cum fratre suo. Viduam
