2288 3632
537 308 2201 382 autem publica & ordinaria. Nam deus qui dixit nobis, Mihi u indictam cedito, &
536 372 2195 447 ego retribuam, idem uindictam illam sibi permissam aut datam, concedit magi¬
550 423 2195 506 stratui. Iccirco magistratus est gladio persequi hominum iniurias, idque diuino no
554 483 2184 557 mine & iussu. Ergo quando punit magistratus, deus ipse, cuius est uniuersa ultio,
546 538 2190 612 punit per magistratum, qui hoc nomine appellatur deus. Praeterea scriptum est,
554 605 2189 666 Maleficum non patieris uiuere. Item, Dissipat impios rex sapiens, & conuertit su¬
560 660 2197 730 per eos rotam, Rursus, Qui iustificat impium, & qui condemnat iustum, uterque
555 717 2198 785 est abominatio domini. Nec desunt exempla approbantia nobis quosdam incur¬
554 774 2195 832 risse iram domini grauissimam, quod clementia praepostera pepercerunt illis,
541 819 2200 882 quos mandarat deus gladio percutere. De Saule loquor & Achabo. Ex aduerso
546 874 2196 956 sunt innumera optimorum principum exempla, testantia maxima cum laude sup
547 931 2198 1009 plicium sumi de sceleratis. Neque enim ullum peccatum aut ulla culpa haeret in fe¬
547 996 2186 1062 riente & supplicium sumente principe de noxio & scelerato homine. Ideoque in lege
549 1046 2188 1108 usque ad fastidium repetitur, Sanguis eius super eum. Porro sanguis noxij licet non
541 1098 2192 1161 effusus sit, imputatur magistratui pro culpa, quando sui negligens officij ueniam
550 1155 2183 1219 dat nulla uenia dignis, nec uindicat innoxium. Nam particeps efficitur iniuriae
549 1213 2188 1274 & effusi sanguinis iusti, quem non uindicat, dum illi parcit cui iusserat dominus
534 1268 2191 1340 l in ceruicem deuergere gladium. Profecto non est crudelitas (uti falso iudicatur.
547 1322 2190 1396 iusta magistratus seueritas, in puniendis maleficis hominibus, Praepostera autem
539 1391 2192 1444 clementia parcens facinorosis & indignis uita consortioue hominum, reuera atrox
545 1439 2188 1511 est crudelitas. Nam cum magistratus mortem meritos nephandis ffagitijs dimittit
549 1496 2190 1568 impunitos ac incolumes, augetur principio audacia simili scelere obnoxijs, pro¬
539 1548 2182 1624 grediendi uidelicet in sceleribus. Vident enim parsum esse simili facinore diffama¬
543 1617 2186 1671 tis. Deinde qui nondum in profundum scelerum demersi sunt, tentantur autem
541 1661 2192 1717 a malo in horas, ut se totos demergant in nephanda flagitia, facilius manus dabunt.
547 1716 2188 1786 Vident enim clementer tractari facinorosos. Postremo nihilo meliores fere red¬
536 1771 2195 1838 duntur impune dimissi: imo conduplicant iam mala, eoque recidit tandem res ut
543 1825 2177 1887 cogaris illum iam ferire propter parricidia multa, in quo noluisti punire unum
536 1883 2179 1959 homicidium, seruareque innoxios quos interea latro sustulit. Lupos ergo & ursos
544 1945 1692 2002 emittunt in plebem qui nebulones nepharios dimittunt,.
610 1984 2181 2048 Ostenso iure gladij, & quod magistratus uindicare iniurias hominum, & fa¬
548 2044 2185 2118 cinorosos occidere possit, consideremus porro quae sint causae ob quas deus iubet
533 2107 2180 2174 supplicium sumere de noxijs hominibus, item quando sit sumendum supplicium,
538 2160 2181 2226 denique quae sint suppliciorum aut poenarum irrogandarum a magistratu genera.
619 2223 2188 2287 Caussae potissimae propter quas noxios punire palam praecipit dominus illae fe
527 2272 2174 2338 re sunt. Vim ui repellit & hominum salutem & incolumitatem operatur dominus,
531 2325 2181 2397 uindicat iniuriam perpessos, & restituit quae restitui possunt. Idem iustitiam suam
536 2381 2168 2440 declarat, quae cuique rependit pro suo facto. Probrosa ergo facta morte eluit pro¬
531 2439 2168 2507 brosa. Admonet reos sui sceleris & sensum fere indit poenitentiae & salutis. Nam
524 2489 2179 2553 si facinorosus agnoscat scelus admissum, poeniteatque ipsum delicti & toto pectore
525 2548 2176 2606 credat in Christum, remittitur ipsi peccatum & saluatur: sicuti apertum habemus
529 2603 2168 2668 in latrone crucifixo testimonium. Cui certe supplicium fuit salutis occasio. Alteri
536 2659 2171 2727 latronum nihil salutis obuenit, quia non credidit in Christum, neque diuexatione
525 2715 2176 2777 illa sua admonitus sapere coepit. Praeterea exhibetur iudicijs publicis & uindicta
525 2773 2166 2835 exemplum omnibus alijs hominibus quo discant ipsi sibi ab huiusmodi cauere fla
524 2825 1315 2904 gitijs, nisi simili malint perire supplicio.
603 2867 2182 2948 Non animaduertat autem magistratus in quenquam nisi constet prius pu¬
524 2937 2167 3014 niendum, eam quam decernunt iudices poenam comeruisse, ac deum iussisse in
