2288 3632
528 274 2205 365 uersetur. Sed contra religionis leges peccant apostatae, idololatrae, blasphemi, hae¬
536 360 1529 423 retici & falsi doctores, religionis denique irrisores.
602 399 2193 483 Controuersum est autem & controuertitur hodie adhuc an liceat magistratui
531 457 2187 526 suae potestati subditos punire religionis uel contemptae, uel contumelijs affectae
529 521 2196 601 gratia? Manichaei & Donatistae fuerunt in ea sententia, quod nemo sit religionis
532 576 2194 648 gratia urgendus. nedum caedendus, sed quilibet suo relinquendus arbitrio. Ve¬
533 629 2187 699 rum scriptura diuina diserte mandat magistratui, ne pseudoprophetis parcat: imo
523 689 2195 749 iubentur rebelles deo, legibus & iudicibus sanctis, occidi sine misericordia. Loca
530 744 2197 803 sunt in scripturis illustrissima, & nemini non notissima. Alter habetur Deut. 1s.
524 804 2190 872 alter in eodem lib. cap. 17. In Exodo baec ponitur lex. Qui immolat dijs praeterquam
529 857 2195 925 domino soli, exterminetur. Occiditur ac lapidibus obruitur blasphemus in Leui¬
527 912 2187 982 tico. In Numeris caeditur qui uiolarat religionem sabbati. Et quot quaeso illorum
522 977 2195 1039 cadunt gladio ultore sternente, qui uitulum erexerant & coluerant in deserto?
534 1025 2192 1087 Helias celebri sacrificio mactauit aliquot centurias pseudoprophetarum ad mon
524 1087 2194 1155 tem Carmeli. Eliseus mandante domino inungit lehu in regem ad hoc, ut & domum
526 1137 2191 1201 Achabi extirpet, & sacerdotes Baal immolet una omnes. Ioiada sacerdos Athaliam
523 1203 2186 1268 caecidit. Iosias rex deo dilectissimus, sacerdotes excelsorum sacrilegos & pertina¬
532 1249 2184 1322 ces ad unum omnes sustulit. S. Augustinus Tractatu in Ioan. 5. contra Donatis
520 1305 2188 1365 stas disputans, exemplo Nabuchodonosoris ostendit, Christianos principes iuste
522 1363 2189 1423 animaduertere in Donatistas, Christum & doctrinam eius uilipendentes. Inter
526 1425 2190 1493 alia, Si rex Nabuchodonosor, ait, gloriam deo dedit, quia liberauit de igne tres pue¬
526 1482 2192 1550 ros, & tantam gloriam dedit, ut decretum mitteret per regnum suum: quomodo
523 1525 2189 1593 isti (nostri)reges non moueantur, qui non tres pueros attendunt liberatos de ffam
530 1580 2194 1652 ma, sed seipsos liberatos de gehenna, quando uident Christum a quo liberati sunt
517 1644 2194 1714 exufflari in Christianis, quando audiunt dici Christiano, dic te non esse Christia¬
511 1698 2177 1762 num? Talia facere uolunt, & saltem talia pati nolunt. Nam uidete qualia faciunt,
510 1751 2183 1814 & qualia patiuntur. Occidunt animas: affliguntur in corpore, Sempiternas mor
522 1807 2186 1867 tes faciunt, & temporales se perpeti conqueruntur. Haec ille. In nouo testamen¬
519 1864 2181 1940 to habemus maximorum Christi apostolorum Petri & Pauli exempla clarissima.
524 1918 2182 1979 Horum alter Ananiam & Saphyram sternit propter hypocrisin & mendacium siue
523 1973 2178 2055 fictam religionem. Alter Elimam magum, quasi erutis oculis, caecum reddit. Neque
513 2028 2183 2086 admodum refert caedatur aliquis gladio, poculis, an uerbis. Occidere est occide¬
517 2086 2173 2148 re, quocunque fiat modo aut instrumento. Et deus egit per apostolos: idem ille agit
508 2143 2168 2213 per magistratum. Nam ultio est dei, qui illam tradit magistratui uirisque primarijs
514 2197 2168 2267 exercendam uel sumendam de facinorosis. Extant leges multae sanctissimorum
518 2250 2180 2321 principum Christianorum, in negotio religionis latae mandantes punire idolola¬
517 2309 2177 2378 tras, apostatas, haereticos & impios. Vnam ex multis S. Constantini lmperatoris
507 2376 2173 2435 charitati uestrae recitabo. Scribens enim ad Taurum P.P., Placuit omnibus locis
501 2420 2165 2485 atque urbibus uniuersis, ait, claudi protinus templa & accessu uetito omnibus li¬
503 2473 2167 2537 centiam delinquendi perditis abnegari. Volumus etiam cunctos sacrificijs absti¬
510 2540 2177 2610 nere. Quod si aliquid forte huiusmodi perpetrauerint, gladio ultoresternantur, fa
505 2596 2155 2662 cultates etiam perempti fisco decernimus uindicari. Et similiter puniri rectores
510 2647 2156 2712 prouinciarum, si facinora uindicare neglexerint. Eadem prope mandant uulgatis
500 2696 2158 2765 edictis Theodosius & Valentinianus in codice Theodosiano tit. 2. item Valenti¬
499 2750 2155 2819 nianus & Martianus in codice lustiniano tit. 51. lib. 5. His omnibus accedit illud
506 2814 2171 2878 quod citra controuersiam iure & religiose puniuntur adulteri, homicidae, sedi¬
504 2872 2158 2961 tiosi, impostores & blasphemi. Inde consequens est optimo iure occidi & pseudo
501 2923 1993 3012 prophetas aut haereticos. Nam sunt impostores, blasphemi, & homicidae.
