2288 3632
505 262 2179 374 cum hominem post unam aut alteram admonitionem occide aut mulctato, sed
510 344 2186 428 deuita. Fidem item esse donum dei, quod non possit ulli inseri aut dari gladio. Prae¬
504 413 2169 488 terea neminem esse cogendum. Qui cogit, hypocritam facere, religiosum facere
513 455 2179 534 non posse. Ilam etiam apostolos nulla a regibus subsidia uel ad tuendam religionem
516 508 2180 604 Christi, uel ad propagandam aut ad puniendos hostes religionis atque blasphemos
510 574 2176 658 postulasse. Ad quae paucis sic respondeo, Scripsit Paulus ad apostolum dum scri-
511 614 2174 718 psit epistolam ad Titum. Apostolum ergo informat, quomodo se gerat in suo offi
510 676 2182 751 cio erga haereticum deploratum. Si ad Sergium Paulum aut ad praesidem aliquem
514 748 2176 809 scripsisset, proculdubio & huic praescripsisset suum officium. Certe idem ille Pau
514 791 2178 882 lus stans coram Sergio Paulo principe Cypri, suo facto demostrauit Sergio quid
517 864 2186 923 deceat magistratum. Nam Elymam pseudoprophetam non tantum obiurgat uer
515 900 2179 983 bis acerbissimis, deinde eius se abdicat consortio, ipsumque deuitat & fugit, sicut
512 963 1859 1036 Cerinthum Ioannes apostolus, sed & corporali percutit caecitate.
593 1009 2180 1094 Fateor fidem esse donum dei in corde hominis, cuius scrutator solus est domi¬
513 1073 2167 1163 nus. Caeterum ex dictis & factis iudicantur homines: ut ergo non sit punienda er
516 1142 2181 1205 ronea animi opinio, neutiquam tamem ferenda est pestilens & impia professio siue
510 1191 2180 1258 doctrina. Nemo sane punit in hoc saeculo prophanas aut impias animi cogitatio
514 1236 2170 1317 nes: at si hae in apertas erumpant blasphemias, puniuntur iam a bonis principi¬
523 1295 2182 1368 bus blasphemae uoces: interim pietas non confertur per magistratum. lustitia ip¬
517 1370 2183 1426 sissimum dei donum est, quod a solo deo hominibus conceditur. Sed quis adeo ine¬
517 1419 2184 1494 ptus ut inde colligat, ergo iniusti, raptores, parricidae & uenefici non sunt punien
517 1479 2184 1538 di. Nam puniendo magistratus non potest iustitiam conferre iniusto ? Oportet
520 1516 2182 1606 itaque discriminare inter fidem uti est donum dei inhaerens animo hominis, & uti
510 1579 2175 1648 est externa professio pronunciata & testificata coram hominibus. Dum enim fi-
516 1634 2167 1716 des falsa in animo sepulta latet nec inficit quenquam nisi infidelem, puniri non pe
514 1704 2175 1772 test infidelis: ubi autem fides latens erumpit in blasphemias, ac deum palam Iace¬
511 1755 2168 1822 rat, & proximos quosque inficit, protinus cohercendus est blasphemus & seductor,
511 1798 2179 1874 ne malum latius serpat. Hunc nolle cohercere, est gladium furioso dare in manus,
522 1855 2184 1926 ut conficiat imprudentes & imbelles. Fides est donum dei, sed confert hoc suum do¬
517 1908 2174 1988 num deus per media. Ea non uult negligi. Scit paterfamilias fidem esse donum dei,
517 1966 2179 2040 sed nihilominus erudit liberos suos in uerbo fidei, & praecipit ut abeant in coetum
517 2035 2166 2099 sacrum, pro fide orent, ac fidem ex uerbo docentis discant. Indignissime ferret,
515 2078 2169 2149 imo non ferret parens bonus, si filius diceret, Noli pater me erudire, noli me mit-
518 2129 2176 2204 tere in coetum ecclesiasticum, noli negligentem scutica excitare. Fides est donum
524 2189 2163 2258 dei, quod non per scuticam incutitur. Quis ergo aequis auribus audiat clamantes
518 2258 2179 2323 fidem esse donum dei, ergo neminem propter fidem, id est propter fidei corruptio
523 2316 1504 2381 nem & propter blasphemiam esse castigandum?
594 2340 2175 2427 Ac Petilianus quidem clamabat dicens, Absit absit a conscientia nostra, ut ad
525 2409 2179 2503 nostram fidem aliquem compellamus. Author August. lib. 2. contra Petiliani lite¬
517 2482 2164 2548 ras cap. 83. Ergone pergemus paria proferre cum haereticis: aut dicere dominum
523 2534 2164 2604 deum in scripturis hypocrisin plantare cum minis & castigationibus perpellit ad
504 2578 2160 2651 bonum? Dauid dicit, Bonum est mihi domine quod humiliaueris me. Et Ierem,
519 2651 2164 2718 Castigasti me domine, ait, & castigatus sum, ueluti uitulus indomitus. Quod si ne¬
514 2690 2157 2767 mo compellendus est ad bonum, cur quaeso toties iubet mortalium sapientissimus
512 2755 2160 2829 Solomon castigare liberos. Qui parcit uirgae, odit filium, ait : tu quidem percutis
507 2823 2173 2880 eum, sed uirga liberas animam eius a morte. Quotidiana experientia rerumque na¬
503 2861 2157 2931 tura euincit uehementissimos in hominibus esse affectus, quibus nisi medeamur
510 2916 2168 3013 & frenum iniiciamus, perdunt & se & alios qui facile & leui aliqua castigatione
