2288 3632
79 310 1732 389 potius turbatores multi sceleratique latrones & oppressores inter honestos & hu¬
80 370 1735 435 manos ciues ceu ferae beluae inter animantia innoxia uersantur, deus gladium in
76 421 1726 484 defensionem innocuorum e coelis magistratui porrexit. Nullibi uero prohibitum
78 470 1730 544 legitur, ne lupos, apros, ursos, huiusque generis feras alias uel in homines uel pecu
73 537 1732 606 des grassantes, opprimamus conficiamusque. Quid ergo prohibeat bello iuste susce
69 586 1721 660 pto repellere iniustam uim latronum: quando latrones, raptores, barbari milites,
74 648 1733 720 seditiosi ciues parum aut nihil discrepent a feris beluis. Certe scriptura eos non a¬
72 697 1716 772 lijs quam bestiarum nominibus dignatur. His aspirat & sensus naturae comunis
69 757 1732 835 Congruit cum his doctrina religionis & fidei. Si fieri potest, ait apostolus, quantum
69 810 1717 880 in uobis est, cum omnibus hominibus in pace uiuite : non uosmetipsos ulciscen¬
68 864 1729 944 tes. En quantum in uobis est, inquit. Et, Si fieri potest. Alioqui subiungit mox,
70 921 1726 993 Magistratus non frustra gestat gladium, nimirum propter eos qui pacem habere
77 986 1727 1051 cupientibus obstrepunt, omniaque conturbant. Consentiunt exempla sanctissimo¬
73 1035 1723 1112 rum in orbe heroum, qui bella susceperunt pro defensione patriae & innoxiorum,
75 1090 1726 1169 sicuti exposui ex S. Paulo ad Hebraesos, cum enarrarem in quinto praecepto quem
75 1148 1724 1225 honorem debeat quisque suae patriae. Adiinciam his disputata quaedam S. Augustini
79 1208 1726 1286 contra Faustum Manichaeum edita lib. 22. cap. 75. Nec bella, inquit, per Mosen ge
72 1255 1721 1335 sta miretur aut horreat, quia & in illis diuina sequutus imperia non saeuiens sed
70 1319 1728 1394 obediens fuit. Nec deus cum iuberet ista saeuiebat, sed digna dignis retribuebat
73 1375 1723 1440 dignosque terrebat. Quid enim culpatur in bello? An quia moriuntur quandoque
76 1430 1731 1501 morituri, ut dominentur in pace uicturi : Hoc reprehendere timidorum est non re¬
67 1482 1730 1550 ligiosorum. Nocendi cupiditas, ulciscendi crudelitas, impacatus atque implacabi¬
76 1533 1726 1621 lis animus, feritas rebellandi, libido dominandi, & si quae similia, haec sunt quae in
66 1589 1721 1671 bellis iure culpantur, ut etiam iure puniantur. Aduersus uiolentiam resistentium
67 1649 1726 1723 siue deo siue aliquo legitimo imperio iubente, gerenda ipsa bella suscipiuntur at
70 1704 1718 1773 bonis, cum in eo rerum humanarum ordine inueniuntur, ubi eos uel iubere tale
65 1770 1726 1827 aliquid, uel in talibus obedire iuste ordo ipse constringit. Alioqui Ioannes cum ad
70 1819 1714 1892 eum baptisandi milites uenirent, dicentes. Et nos quid faciemus : responderet eis,
74 1875 1708 1943 Arma abiicite, militiam istam deserite, neminem percutite, uulnerate, prosternite.
62 1931 1717 2007 Sed quia sciebat eos cum haec militando facerent non esse homicidas, sed mini¬
55 1987 1722 2052 stros legis, & non ultores iniuriarum suarum sed salutis publicae defensores, re¬
64 2042 1717 2115 spondit eis, Neminem concusseritis, nulli calumniam feceritis: sufficiat uobis sti¬
64 2102 1718 2165 pendium uestrum. Sed quia Manichaei aperte Ioannem blasphemare consueue¬
67 2159 1711 2227 runt, ipsum dominum Iesum Christum audiant, hoc stipendium iubentem reddi
61 2207 1714 2287 Caesari, quod Ioannes dicit debere sufficere militi, Reddite, inquit. Caesari quae
60 2266 1706 2326 Caesaris sunt, & deo quae dei sunt. Ad hoc enim tributa praestantur ut propter bella
52 2324 1721 2401 necessario militi stipendium praebeatur. Merito & illius Centurionis dicentis, Et
64 2386 1715 2451 ego homo sum, sub potestate constitutus, habens sub me milites : & dico huic Va
67 2431 1709 2504 de, & uadit: & alij Veni, & uenit: & seruo meo Fac hoc, & facit, fidem laudauit,
58 2493 1713 2556 non illius militiae desertionem imperauit. Huc pertinet & sequens cap. 75. & 76.
63 2545 1713 2611 &c. Sed libenter parco uobis, neque prolixis recitationibus sententiarum obturbo.
67 2600 1721 2671 Haec hactenus dixi de eo quod bellum liceat gerere magistratui. Vnde & illud
58 2658 1720 2718 colligimus iure & sine culpa subditos suscipere bella ac belligerari, quando ex
67 2716 1720 2795 praecepto magistratus id faciunt. Verum si hic innoxios trucidare pergeret, osten¬
61 2772 1666 2832 sum est superioribus sermonibus impijs magistratus iussis non esse parendum.
137 2819 1718 2904 Videat ergo magistratus ne suo abutatur iure. Et quanquam ob causas iustas
65 2876 1718 2960 & necessarias liceat magistratui bella gerere, est tamemn res periculosissima bellum
54 2936 1716 3034 ac trahit secum agmen quoddam malorum inexplicabile. Puniuntur sane ad eum
