2288 3632
69 254 1733 335 cio: eo quod Christiani nec contendant in foro, nec occidant quenquam, neque
73 318 1727 394 bello res ablatas repetant, aut iniurias illatas uindicent. Et quanquam his suis
85 384 1724 451 quibusque locis responsum sit, colligam tamen aliquot argumenta in compendium,
72 437 1736 498 ex quibus uir politicus & Christianus contra furores & somnia Anabaptistarum
72 491 1732 567 intelligat, si uocetur ad munus magistratus, & posse & debere ipsum in suscipien
72 547 1717 622 do & gerendo magistratu seruire deo. Quod enim fingunt doctrinam euangelij
71 594 1726 670 t medio tollere defensionem & quae defensioni sunt confinia, toto errant coelo.
73 651 590 725 Nam ueritas aliud tradit.
148 706 1735 788 Quaecunque enim diuinitus sunt ordinata ad hominum salutem ac incolumi¬
76 777 1725 834 tatem, adeo non dedecent Christianum hominem, si ijs utatur & ijs se acconmo¬
72 823 1721 893 det, ut si huiusmodi respuat, non sit futurus uerus Christianus. Nam Christiani
73 883 1727 953 cuiusque prima & maxima cura est, salutem & incolumitatem hominum summa
62 938 1720 1007 promouere diligentia. Est autem magistratus non ab ullo homine, sed ipso deo or
74 996 1717 1059 dinatus ad salutem & incolumitatem hominum, quemadmodum disertis uerbis
67 1052 1725 1119 testatum est a prophetis & apostolis. Paulo praesertim ad Romanos 13. Quis au¬
72 1111 1716 1186 tem inde non colligat Christianum cum laude & gloria fungi posse magistratus
67 1160 254 1237 munere?
132 1215 1738 1293 Praeterea nemo negauerit, scio, Christiani hominis esse fidem, non modo uer¬
66 1270 1723 1341 bis, sed ipsis operibus, iustitiae in primis ac misericordiae attestari, curare item mo¬
62 1334 1718 1407 dis omnibus quae publicae pacis & tranquillitatis sunt, insuper facere iudicium &
58 1386 1718 1465 iustitiam, tueri uiduas, pupillos, orphanos, ac asserere oppressos. Occasionem quo¬
68 1448 1711 1511 que, locum & rationem non spernit, non fugit nec reijcit, per quae illa opera bene
61 1497 1719 1566 ficiaue exercere potest. Ideoque Christianus nequaquam detrectat munus seu offi-
58 1553 1714 1632 cium magistratus. Est enim magistratus officium, facere iudicium & iustitiam, &
55 1602 568 1676 curare pacem publicam.
132 1658 1717 1729 lam uero indubitatum & superius demonstratum est, Mosen, Samuelem, Io¬
60 1717 1724 1785 sue & Dauidem non excludi a Christiano nomine. Cum autem isti gesserint ma¬
54 1783 1724 1850 gistratum, quid prohibebit obsecro uel hodie hominem uere Christianum fungi
61 1844 1715 1908 officio magistratus? Quid quod in nouo testamento celebrantur uiri egregij, &
58 1886 1705 1953 ipsi constituti in magistratu, & non deposit propter ueram religionem ab officio.
58 1943 1718 2016 De Iosepho Arimathaeo sic legimus apud Lucam, Ecce uir nomine Ioseph, decu¬
56 2004 1705 2066 rio MMarcus habet honestus senator) erat uir bonus & iustus, nec consenserat con¬
57 2058 1711 2118 silio & facto eorum, oriundus ab Arimathaea ciuitate ludaeorum, qui expectabat
54 2114 1714 2180 & ipse regnum dei. Obseruate obsecro quam illustre sit hoc testimonium. Ioseph
51 2172 1706 2230 est decurio uel senator, & senator quidem honestus. Idem sedit in eo senatu & in¬
58 2223 1705 2285 ter illos iudices, qui condemnarant Christum, sed quia non consensit in ipsorum
61 2280 1704 2350 sententiam, non imputatur innoxio parricidium. Idem praedicatur esse bonus, iu
56 2338 1713 2400 stus, & de eorum numero, qui expectant regnum dei, id est, de numero Christia¬
59 2392 1702 2461 norum, interim decurio siue senator est & manet in urbe Hierosolymorum. Licet
56 2449 1699 2508 ergo Christiano fungi magistratus officio. Huc pertinent exempla de Aethiopico
63 2508 1712 2567 principe, Actorum 8. cap. de Cornelio Centurione Act. 19. cap. & de Erasto quae¬
67 2556 1702 2620 store aerario urbis Corinthiacae Rom. 16. 2. Timoth. 4. Caeterum cupimus Anaba¬
65 2618 1702 2678 ptistas scripturis euincere aut demonstrare, quod obiiciunt istos ad fidem conuer
67 2674 1701 2732 os deposuisse trabeam & gladium. Nos enim superius adductis S. Augustini uer
61 2727 1723 2789 bis ex responsione S. Ioannis Baptistae, qui & ipse praedicauit euangelium, demon¬
61 2781 1693 2849 strauimus milites baptisatos nequaquam depositos esse ex officio, aut praeceptum
61 2843 871 2905 eis per Ioannem ut desererent militiam.
134 2886 1721 2967 Obijiciunt aliud, dominum se subduxisse dum populus cogitaret ipsum creare
