2288 3632
446 309 2127 415 dere fidelibus. Videant ergo sancti, magistratus in primis, ne hic sint segnes, sed
463 378 2132 460 alacres, sancta tueantur coniugia, persequantur seuerissime obscoenitates, forni
462 451 1203 525 cationes, & omnem immunditiam.
537 476 2124 574 Haec ex scriptura sancta recitaui hucusque paulo copiosius, ut omnibus mani¬
471 540 2134 630 festum facerem coniugium esse sanctum, & iccirco eius moderato, sancto, legiti¬
458 599 2129 692 moque usu neminem posse inquinari : ergo omnibus quoque esse permissum. Apo¬
459 663 2136 746 stolus enim, Episcopus, inquit, sit unius uxoris uir, qui suae domui bene praesit, li¬
462 708 2121 800 beros habens fideles. Nam & apostolos Christi, apostolicosque uiros sanctissimos
465 768 2130 858 ecclesiarum pastores, habuisse uxores, diuino & humano testimonio comproba¬
473 821 2126 914 tur. Neque uero aliud post prauam doctrinam magis inficit ecclesiam, omnemque
464 880 2135 974 disciplinam subuertit ecclesiasticam, quam si ministri ecclesiarum, qui debuerant
463 937 2132 1028 esse lumina, sint fornicarij & adulteri. Scandalum hoc prae caeteris honestatem om
464 998 2127 1080 nem fatigat atque conspurcat. Sed de hi in praesentiarum non statui prolixius &
475 1046 2121 1157 plene disputare. His adiincio uinculum coniugij esse indissolubile & sempiternum
483 1112 2127 1193 id est nunquam dissipandum. Fit enim ex duobus una caro, unum corpus. Hoc
476 1160 2134 1252 si disseces, perdis. Quod ergo deus coniunxit, homo non separet. Ergo huius cor¬
477 1213 2138 1315 poris caedem faciunt, qui adulterium perpetrant. Diuortium enim admittit lex e¬
483 1277 2130 1375 uangelica & lex humana inter maritum & adulteram. Neque sit minor & leuior
481 1339 2128 1413 causa, quae inter coniuges uinculum hoc dirimit, quam fornicatio. Alioqui maio¬
475 1382 2133 1480 res in euangelio non prohibuit esse diuortij causas, qui minorem permisit. Ac in
483 1442 2131 1529 ecclesia ueteri non unam fornicationem separationis causam fuisse, testes sunt Chri-
471 1496 1867 1583 stianorum principum epistolae atque constitutiones. De quibus alias,
558 1541 2137 1641 Vt autem uinculum hoc sanctum coalescat firmius, multum refert si sancte, Ie
484 1609 2140 1704 gitime, cum timore dei, & cum iudicio, coeant coniugia. Ne sint inuita aut coacta.
486 1671 2142 1754 lungant prius animorum consentientium genij, quos postea coniungit professio
478 1719 2140 1806 consensus mutui & externa confoederatio. Iungantur qui non sunt propinqui¬
486 1778 2134 1868 tate sanguinis aut affinitatis disiuncti. lungantur qui per leges diuinas atque pa¬
486 1840 2141 1916 trias, parentum consensu consilioque accedente, coniungi possunt. Adsit in contra
483 1899 2137 1972 hentibus mens syncera, quae querat incolumitatem & felicitatem perennem, hoc
480 1952 2143 2030 est quae unice spectet uoluntatem dei: neque admittat ulla parte prauos adfectus in
485 2004 2144 2084 consilium. Hierocles in lib,. de Nuptijs, Imprudentia omnino grauis est, inquit, u
486 2055 2140 2146 quae res etiam per se faciles, onerosas efficiat, & inter alias uxorem quoque. Non pau¬
481 2107 2137 2196 cis enim intolerabiles fuerunt nuptiae: non quod sua culpa aut suapte natura talis
480 2168 2135 2258 sit cum uxore societas, sed quando ducimus, quas non oportebat, inde usu uenit
479 2219 2146 2312 ut fiat intolerabilis illa societas. Hoc sane modo nuptiae uulgo eueniunt. Non enim
474 2277 2137 2375 procreationis liberorum, aut uitae societatis gratia ducunt uxores: sed alij propter
486 2330 2134 2421 magnitudinem dotis, alij excellentia formae, alij uero alijs istiusmodi causis ducti,
475 2405 2133 2479 ceu malis consiliarijs usi, de ingenio & moribus sponsae nulla cura habita, in per
475 2445 2138 2537 niciem suam nuptias celebrant. Huc pertinet quod Plutarchus in libello De libe¬
481 2497 2147 2585 ris educandis parentes admonet, ut eiusmodi liberis suis uxores despondeant, quae
485 2556 2139 2648 non sint multo uel ditiores uel potentiores. Prudenter enim dici Prouerbio, Tuae
478 2610 2141 2708 sortis uxorem ducito. Breuiter praeluceat in his omnibus timor dei, uerbum dei,
492 2686 1216 2756 & ardens ad deum effusa precatio.
566 2712 2150 2821 Caeterum non conuenit in legitimo coniugio plures esse quam duo, qui con
490 2793 2142 2870 stringantur unum sub iugum. Polygamia enim usurpata patribus nostris citr¬
480 2836 2134 2928 culpam, nullam nobis constituit legem. llluxerunt correctionis tempora & ueni
491 2893 2145 2986 in orbem Messias omnia docens atque reformans. Leges ergo coniugij idem ille re¬
474 2952 2140 3051 duxit ad primam regulam & legem. Erunt, ait dominus, duo in carne una. Et apo¬
