2288 3632
165 217 1843 320 si & noui testamenti codex adiinciatur? Non ignoro dominum Iesum fecisse & di-
152 301 1842 370 xisse plurima quae non sunt scripta ab apostolis. Sed ideo non sequitur inabsolus d
169 368 1842 424 tam esse doctrinam uerbi dei per apostolos traditi. Nam Ioannes apostolus & euan d
175 405 1822 489 gelista fatetur ingenue dominum & alia multa fecisse quae non sint in suo libro
172 464 1822 535 scripta: sed idem mox addit, Haec autem scripta sunt, ut credatis quod Iesus est Chri-
162 531 1821 589 stus filius dei, & ut credentes uitam habeatis per nomen eius. Asserit hac doctrina
167 574 1828 650 sua quam scripto comprehendit, plene fidem tradi & per fidem uitam concedi a
172 629 1827 704 deo aeternam. Atqui finis absolutae doctrinae est, felicem & uere beatum esse. Quod
168 683 1836 784 cum obtingat homini per doctrinam euangelicam scriptam, certe absolutissima est.
250 741 1842 818 Scio dixisse in euangelio dominum, Multa habeo que uobis dicam: sed modo
161 808 1843 873 non potestis portare. Verum scio eundem mox subiecisse, Cum autem uenerit spi¬
175 852 1842 928 ritus ueritatis, ducet uos in omnem ueritatem. Scio praeterea uenisse spiritum ue
176 925 1818 984 ritatis in discipulos, itaque credo ipsos iuxta ueracem Christi promisionem, ductos
178 982 1428 1046 esse in omnem ueritatem, ut certissimum sit his nihil defuisse.
246 1008 1821 1096 Caeterum cum quidam hoc negare non possint, ad hoc conuertuntur ut dicant
182 1079 1830 1164 apostolos quidem nouisse omnia, at non nisi uiua uoce tradidisse, scripto non item
181 1133 1817 1209 commendasse omnia quae ad ueram pietatem pertinent. Quasi uerisimile sit fide¬
173 1187 1823 1270 lissimos Christi apostolos posteritati maligne aliquid uoluisse negare. Quasi uero
182 1246 1808 1325 mentitus sit qui dixit, Haec scripta sunt ut credentes habeatis uitam eternam. Ni
181 1306 1814 1375 hil omisit ergo Ioannes quod ad fidem plene informandam pertinet. Nihil omi
175 1353 1826 1431 sit Lucas. Nil omiserunt reliqui apostoli & discipuli domini nostri Iesu Christi. Et
181 1415 1834 1487 Paulus scripsit epistolas 14. sed plerasque eiusdem argumenti. Vnde conijcere licet
184 1475 1828 1544 in ijs plenam contineri pietatis doctrinam. Non enim inculcasset subinde unam
185 1523 1834 1610 & eandem rem tam multis, si fuissent adhuc alia quaedam pro consequenda salu
178 1591 1831 1665 te necessaria plenius tradenda. Haec tradidisset haud dubie, non repetiuisset ean¬
187 1641 1825 1713 dem rem toties. Certe in 3. cap. epistolae ad Ephesios testatur sese primis eius epi¬
192 1692 1831 1771 stolae capitibus exposuisse suam de euangelio Christi cognitionem. Deus secun¬
193 1751 1831 1825 dum reuelationem, inquit, notum mihi fecit mysterium, quemadmodum ante scri-
196 1801 1837 1894 psi paucis, ex quibus potestis legentes intelligere cognitionem meam in myste¬
187 1858 1829 1953 rio Christi. Haec autem de unica epistola, imo de primis duobus eius epistolae ca¬
186 1914 1830 2011 pitibus loquutus est. Quibus cum accedant copiosissimae & luculentissimae eius¬
192 1967 1834 2059 dem Pauli, adde & aliorum apostolorum literae siue epistolae, quis quaeso nisi ine¬
195 2026 1823 2120 ptissimus quisque cogitauerit apostolos imperfectam posteris doctrinam scri-
186 2096 492 2177 pto reliquisse?
280 2127 1836 2227 Qui uero acriter contendunt, uiua quidem uoce, non autem scripto, omnia
190 2197 1826 2287 pietatis tradita esse posteris per apostolos, hoc agunt, ut suas, hoc est humanas
205 2249 1843 2326 constitutiones pro uerbo dei uenditent. Sed contra hoc uenenum istud habetote,
201 2312 1842 2383 uobis fratres antidotum. Conferte quae isti uenditant pro uiuis non scriptis apo¬
191 2361 1836 2446 stolorum traditionibus, cum manifestis apostolorum scripturis, & sicubi tradita
208 2422 1837 2498 illa a scriptis discrepare uideritis, colligite figmentum id esse hominum non tradi¬
197 2473 1835 2563 tionem apostolicam. Qui enim unum & eundem spiritum habuerunt ueritatis, non
204 2538 1832 2613 aliud scripto nobis reliquerunt, aliud uiuia uoce tradiderunt. Praeterea diligenter
205 2583 1839 2663 inuestigandum est, traditiones illae gloriam dei magis an hominum, incolumita¬
209 2650 1841 2721 tem item fidelium magis quam priuatum sacerdotum compendium promoueant.
207 2696 1831 2773 Cauendum est autem ab humanis traditionibus, praesertim cum dominus dicat,
198 2751 1841 2830 Frustra me colunt docentes doctrinas praecepta hominum: ut iam tutissimum sit
202 2820 1842 2892 adhaerere uerbo domini, nobis in scripturis relicto, abunde omnia quae uerae pie¬
210 2880 601 2965 tatis sunt tradente,
