2288 3632
108 261 1789 349 hac lege conniuentes & fouentes, aut etiam mediantes atque copulantes fornica¬
117 331 1810 397 rios homines. lmpio dicit deus in Psalmis, Quare assumis testamentum meum in
127 390 1780 454 os tuum : Cum odio habeas disciplinam, & uerba mea post te reiicias? Si uidebas
123 448 1782 517 furem currebas cum eo, & cum adulteris portionem tuam ponebas, &c. Punit er
123 507 1789 573 go ista omnia in sceleratis iustus dominus, unumquodque pro magnitudine sua.
127 561 1789 625 Sunt enim alia peccata alijs grauiora. Adulter est qui concupiscit in animo suo
133 616 1784 685 uxorem alterius : sed idem peccat grauius si etiam opere pergat complere scelus,
121 684 1787 746 grauius rursus si compleat, & adhuc grauius si repetat. Ita peccat quidem adul¬
127 745 1795 801 ter, sed peccatis quoque qui iuuat adulterum, qui defendit. Peccat grauiter scorta¬
134 788 1795 855 tor, sed grauius peccat qui se polluit incestu, grauissime omnium qui communi-
121 855 1801 914 cat cum abominandis Sodomitis. Praecipitur itaque hoc mandato septimo uerecun
137 905 1801 970 dia, pudor, sobrietas, temperantia, castitas & honestas publica, denique uera animi
127 954 1597 1017 & corporis sanctimonia, Restat iam ut aliquid dicamus de Continentia.
193 1009 1788 1077 Abstinentia ab alienis abstinemus ne cui eripiamus suum. Temperantiam uo¬
127 1066 1810 1127 lunt continentia patere latius. Nam hanc illius partem faciunt. Ego simpliciter Con¬
132 1132 1794 1189 tinentiam oppono intemperantiae aut incontinentiae. Est enim uirtus & animi
131 1175 1799 1242 uis a spiritu dei accepta, quae comprimit affectus, nec quicquam permittit uolu¬
127 1235 1793 1308 ptatibus illicitis. Haec exercet se & locum habet in sermone hominum, in uolupta
136 1288 1789 1353 te etiam concessa, in uestibus, in habitatione seu aedificijs, in cibo & potu, ac in re
129 1350 1492 1415 bus quoque alijs. Nos enumerata duntaxat in praesenti excutiemus,
200 1399 1809 1469 Principio requiritur a nobis ut linguam nostram contineamus, neque laxemus
133 1462 1809 1529 ipsam in contumeliam gloriae dei, aut in proximi nostri detrimentum. Sit sermo
127 1516 1801 1578 hominis Christiani honestus, utilis & sale conditus, sit prorsus alienus a scurrili¬
128 1573 1790 1644 tate, leuitate, mendacio, a turpitudine & obscoenitate. De lingua multis egit bea¬
130 1630 1796 1695 tus Iacobus in sua epistola cap. 3. In primo capite, Sit omnis homo, ait, uelox ad au
136 1689 1800 1764 diendum, tardus ad loquendum, tardus ad iram. Et Paulus. Omnis sermo spur¬
121 1753 1789 1814 cus, inquit, ex ore uestro ne procedat, sed si quis est bonus ad aedificationem, quo¬
130 1799 1786 1868 ties opus est, ut det gratiam audientibus, & ne contristetis spiritum sanctum dei,¬
143 1849 1792 1914 per quem obsignati estis in diem redemptionis. Item, Scortatio & omnis immun¬
135 1907 1798 1970 ditia aut auaritia ne nominetur quidem inter uos, sicut decet sanctos, aut obscoe¬
130 1975 1792 2038 nitas, aut stultiloquium, aut urbanitas, quae non conueniunt, sed magis gratiarum
130 2023 1802 2090 actio. Ne quisquam decipiat uos inanibus sermonibus. Propter baec enim uenire
130 2077 1796 2142 solet ira dei in filios inobedientes. Nam & alibi ex Menandro hanc protulit sen¬
132 2136 1790 2207 tentiam, Corrumpunt mores bonos colloquia praua. Sed & uiri animus inspici¬
134 2190 1789 2257 tur in sermone. Ex abundantia enim cordis os loquitur. Ergo si alibi uspiam hic
129 2240 1337 2314 in primis conuenit Christianos esse continentes & sobrios.
208 2295 1809 2358 Concessit quidem dominus homini uoluptates. Licet enim ad sobrietatem or
125 2362 1809 2422 nare uestibus corpora, & ijsdem ab eis depellere frigus. Concessit amplexus con¬
137 2414 1798 2473 iugales sanctos. Concessit contra intemperiem coeli habitationes commodas, nec
133 2470 1801 2535 flagitat ut pecudum aut beluarum instar per agros & syluas oberremus. Con¬
139 2526 1799 2593 cessit ad necessitatem adeoque ad iucundam satietatem cibos atque potum. Concessit
130 2582 1790 2646 otium, quietem atque somnum mirabiliter uires etiam deficientes reparantem. Pro¬
127 2636 1789 2702 inde cum illis fruitur, & illa percipit, illisque cum honesta uoluptate delectatur uit
130 2699 1794 2767 pius, agat deo gratias, moderate & cum timore dei illis utatur. Non enim peccat
129 2761 1797 2821 contra dominum. Abusu illarum rerum, ingratitudine & intemperantia peccatur.
227 2805 1798 2867 Nam quid permissum sit coniugibus, superius exposui in hoc eodem sermo¬
142 2864 1795 2927 ne ut idem repetere non sit necessarium. Solomon dicit, Laetare cum muliere ado¬
130 2920 1801 2998 lescentiae tuae: sit haec amata cerua & caprea gratiosa: amores eius omni tempore
