2288 3632
106 222 1769 307 phure de coelo & perdidit omnes. Addit idem, Cauete uobis ne quando grauentur
112 292 1771 359 corda uestra crapula & ebrietate, & curis huius uitae, subitusque ingruat uobis dies
109 349 1775 417 illa. Tanquam laqueus enim superueniet super omnes qui sedent super faciem
117 404 1774 465 totius terrae. Vigilate itaque omni tempore, deprecantes, ut liceat uobis effugere
105 461 1768 524 ista omnia, & stare ante filium hominis. Atque utinam plures hanc auream coelestem
117 510 1764 584 & diuinam admonitionem saluatoris scriberent non tantum in omnibus aulis &
110 568 1776 639 hospitijs ubi exhibentur conuiuia, sed in cordibus singulorum. Quoniam enim
109 624 1768 685 ebrietas regnum nostro saeculo apud omnes fere gradus siue ordines sexus & ae¬
114 685 1763 751 tates obtinet, experimur in diem mala illa quae ebrijs minatus est dominus apud
114 736 1772 809 lsaiam in capite 5. & 28. Ac metuendum est ualde ne ebrios dies illa domini innu¬
119 797 1768 856 meros sit deprehensura ad suum ipsorum interitum. Ergo qui aures habet ad au¬
119 846 461 911 diendum audiat.
190 903 1784 983 Non possum hic mihi temperare quin recitem C. V. quae S. Martinus non Tu
115 968 1783 1030 ronensis ille, sed Dumiensis episcopus, sub lustiniano Caesare forens, in libello
106 1022 1782 1081 ad Mironem Galliciae regem de Continentia scripta reliquit. Continentiam, in¬
119 1086 1768 1155 quit, si diligis circuncide superssua, & in arctum desideria tua constringe. Consi¬
116 1138 1775 1196 dera tecum quantum natura poscat, & non quantum cupiditas expetat. Impone
115 1190 1769 1267 concupiscentiae tuae frenum & modum, omniaque blandimenta quae occultam uo
119 1246 1764 1320 luptatem trahunt reijce. Ede citra cruditatem, bibe citra ebrietatem. Nec praesen¬
113 1300 1769 1376 tibus delicijs inhaerebis. nec desiderabis absentes. Victus tibi ex facili sit, nec ad
110 1363 1768 1436 uoluptatem sed ad cibum accede. Palatum tuum fames excitet, non sapores. De-
110 1411 1772 1492 sideria tua paruo redime, quia hoc tantum curare debes ut desinant: atque quasi ad
109 1469 1760 1529 exemplar compositus diuinum, a corpore ad spiritum, quantum potes te festina
115 1529 1768 1589 reducere. Si continentiae studes, habita non amoene sed salubriter, nec dominum
122 1582 1765 1656 esse uelis notum a domo, sed domum a domino. Non tibi ascribas quod non eris,
121 1648 1758 1715 nec quod es. nec maior quam es uideri uelis. Hoc magis obserua ne paupertas ti¬
121 1691 1761 1756 bi immunda sit, nec parsimonia sordida, nec simplicitas neglecta, nec lenitas lan¬
108 1753 1764 1826 guida: & si tibi res exiguae sunt, non tamen sint angustae. Nec tua defleas. nec mi-
112 1819 1763 1878 reris aliena. Si continentiam diligis, turpia fugito, antequam accidant: nec quen¬
112 1867 1769 1926 quam alium uereberis plus quam te. Omnia tolerabilia praeter turpitudinem cre¬
114 1923 1763 1983 de. Auerbis quoque turpibus abstineto, quia eorum licentia impudentiam nu¬
119 1978 1753 2048 trit. Sermones utiles magis quam facetos & amabiles ama, rectos potius quam ob
119 2028 1768 2096 secundantes. Miscebis interdum serijs iocos, sed temperatos & sine detrimento di-
103 2094 1763 2157 gnitatis ac uerecundiae. Nam reprehensibilis risus est si immodicus, si pueriliter
107 2143 1753 2203 effusus, si muliebriter fractus. Non erit tibi scurrilitas sed urbanitas grata. Sales
102 2192 1751 2249 tui sint sine dente, ioci non sine utilitate, risus sine cachinno, uox sine clamore.
106 2252 1766 2322 incessus sine tumultu. Quies tibi non desidia erit. Et cum ab alijs luditur, tu sancti
111 2306 1768 2376 aliquid honestique tractabis. Si continens es, adulationes euita, sitque tibi tam triste
104 2360 1755 2437 laudari a turpibus, quam si laudaris ob turpia. Laetior esto quoties displices malis,
114 2416 1758 2485 & malorum de te existimationes malas ueram tui laudationem ascribe. Difficilli¬
109 2476 1754 2541 mum continentiae opus est assentationes adulatorum repellere, quorum sermones
110 2537 1763 2593 animum uoluptate resoluunt. Non eris audax aut arrogans. Submittes te, non
115 2592 1766 2655 proiicies, grauitate seruata. Admoneberis libenter, & reprehenderis patienter.
107 2641 1753 2715 Si merito obiurgabit aliquis, scito quia profuit. Si immerito, scito quia prodesse
105 2698 1756 2761 uoluit. Non acerba, sed blanda timebis uerba. Esto uitiorum fugax ipse, aliorum
110 2759 1761 2828 uero neque curiosus scrutator, neque acerbus reprehensor, sed sine exprobratione
121 2814 1752 2882 correptor, ita ut admonitionem hilaritate praeuenias : & errori facile ueniam da¬
115 2868 1749 2943 to. Nec extollas quenquam nec deiincias. Dicentium esto tacitus auditor, audien¬
