2288 3632
199 260 1775 340 Hoc ipsum consequenti demonstratione, etiam oculis conspiciendum, manibusque ueluti palpandum, sicuti pos
126 326 1767 406 licitus sum, exhibebo, productis in medium, non ex Herodoto aut prophana, sed ex sacra ueracissimaque historia r.
115 391 1763 451 gibus maximis, Saul primus lsraelitarum rex felicissimus et uictoriosissimus fuit, quoad sequeretur in omnibus ue
122 445 1763 509 bum dei: ubi autem suis intentionibus bonis locum dedit, repudiatus a deo, per Samuelem, sibi annunciari audit
120 501 1783 568 Tu reprobasti ac reiecisti uerbum domini, ergo abiecit te quoque dominus ne sis rex super lsraelem. Nolo hic mul¬
116 552 1772 620 tis exponere quantis malis inuolutus sit Saul ab eo tempore. Nam sicut ipse horribiliter exagitabatur a malo spi
126 611 1774 673 ritu, ita regnum truculenter uexare & excarnificare non desijt, donec abduceret omnes suos im summum discri-
118 666 1774 729 men, caderetque cum suis caesus crudelissime ab Ethnicis, aeterna post se ignominia relicta Sequitur Saulem in regno
127 721 1786 796 Dauid, qui citra controuersiam omnium regum felicissimus fuit. At quanti hic fecerit uerbum domini, ex multis
123 781 1773 842 ipsius clarissimis factis claret, in primis uero ex psalmo illo alphabetico, qui ordine & numero est 110. Hoc enim
121 842 1782 910 canit encomium Verbi dei, cuius uim salutiferam mira copia exponit, docens quanto studio ardoreque hoc persequi
127 887 1779 958 conueniat. Didicerat enim ex probris domesticis, & infelicissima Absolomis filij sui seditione, quantum malum sit
119 958 1778 1021 deffectere a uerbo domini. Solomon Dauidis filius regum totius orbis & sapientissimus & laudatissimus, eatenus
122 1001 1760 1078 felicitatem laudemque obtinuit, quatenus uerbo domini religiose obtemperauit. Quamprimum uero praeuaricare.
122 1057 1768 1126 tur legem domini, audit a domino, Quandoquidem hoc apud te fuit, nec seruasti foedus meum, & statuta mea qua
116 1114 1762 1185 tibi praecepi, omnino rescindam a te regnum, & tradam illud seruo tuo. Certe a morte Solomonis regnum in duar
121 1173 1765 1237 partes est discissum, & decem tribus secutae sunt Ieroboam seruum Solomonis. Duae tribus adhaeserunt Roboamo
118 1225 1770 1293 filio Solomonis. Hic quoniam et ipse negligit uerbum dei, deosque sequitur alienos, multis adobruitur calamitatibus,
116 1293 1769 1357 Scriptura enim commemorat, Aegyptios ascendisse contra Hierusalem, ac templum, regiam & urbem diripuisse,
116 1340 1760 1401 Abia filius Roboam caecidit exercitum lsraeliticum, & uictoriam reportauit magnificam, uulneratis occisisque e¬
128 1395 1764 1458 decem tribubus quingentis milibus. Nec alia commemoratur huius uictoriae caussa, quam quod credidisset uerbo dei
121 1453 1777 1511 Abiae patri successit in regno Asa filius, rex incbtus et potentissimus, de quo scriptura sanctu commemorat, quod
121 1505 1777 1571 superstitiones sustulerit e medio, ueram uero religionem iuxta uerbum dei restituerit: unde & regnum consecutus
124 1567 1764 1628 sit fiorentissimum & tranquillissimum per annos quadraginta, Rursus de losaphat filio Asae legimus, ruit domi,
125 1624 1774 1682 nus cum Iosaphat, quoniam ambulauit im uijs Dauidis patris sui primis, nec quaesiuit Baalim, sed deum patris su
124 1677 1754 1740 quaesiuit, & in praeceptis eus ambulauit. Opibus ergo uere regijs, &x uictorijs celeberrimis, toti inclaruit orbi.
130 1734 1759 1792 Caeterum filius eius toram, quod defecisset a uerbo domini, audit ab Helia propheta, Quandoquidem non ambu¬
118 1788 1764 1858 lauisti in uijs losaphar patris tui, & inuijs Asae regis, sed ambulasti in uia regum israelis, ecce dominus percutiet
115 1845 1771 1917 plaga magna populum tuum, & filios tuos, & uxores tuas, & cunctum substantiam tuam. Te autem percutiet
115 1904 1772 1968 doloribus mgiis, morbo uiscerum tuorum, donec essiuant. Quae autem ipsi minatus est dominus per prophetam,
116 1958 1771 2026 ea ipse insandis cum tormentis & summa cum ignominia sensit infelix : exemplum factus infelicitatis miseriaeque
124 2012 1770 2082 omnibus ijs obuenturae, qui deserunt uerbum domini. Nec meliorem sortem expertus Ochosias, loram regis Attha
123 2068 1767 2128 liaeque filius, lehu iubente confossus misere interijt: eo quod maluisset sequi leges & ritus regum ssraelis, quam ipsas
117 2129 1758 2197 domini dei sui leges. Porro Ioas adhuc puer, septem annos natus, opera, fide, & industria fidelissimi sacerdoti
121 2178 1752 2237 Ioiadae in locum patris caesi suffectus, interempta impia Atthalia, felicissime regnauit, donec uiueret Ioiada sacer
125 2237 1777 2299 dos. Huius enim fuggestione & uigilantia ad normam uerbi domini in omnibus respexit rex. Vbi uero pontifex mi
121 2289 1765 2358 grasset ex hoc saeculo ad dominum, rex consiliariorum suorum uafricie & malitia seductus, uerbum domini reli¬
121 2353 1765 2418 quit. Simul autem reliquit ipsum felicitas & gloria. Nam Sori, modicis instructi copijs, iudaeorum amplissimas co¬
121 2409 1769 2476 pias fundunt & fugant, omnes regis consiliarios conficiunt, totumque regnum diripiunt, Rex loas haec inaestimabili
128 2462 1762 2533 cum moerore uidere, simul & dutina tabe consumi, tandem a seruis suis in lecto suo crudeliter iugulari meruit.
131 2516 1765 2574 Amasias filius lods, claram consecutus legitur uictoriam, quam de ldumaeis reportauit, non aliam ob caussam, nist
127 2574 1763 2638 quod obtemperauisset uerbo domini. Sed idem ille rebellis factus deo & prophetis dei, superatur a loas rege lsraeli¬
117 2639 1767 2704 tico, d quo etiam spoliatur, dirutum interim bona, murorum parte urbis Hierosolmorum: ipse quoque ab insidiatori-
121 2684 1771 2745 bus interemptus, misere occubuit. Successit ei osias filius, qui & ipse felicitante usus est singulari, donec ori diuino
125 2746 1774 2816 non contradiceret: ubi uero eam sibi usurparet functionem, quam Leuitis propriam uoluit esse dominus, & oppo¬
133 2799 1761 2854 neret se uerbo domini, lepra percussus, habitauit in domo separata, exclusus a consortio hominum ad diem usque
121 2848 1786 2927 mortis suae. Porro diues & uictorijs clarus fuisse dicitur lotham Osiae filius : caussam huius felicitatis reddit scri-
130 2910 1787 2982 ptura paucis, dicens, Roboratus est lotham, quoniam direxit uias suas coram domino deo suo. Contra uero Achas
