2288 3632
185 221 1840 295 est qui rigat aut qui plantat, sed qui incrementum dat deus. Dei ergo irrigatione
193 285 1840 355 opus est ut adolescat in animis nostris, et incrementum recipiat, imo ad iustam fru
187 342 1838 406 gem perueniat uerbum dei. Idem apostolus Paulus, Nobis quoque annunciatum
188 391 1831 462 est uerbum dei, ait, sicut & patribus nostris. At non profuit illis audisse sermonem,
191 451 1840 521 quod is non esset cum fide coniunctus apud eos qui audierant. Nam conciderunt
193 503 1850 566 in deserto. Idem mox, Studeamus igitur ingredi in illam requiem, ne quis eodem
191 564 1834 632 concidat incredulitatis exeplo. Proinde si sonet in auribus nostris uerbum dei, inte
197 613 1838 679 rim aunt in cordibus nostris uim suam exerat spiritus dei, fideque uera uerbum dei reci
186 672 1831 741 piamus, maxima uirtus et mirificus effectus est uerbo dei in nobis. Depellit enim
187 739 1846 798 errorum caliginem, oculos nostros aperit, conuertit, illuminat mentes, & in absoluta
193 784 1850 842 ueritate & pietate plenissime erudit. Canens enim uates diuinus testificatur & ait,
191 840 1834 914 Lex domini integra est conuertens animas, testimonium domini uerum, imperitis sa
202 896 1841 964 pientiam suppeditans. Praeceptum domini repurgatum est, illuminans oculos. Cibat prae
183 966 1837 1028 terea uerbum dei animas nostras, roborat, confirmat & consolatur, Regenerat item,
196 1013 1843 1073 mundat, gaudio perfundit, & cum deo coniungit, imo impetrat a deo omnia & feli
184 1064 1844 1130 cissimos reddit, ut uerbo dei nulla bona, nulli denique thesauri totius mundi con¬
192 1118 1837 1185 ferri possint. Ac tanta quidem tribuimus uerbo dei non citra uerbi dei testimonia.
190 1175 1850 1244 Nam minatur dominus per prophetam Amos famem & sitim, non utique panis &
184 1233 1849 1297 aquae, sed audiendi uerbum dei. In lege enim & euangelio dicitur hominem non solo pa
191 1286 1850 1355 ne uiuere, sed omni uerbo quod egreditur ex ore dei. Et apostolus Paulus dicit,
187 1348 1851 1415 omnia scripturae exarata esse in nostram doctrinam, ut per patientiam & consolatio
190 1397 1850 1454 nem scripturarum, spem habeamus, Petrus item, Regenerati estis, inquit non ex semine
191 1458 1842 1522 mortali, sed ex immortali, per sermonem uiuentis dei et manentis in aeternum. Hoc aunt
186 1508 1838 1576 est uerbum quod per euangelium delatum est ad uos. Dominus quoque in euangelio
189 1565 1850 1629 testificatur, & ait, lam uos mundi estis propter sermonem, quem locutus sum uobis.
194 1617 1850 1683 ldem in euangelio clamat. Si quis diligit me, sermonem meum seruabit, & pater
188 1675 1825 1739 meus diliget eum, & ad eum ueniemus & mansionem apud eum faciemus. Iam
189 1731 1850 1790 & Ieremias, Verbum tuum, inquit, factum est mihi in gaudium. Et Dauid prophe¬
191 1789 1851 1853 ta dicit, Decreta domini recta sunt cor exhilarantia. His adde illud domini ex e¬
192 1840 1851 1900 uangelio dictum, Si manseritis in me, & uerba mea in uobis manserint, quicquid
190 1900 1850 1976 uolueritis petetis, & fiet uobis. Alibi uero propheta clamat, Si uolueritis & audie: i
199 1955 1831 2021 ritis, bona terrae comedetis: quod si audire uerbum meum nolueritis, gladius de¬
187 2010 1828 2078 uorabit uos. Sed & multus ac copiosus est Moses in recensendis bonis, quae obue
189 2065 1850 2127 niunt uerbo dei obsequentibus, in Leuitici capite 26. & Deut. 28. cap. Vnde Da¬
186 2122 1825 2190 uid, uerbum dei omnibus huius mundi delicijs & thesauris praeferre ausus fuit,
194 2178 1828 2242 Timor domini mundus perstans perpetuo, iudicia domini uera simulque iusta. Ma
181 2233 1836 2306 gis expetibilia quam sit aurum uel praestantissimum atque plurimum, & dulciora
188 2295 1826 2359 melle & fauis stillantibus. Etenim seruus tuus perspicue illis admonetur, in illorum
188 2345 1850 2413 obseruantia multa merces est. Ergo tui oris lex melior mihi est, quam auri & ar¬
180 2399 1829 2471 genti millenarij. Nisi lex tua meae deliciae essent, perijssem in miseria mea. Huc
194 2468 1850 2522 iam pertinet parabola euangelica de emente margaritam preciosam, item de uen
192 2518 1819 2590 dente omnia quae habebat & emente agrum in quo sciebat absconditum esse the
193 2570 1823 2642 saurum. Nam margarita illa, thesaurus ille, euangelium siue uerbum dei est. Quod
193 2623 1850 2695 & propter praestantiam in scripturis appellatur Lux uel lumen, lgnis, Gladius,
191 2687 1610 2753 Malleus conterens petras. Clypeus, & quae illis alia sunt similia multa.
232 2738 1850 2800 Audiuit hac hora charitas uestra, benignum dominum & deum nostrum, qui
195 2797 1850 2865 uult omnes homines saluos fieri & ad cognitionem ueritatis uenire, uerbum suum
186 2845 1850 2936 reuelauisse omnibus in toto mundo hominibus, atque in hunc finem reuelauisse,
