2288 3632
121 302 1772 388 suas uendiderunt aut reliquerunt, quomodo coenobitarum more cohabitarunt?
114 362 1768 451 Nihil ergo est aliud quod Lucas dicit, Quotquot crediderant erant coniuncti
120 427 1781 504 quam erant frequentes in templo. Nihil ergo fuit illa communicatio bonorum in¬
121 489 1776 559 ter Christianos aliud quam quod ditiores domos, agros, & praedia uendebant, ut
112 534 1769 618 collatis in unum pecunijs succurreretur pauperioribus, ne famis improbitate ada¬
126 588 1768 668 cti ad ludaismum reuerterentur. Quin plerisque Actorum locis legimus, Christia¬
117 656 1765 724 nos domos & propriarum facultatum sibi retinuisse administrationem, ut Acto.
121 699 1775 782 9. legitur de Tabitha qua plena fuerit operibus bonis, tunicas & uestes faciens ui
124 765 1766 846 duis & pauperibus. 12. cap. legimus Petrum apostolum eductum e carcere uenisse
112 820 1778 904 ad domum Mariae matris Ioannis cognomento Marci, ubi multi erant congregati
120 874 1768 943 orantes. Non dicit habitantes, sed orantes, ut intelligas in ea domo conuenisse ec¬
125 926 1770 1003 clesiam ad orandum, Rursus cap. 9. manet Petrus apud Simonem coriarium dies
112 979 1769 1068 multos, utique apud hominem Christianum aedes suas retinentem. Et cap. 11. disci-
111 1036 1768 1113 puli prout cuique suppetebat, subsidium mittebant fratribus habitantibus in ludaea.
109 1096 1768 1172 Ecce, Prout cuique, ait, suppetebat. Quid autem cuique suppetere potuisset, si nihil
115 1150 1766 1232 possedissent? 16. cap. Lydia purpuraria cum esset baptizata dicebat, Si me fidelem
111 1215 1759 1296 domino iudicatis, introite in domum meam, & manete apud me. Cur non dicit,
114 1259 1760 1334 Vendite domum meam: sed, Introite in domum meam: nisi quia ita domum suam
107 1318 1754 1406 possidebat fidelis facta, ut hanc & apostolis communem faceret? Et cap. 20. gloria
109 1386 1762 1452 tur Paulus se non concupiuisse ullius aurum, argentum, aut uestem pretiosam.
107 1427 1766 1507 Quam haberent autem ista rationem, si non liceret Christianis retinere rerum sua¬
98 1489 1748 1557 rum possessionem? Et cap. 21. Philippus Caesariae domum & quatuor filias habet,
104 1540 1754 1622 Cur domum suam non uendidit? Et Philemon hospes Pauli, non solum domum,
109 1596 1758 1681 sed & seruum habet, Relinquitur ergo pro compertissimo, consilium sancti spiri¬
103 1656 1755 1723 tus minime fuisse, ut tale uitae genus statuatur quale isti fingunt, sed ut quisque do¬
105 1709 1757 1790 mum suam bene gubernet, & fratrum necessitatibus pro sua uirili consulat. Huc
102 1768 1753 1845 pertinent loci quoque alij, i. Timoth. 5. ad Titum 2. 1. Thess. 4. & 2. Thess. 3. Et cum
104 1832 1751 1894 in omnibus prope epistolis parentibus & liberis, coniugibus, dominis & seruis
100 1888 1749 1959 praecipit quid agant, quid aliud quam administrationem domesticam bene insti¬
100 1930 520 1998 tuit? Haec hactenus,
208 1986 1754 2071 Quid quod diuites fuisse dicuntur multi in euangelio & in scriptis apostolo¬
103 2046 1747 2116 rum cultores dei: Ioseph ab Arimathaea, qui dominum crucifixum sepeliuit, & di
93 2100 1744 2183 ues & discipulus Christi fuisse praedicatur. Diuites erant mulieres quae dominum
103 2159 1745 2245 sequutae a Galilaea, domino & discipulis ex suis subministrabant facultatibus. Di
94 2223 1738 2298 ues erat Eunuchus reginae Candaces thesaurarius. Diues fuit loppensis Tabitha,
106 2273 1745 2352 quam S. Petrus e morte reuocauit in uitam, ac diuitias illas suas liberaliter sparse¬
100 2328 1740 2408 rat in pauperes. Diues fuit Lydia purpuraria. Diuites fuere innumeri alij uere pij
92 2384 1736 2449 & fideles. Ergo quod dominus adolescenti dicit, Si uis perfectus esse, uade uende
106 2439 1742 2517 quae habes, & da pauperibus, & habebis thesaurum in coelo, & ueni sequere me¬
92 2491 1745 2571 non est generalis lex aut doctrina simplex ad omnes pertinens, sed demonstratio
90 2558 1742 2622 duntaxat, quod adolescens ille, ad quem haec dixit, nondum usqueadeo perfecte
97 2602 1739 2680 legem absoluisset, sicuti absoluisse se existimabat. Nam arbitrabatur sibi nihil de¬
85 2663 1736 2736 esse. Pluris faciebat adolescens diuitias suas, quam deum & uocem dei mandantis,
86 2721 1743 2797 Abijt enim tristis, nec fecit quod imperauerat dominus: itaque declarauit se nondum
97 2777 1727 2849 implesse leoem. Sed & ex alijs locis colligere possumus dominum cultores suos
104 2824 1730 2904 non deiecisse ad mendicitatem, Nec puduit Paulum apostolum leges ferre diuiti¬
101 2882 1735 2968 bus, praescribereque quomodo se gerant. Diuitibus, inquit, in praesenti saeculo, prae¬
92 2939 1735 3029 cipe ne elato sintanimo, neque spem ponant in diuitijs incertis, sed in deo uiuente,
