2288 3632
79 300 1749 382 monae. Propterea dico uobis. ne soliciti sitis pro uita uestra quid edatis & quid bi
90 356 1745 431 batis, neque pro corpore uestro, quibus induamini. Nonne uita pluris est quam ci-
87 412 1748 487 bus, & corpus pluris quam indumentum? Intuemini uolucres coeli: quia non serunt,
91 468 1752 531 neque metunt neque conuehunt in horrea, & pater uester coelestis alit illas? Nonne
91 520 1756 592 uos longe praecellitis illas? Quis autem ex uobis solicite cogitando potest addere
83 584 1740 654 ad staturam suam cubitum unum? Ac die indumento quid estis soliciti? Conside¬
91 635 1740 693 rate lilia agri quomodo crescant : non laborant neque nent: attamen dico uobis ne
80 695 1749 753 Solomonem quidem in uniuersa gloria ssua sic amictum fuisse ut unum ex his. Quod
88 745 1753 808 si gramen agri quod hodie cum sit, cras in clibanum mittitur, deus sic uestit, an
82 810 1758 877 non multo magis uos, o parum fidentes? Ne sitis igitur soliciti, dicentes, Quid ede
84 867 1753 927 mus, aut quid bibemus, aut quo operiemur? Nam ista omnia gentes exquitunt.
90 914 1751 979 Nouit enim pater uester coelestis uos opus habere his omnibus. Quaerite autem
93 977 1755 1044 primum regnum dei, & iustitiam eius, & haec omnia adiincientur uobis. Ne sitis
98 1029 1751 1100 igitur soliciti in crastinum. Nam crastinus dies curabit quae sua sunt. Sufficit sua
85 1084 1234 1141 diei afflictio. Haec dominus noster apud Matth. in cap. 6.
159 1121 1741 1211 Rursus in euangelio secundum Lucam in cap. 12. dicit idem dominus noster,
96 1185 1748 1253 Videte & cauete ab auaritia: quia non in eo ut supersit cuipiam, uita eius est ex
84 1243 1751 1313 facultatibus ipsius: id est uita non opus hhabet superfluis: uel, nullius uita opus ha
91 1308 1750 1374 bet ut illi supersit aliquid. Dixit autem hanc illis similitudinem, Hominis cuius¬
85 1362 1744 1430 dam diuitis uberes fructus ager attulit, & cogitabat apud se dicens, Quid fa¬
84 1422 1753 1485 ciam: quia non habeo ubi recodam fructus meos. Et dixit, Hoc faciam, destruam
83 1472 1750 1536 horrea mea & maiora extruam, & illuc congregabo omnes prouentus meos &
78 1530 1756 1588 bona mea: & dicam animae mees, Anima habes multa bona reposita in multos an¬
76 1593 1744 1662 nos, requiesce, comede, bibe, gaude. Dixit autem illi deus, Stulte, hac nocte ani
78 1645 1754 1712 mam tuam repetunt abs te: quae uero parasti cui cedent? Sic qui recondit sibijpsi
88 1694 601 1771 nec est erga deum diues.
163 1742 1751 1828 Praeceptorem & magistrum in omnibbus sequutus S. Paulus uas electionis cla
76 1816 1751 1884 mat, Est quaestus magnus pietas cum animo sua sorte contento. Nihil enim intuli
79 1871 1753 1935 mus in mundum, uidelicet nec efferre quicquam possumus: sed habentes alimen
84 1923 1745 1988 ta & quibus tegamur, his contenti erimus. Caeterum qui uolunt ditescere incidunt
89 1984 1740 2050 in tentationem & laqueum & cupiditates multas stultas ac noxias, quae demer¬
88 2047 1734 2107 gunt homines in exitium & interitum. Siquidem radix malorum omnium est aua
86 2097 1742 2157 ritia siue studium pecuniae: quam quidam dum appetunt, aberrauerunt a fide, &
75 2152 1736 2214 seipsos implicuerunt doloribus multis. Fu uero homo dei ista fuge, sectare autem
85 2202 1734 2282 iustitiam, pietatem, fidem, charitatem, patientiam, mansuetudinem, &c. Quicunque
78 2261 1741 2332 ergo laboribus aut negotiatione uictum & necessaria uitae suae & suorum quaere
85 2313 1742 2387 re instituit, hisce diuinis praeceptis ceu theriaca ac pharmaco quodam animum
75 2367 1703 2434 suum praemuniat contra uenenatas cupiditates & auaritiam pestilentissimam.
162 2423 1767 2493 Vbi uero animum antidoto euangelicae & apostolicae doctrinae praemuniuit,
82 2469 1768 2558 adiinciat mox animum ad laborem & negotiationem. Deligat autem quisque nego¬
88 2541 1768 2600 tiationem utilem & honestam, non curiosam, non ulli damnosam. Otium denique
85 2592 1735 2661 fugiat ut pestem. Audiamus rursus hac in causa uerba plane diuina apostoli, Prae
85 2649 1742 2712 cipimus uobis fratres per nomen domini nostri Iesu Christi, ut subducatis uos ab
80 2710 1736 2774 omni fratre, qui inordinate se gerit et non iuxta institutionem quam accepit a no
84 2762 1743 2840 bis. Etenim cum essemus apud uos, hoc praecipiebamus uobis, ut si quis nollet o¬
88 2829 1741 2894 perari, is nec ederet. Audimus enim quosdam uersantes inter uos inordinate, ni¬
82 2875 1733 2940 hil operis facientes, sed curiose agentes. lis autem qui sunt eiusmodi praecipimus
76 2931 1741 2999 & obsecramus per dominum nostrum Iesum Christum, ut cum quiete operantes
