2288 3632
81 289 1767 364 hac de re locus apud D. Ambrosium Officiorum lib. 2. cap. 2g. Sunt & exempla
85 354 1763 422 egregia in Ecclessiastica historia. Inter sacrilegos comemorantur a theologis & Si¬
87 406 1775 467 moniaci, Chanamei inquam, id est mercatores rerum diuinarum & ecclesiastica.
85 463 1760 526 rum. Talis enim refertur fuisse horum patriarcha Simon Magus in Actis aposto¬
85 512 1775 594 lorum. In iure ciiuili qui ambitiose suffragia hominis clancularijs largitionibus
85 573 1752 641 emunt, ut ipsis publica munera & dignitates conferantur, incidunt in crimen am
82 629 1764 701 bitus, & centum aureis cum infamia puniebantur quondam. Sed quia haec nihil
82 698 1741 760 ad sacrilegium, redimus in uiam. Sacrilegi sunt quicunque bona ecclesiae debita.
90 740 1750 808 decimas scilicet & census, uel non soluunt, uel maligne soluunt. Extant minae atro
96 800 1755 872 ces prophetarum contra sacrilegos. Haggeus testatur non aliam esse caussam qua¬
92 857 1750 921 re fruges male uel parce proueniant, quam quod populus non solueret quae debe
87 905 1754 968 bat templo. Apud Malachiam fertilitatem promittit populo si liberaliter soluat tri
90 963 1747 1027 buta & uectigalia ecclesiastica. Possunt autem ministri ecclesiarum ijs uectigali¬
92 1020 1753 1080 bus uti iure optimo, perinde ut alij utuntur prouentu agri a se culti. Id quod testa
92 1080 1749 1151 tur dominus Numeri 18. cui succinit apostolus 1. Cor. 9. Sed & ipse dominus le¬
92 1128 1747 1207 sus de stipendio suo eleemosynas pauperibus distribuebat, uti uidere est apud lo
99 1201 1754 1263 annem in cap. 13. Sacrilegium committunt & mendici, nomine Christi abutentes,
97 1243 1749 1303 & egestatem praetexentes ignauiae. Praecipit Timotheo apostolus ne ignauos hu¬
98 1302 1757 1375 iusmodi hypocritas recipiat in curam ecclesiae. Sacrilegium uero omnium maxi-
91 1354 1154 1421 mum est, si quis gloriam dei transferat ad creaturas.
184 1407 1776 1498 Peculatus furti genus est quod committitur in opibus publicis, aut pertinen
93 1469 1752 1552 tibus ad principem. Parit hoc nouas subinde exactiones, ut maior sit occasio atque
100 1521 1754 1595 copia expilandi improbis magnatibus. Propter hos forte dixit Cato Romanus,
90 1569 1749 1642 Priuati fures in neruo & compede uitam agunt, publici uero in auro & purpura.
97 1632 1767 1711 Peculatores sunt praeterea omnes qui tributa & uectigalia magistratui debita uel
97 1695 1749 1773 non pendunt uel pendunt maligne. Peculatores sunt omnes quotquot abutuntur
100 1741 445 1832 opibus publicis,
173 1778 1775 1876 Plagiarij sunt qui quos liberos norunt uendunt, aut seruos alienos furto ab¬
91 1874 1752 1932 ducunt : genus furti appellant plagium. In hunc censum ueniunt qui seditione,
106 1920 1753 1991 per suasione, doctrinaque seditiosa mancipia siue seruos & ancillas abstrahunt ab
94 1972 1757 2029 obedientia dominorum, liberos a reuerentia & obseruantia parentum. Cumque im
106 2030 1750 2100 peratores mercenariae militiae inuitis parentibus cohortes militum, promissioni¬
103 2086 1753 2151 bus dementatos & artibus irretitos, abducant, qui nunquam ad parentes redeunt,
106 2137 1750 2196 sed in bello pereunt, aliquem certe inter plagiarios locum habent. Quondam fuit
101 2193 1747 2286 capitale plagium, sicuti claret ex 21. cap. Exodi, & lege Constantini, quae habetur
102 2243 532 2319 Cod. lib. 9. titulo 20
186 2289 1776 2373 Abigei sunt qui & abactores dicuntur, ac iumenta aliena abducunt. Quibus
113 2365 1757 2427 annumerantur qui mutuo acceptis abutuntur iumentis: qui item periclitantibus,
104 2422 1750 2487 cum possent, non subueniunt. Nam dominus in lege errantia reducere iussit, &
112 2462 580 2538 suo restituere domino.
181 2521 1763 2616 Haec hactenus fratres dixi de uarijs furti speciebus, & iuste acquirendis opi¬
100 2576 821 2669 bus, adde & de rerum proprietate.
244 2745 1615 2834 De legitimo usu facultatum terrenarum: hoc est, quomodo reste possideamus & iuste dispen¬
359 2806 1497 2894 semus opes iuste acquisitas: ubi & de Restitutione & Beneficentia disseritur.
739 2874 1158 2958 SERMO II
