2288 3632
456 288 2126 386 luxuriose res suas profundunt alea, sumptuosis aedificijs, peregrinis aut exoticis
471 373 2126 435 uestibus, poculis & exquisitis cibis. Horum finem & interitum uenuste, sed non
469 423 2128 489 sine horrore audientium proponit dominus in parabola diuitis illius epulonis, qui
463 478 2129 557 post mensam lautissimam & mollissimas uestes in alio saeculo apud inferos inedi¬
465 544 2128 614 cibili siti torquetur & fiammis perpetuis torretur, Recte itaque pie & moderate bo
476 586 1192 660 na illa temporalia sunt usurpanda.
540 656 2129 724 Agnoscendum cuique bona illa terrestria dona esse benigni patris nostri coele¬
464 708 2122 778 stis, non nostro merito aut nostris uiribusparata. Nam ex dei liberalitate habemus
469 769 2128 832 quae ad uitam sustentandam nobis sunt necessaria. Fortunat seu benedicit labo¬
462 825 2125 889 ribus nostris dominus. Denique bona sunt dona dei, non mala: ac dat illa mundo
464 878 2131 949 ad uitam, non ad interitum : nostra culpa conuertuntur multis saepe in laqueum.
464 933 2119 1003 Praeterea requirit ipse dominus in uerbo suo ut grati simus deo pro datis mune¬
469 996 2130 1058 ribus, ut his utamur cum gratiarumactione, laudantes in omnibus nomen domi¬
472 1053 2121 1112 ni, atque exultemus in ipso. Sic enim praecipit Moses famulus dei in Deut. Domi
469 1106 2120 1178 nus deus tuus dabit tibi terram praestantissimam, in qua nulla re indigebis. Cum
470 1166 2127 1230 ergo comederis & satur factus fueris, age gratias domino deo tuo in terra illa bo¬
468 1214 2127 1284 na, quam dedit tibi. Caue ne forte obliuiscaris domini dei tui, & non custodias
477 1275 2135 1340 praecepta iudicia & ritus eius quae ego praecipio tibi hodie: ne forte comedas & sa
481 1326 2128 1401 tur factus, domos pulchras extruas & inhabites: armenta tua & greges tui auge¬
470 1385 2139 1443 scant tibi, aurum & argentum multum sit tibi, & quicquid denique habes augescat:
476 1442 2135 1503 & hinc eleuetur cor tuum, & obliuiscaris domini dei tui, qui eduxit te de terra
472 1496 2131 1557 Aegypti, de domo seruitutis. Ne dixeris in corde tuo, Virtus mea & robur ma¬
478 1546 2137 1618 nus meae parauit mihi hanc opulentiam. Memineris domini dei tui, quia ipse est
481 1607 2134 1673 qui dat tibi uirtutem, ut opes tibi pares, &c. Sed & Paulus apostolus omnes crea¬
469 1664 2134 1738 turas dei bonas esse dicit, ad bonum & conseruationem hominum conditas, hasque
478 1725 2140 1793 iubet usurpare cum timore dei & gratiarumactione. Et iterum, Siue, inquit, edi¬
475 1783 2131 1839 tis siue bibitis, siue quid facitis, omnia in gloriam dei facite. Item, Sint mores uestri
475 1833 2131 1901 alieni ab auaritia, contenti his quae adsunt. Siquidem ipse dixit, Non te desero ne¬
483 1888 2134 1947 que derelinquo, ut fidentes dicamus, Dominus mihi auxiliator, non timebo quid
475 1936 857 2007 faciat mihi homo.
547 1995 2141 2071 Seruiant autem facultates terrenae necessitati nostrae. Necessitas postulat ha¬
479 2042 2132 2117 bitationem commodam, uictum quantum satis est, uestitumque decentem, ac ut ho
475 2106 2132 2179 neste possimus uersari inter homines nostrique aequales. Id quisque de sua ipsius per
474 2165 2137 2232 sona primum, deinde & de familia eius intelligat. Nam patrifamilias prospicien¬
479 2222 2134 2286 dum est, ne quid, quod ad necessitatem pertinet, desit familiae. Extant manifesta
475 2280 2141 2348 de hac re scripturae testimonia, Pauli in primis 1. Tim. 5. cap. Et necessitas compre
478 2332 2141 2394 hendit omnia, quibus indiget corpus aut uita hominis, denique quae honestas aut
482 2385 2135 2453 decorum cuiusque requirit aut flagitat. Et hactenus quidem & in hunc finem aliquid
473 2442 2128 2513 recondere licet in futurum. Pluribus opus est ei qui numerosam alit familiam,
470 2502 2140 2565 quam qui familiam habet paruam. Et alia decent eum qui publicam gerit perso¬
472 2559 2144 2624 nam, alia qui priuatus est. Cogitet autem quisque hic quid necessitas poscat, quid
480 2612 1882 2676 luxus & libido suggerat. Cogitet quisque quid se deceat, uel dedeceat.
552 2660 2135 2735 Et necessitatem quidem in praesenti non tam arcte constringimus, ut omnem
478 2736 2126 2792 uoluptatem aut moderatam copiam tanquam libidinem & luxuriam damnemus,
478 2778 2134 2850 Scio enim diuinitus concessam esse homini non modo necessitatis usum, earum
475 2838 2131 2914 inquam rerum usum, quibus homines carere non possumus, sed etiam uolupta¬
481 2890 2132 2957 tem moderatam, quae delectat homines. Nemo ergo sibi in suaui sed iusto rerum
471 2962 2130 3033 terrenarum usu faciat conscientiam, quasi ea iucunditate qua fruitur peccet contra
