2288 3632
500 280 2165 364 nis. Non enim nostris duntaxat, sed & alienis benefacere atque hospitales erga pe¬
507 344 2164 416 regrinos esse debemus, quatenus uidelicet permiserit nostra facultas. Nam si uix
514 394 2157 477 suppetant opes alendae propriae familiae, nulla dei uel aequa lex praecipit te facul¬
511 447 2156 539 tates tuas diuidere alienis. Satis fuerit tua cura prouidere ne tui aliquando alijs
519 507 2161 597 siant onerosi. Ita qui nullis instructus est facultatibus, non cogitur expendere ho
517 560 2164 658 noris & humanitatis caussa quod non habet. Satis fuerit si hic forti animo mise¬
523 625 2164 698 ram sortem suam ferat, caueatque necubi propter inopiam peccet in iustitiam & pro¬
523 679 2164 756 bitatem. Qui autem mediocres aut amplas diuitias consequuti sunt, humani &
516 734 2168 809 hospitales sint. Honorem & liberalitatem, non auaritiam & sordiciem suis adhi-
504 790 2166 871 beant consilijs. Inuenias enim facultatibus utcunque quidem instructos, sed ita con
511 845 2162 933 gerendis deditos diuitijs, ut ne teruncium quidem honoris & humanitatis gratia
523 901 2158 979 uel indigenis uel peregrinis expendant. Hi occultantur semper, saccis indormiunt,
515 954 2173 1044 nusquam prodeunt, ne hospitalitatem aut humanitatem saltem per occasionem
530 1016 2165 1107 praestare cogantur alijs, Scriptura longe alia praedicat de sanctissimis & clarissi¬
513 1076 2171 1153 mis patribus nostris. Loth sedebat in porta Sodomae, ut hospites aliquot aucupa¬
511 1128 2164 1206 retur, quos domum abductos secum, humanissime exciperet, ac omnigenis be-
517 1186 2161 1258 neficijs afficeret. Et si quos assequebatur, non officiose, hoc est, ficte inuitabat, sed
523 1239 2154 1320 urgebat serio modisque omnibus. De patre nostro Abrahamo legis in Genesi,
516 1290 2170 1386 quod in ipso seruore diei sedens ad ostium sui tabernaculi, uiderit tres uiros pere¬
515 1357 2156 1439 gre uenientes, quos adprimum protinus aspectum, licet ignoraret quinam essent
523 1404 2170 1481 exceperit humanissime. Non enim expectauit donec ipsi accedentes supplicesquaem
515 1459 2163 1541 facti aliquid postularent, sed occurrit eis ab ostio tabernaculi, priorque ipsos com¬
539 1529 2174 1596 pellans, & honoris gratia proque more gentis reuerenter se coram eis inclinans, a¬
518 1575 2170 1648 micissimis uerbis ipsos inuitat, & ait. Quaeso domine, si hanc a te gratiam impetra
514 1625 2162 1707 re possum, ne quaeso praetereas seruum tuum. En dominum appellat uirum pere¬
526 1697 2173 1773 grinum & ignotum (quemadmodum & nobis Heluetijs in usu est excipere pere
527 1737 2171 1822 grinos, & dicere, Sino mit Gott pol Fommenilieben berren oni guten frung¬
526 1805 2169 1870 & quamuis esset in ea gente, in qua habitabat, heros celeberrimus & laudatissi¬
520 1850 2167 1926 mus, sui tamen ueluti oblitus, ait, Ne quaeso praetereas seruum tuum, Seruum se
514 1922 2175 1992 dicit esse peregrinorum. Addit & hoc, Afferatur quaeso pauxillum aque, & lauen
519 1964 2179 2047 tur pedes uestri, recumbite sub arbore. Ego uero afferam frustum panis, & refici
515 2025 2164 2094 te cor uestrum, deinde in instituto itinere pergite. Omnia fere humanitatis officia
516 2070 2161 2147 comprehendit in hisce uerbis pauculis. Neque uero uerbis his duntaxat magnifi¬
499 2135 2162 2210 cus & liberalis fuit Abraham : sed cum impetrasset a peregrinis quod uerbis po¬
504 2187 2160 2265 stulauit, festinauit Abraham in tabernaculum ad Saram, & dixit, Accelera, com-
499 2236 2163 2316 misce tres modios farinae purgatissimae, & fac placentas. Addit & aliud scriptu¬
501 2299 2161 2368 ra, Abraham uero currens ad armenta, & accepto uitulo pingui & bono, dedit
522 2361 2157 2440 puero: qui festinauit, & parauit eum. Butyrum quoque tulit & lac, & uitulum quem
520 2407 2157 2493 parauerat, & apposuit eis: & comedentibus illis, ipse sub arbore apud eos stabat,
529 2477 2164 2537 id est, ipsis ministrabat. Admiranda profecto haec sunt, & expendenda diligentius,
524 2525 2165 2599 Merito erat diues munificus, liberalis & humanissimus hic Abraham, qui norat
514 2584 2155 2668 diuitijs uti tam honeste & tanta cum laude. Nec ipse solus in familia sua liberalis
514 2640 2161 2709 erat, sed uxor & famuli eius omnes exercitatissimi, & maxime spontanei & beni¬
516 2689 2163 2775 gni erant in hoc exercitio sancto. Protinus ergo parata sunt omnia. In parandis
523 2743 2152 2833 quoque rebus summa adhibetur diligentia, habetur item delectus: neque enim prima
527 2806 2160 2878 quaeque obuenientia recipiuntur, sed delectissima & optima eliguntur. Currit ipse
520 2860 2157 2931 heros in famulorum turba. Ipse delicias rusticas, superantes longe principum &
503 2915 2157 3012 regulorum omnes cupedias, infert hospitibus, butyrum scilicet et lac, quibus con
