2288 3632
103 274 1769 363 iungit uitulinas carnes probe saginatas & paratas. Neque his officijs & hac bene¬
103 361 1762 419 uolentia contentus est, nisi edentibus quoque adstet, id est, ministrum se mensae prae
109 410 1756 474 beat. Ministrat, inquam, mensae, qui habuit promisiones dei eximias, qui est pater
105 472 1766 531 omnium credentium, qui est proauus Christi, qui erat confoederatus dei et regum
104 528 1766 599 potentissimorum, denique qui erat quasi princeps honoratissimus in illa terra: quique
114 582 1763 656 quatuor orientis reges potentissimos uicerat bello, & reges captos cum captiuis
104 629 1763 702 suis reduxerat. Hic, inquam, uir inclytus atque clarissimus, omnibus opulentis exem
118 693 1765 758 plum praetulit honoris impendendi peregrinis, humanitatis item & hospitalita¬
107 751 1765 814 tis erga omnes exercendae. Accedit enim illis omnibus, quod conuiuio finito co¬
110 809 1759 877 mitem se itineris coniungit peregrinis, et hos aliquousque deducit. Pudeat ergo &
109 861 1762 929 pigeat tandem diuites iniquos suae auaritiae & sordiciei. Quid quaeso uoluptatis
115 919 1766 987 capiunt ex suis diuitijs : cui quaeso prosunt? quem honorant: aut quem honorem,
109 973 1768 1035 quamue laudem sibi parant apud homines. Quin relictis istis turpissimis nebulo
111 1031 1772 1093 nibus, audiant potius, qui sapiunt, diuites, apostolum dicentem, Hospitalitatis ne
106 1082 1769 1145 sitis immemores. Per hanc enim quidam inscientes exceperunt angelos hospitio,
100 1141 1759 1200 Ac reuera loquitur de Loth & Abrahamo. Neque dubium est, quin ipsos quoque an
109 1196 1762 1260 gelos dei adeoque ipsum Christum excipiamus hospitio, quotiescunque humanita¬
116 1254 1376 1312 tis hospitalitatisque officia exhibemus hominibus pijs & claris.
184 1302 1783 1368 Postremo seruiant opes diuitum non tantum honoratis hominibus, sed maxi
111 1366 1783 1422 me indigis & pauperibus, Repetenda enim hoc loco uenit saluberrima Pauli do¬
106 1416 1782 1483 ctrina, Diuitibus praecipe, ut benefaciant, ut diuites sint operibus bonis, ut faciles
104 1473 1762 1538 sint ad impartiendum, libenter comunicantes, recondentes sibijpsis bonum funda¬
103 1529 1765 1594 mentum in posterum, ut accipiant uitam aeternam. Cum doctrina apostolica con
112 1591 1759 1658 gruit prophetica per omnia. lsaias enim de Tyro, Negotiatio et merces eius sacro
109 1645 1762 1712 sanctae erunt domino: non reponetur negotiatio eius. nec recondetur, sed erit eo¬
103 1698 1760 1767 rum qui habitant ante dominum ad comedendum ad saturitatem, & ad operimen¬
112 1758 1750 1816 tum senum. En docet & lsaias, quomodo thesaurum semper permanentem recon
100 1811 1757 1875 damus. Eadem leguntur & Matth. cap. 6. quae superius recitata sunt, Reuocet hic
112 1867 1755 1937 quisque in memoriam & alias salutares domini dei sententias in scripturis proposi
104 1929 1750 1985 tas, quibus excitetur ad beneficentiam. Moses in lege dicit, Vide ne obfirmes cor
96 1966 1760 2040 tuum, neque contrahas manum tuam a fratre tuo paupere: sed liberaliter aperias il
111 2032 1750 2097 li manum tuam. Omnino dabis ei, & non sit pectus tuum malignum cum das ei¬
103 2086 1747 2149 Nam huius rei gratia dominus deus tuus locupletabit & fortunabit te in cunctis
103 2145 1745 2201 operibus tuis, & in cunctis ad quae admoueris manum tuam. Quoniam nunquam
116 2199 1757 2261 deerunt pauperes in terra : prinde praecipio tibi, dicens, Liberaliter aperi manum
108 2262 1757 2318 tuam fratri tuo pauperi atque inopi in terra tua. Sic legimus in Psalmis, Vir bonus
107 2315 1747 2366 confert beneficia, & dat mutuo, suasque res obit exactissimo iudicio. Spargit dans
103 2365 1754 2435 pauperibus, iustitia eius manet in saeculum saeculi, cornu eius exaltabitur in glo¬
97 2419 1762 2497 ria. Solomon quoque dicit, Beneficentia & fidelitas ne te destituant, liga eas ad col
104 2479 1757 2539 lum tuum, & tabulis cordis tui inscribito. Assequeris gratiam, & bonam existima¬
99 2541 1750 2601 tionem in oculis dei & hominum. Item, Honora dominum de tua substantia, &
107 2596 1748 2648 de primitijs omnium frugum tuarum da pauperibus: & implebuntur horrea tua
106 2648 1753 2710 saturitate, & uino redundabunt torcularia tua. Et iterum,. Qui obdurat aurem
107 2699 1751 2774 suam ad clamorem pauperis, clamabit & ipse, & non exaudietur. Cum his per o¬
104 2756 1753 2825 mnia congruunt sententiae apostolicae & euangelice. Omni poscenti abs te tribue.
107 2814 1743 2881 ltem, Amen dico uobis, quatenus fecistis misericordiam cum his fratribus meis mi¬
104 2870 1753 2932 nimis, mihi fecistis. Id quod reuera insigne est, & animo cuiusque penitius reconden
103 2933 1756 3011 dum. Sibi enim impensum reputat dominus Iesus, quod impendis cuilibet pauperi¬
