2653 3979
231 335 274 54 quorum
422 335 301 54 infamis
641 335 219 54 vila
778 335 164 54 el
860 335 246 54 mores
1025 335 192 54 non
1107 335 164 54 ora¬-

242 412 210 53 tioni
382 412 257 53 tantum,
569 412 164 53 sed
662 412 187 53 loti
779 412 327 53 Scriptura}
1013 412 257 53 oppositi,

233 488 310 49 omnibus
458 488 338 49 constant
712 488 535 49 communicaverit,
1134 488 141 49 non

239 562 197 55 vero
363 562 394 55 sanctissimis
683 562 222 55 viris
831 562 246 55 nostra
978 562 296 55 religionis

237 638 441 57 professoribus,
605 638 343 57 Augustino,
875 638 343 57 Hieronymo,
1120 638 147 57 Her¬-

237 709 253 55 minio,
414 709 354 55 Francisco,
692 709 329 55 Dominico,
945 709 202 55 quos
1046 709 228 55 ipsimet

236 784 345 52 adversarii
507 784 148 52 ut
581 784 296 52 plurimum
803 784 320 52 falenlur,
1049 784 172 52 aut
1123 784 148 52 San¬-

237 862 212 46 ctos,
379 862 165 46 aut
473 862 212 46 bunte
614 862 235 46 saltem
778 862 141 46 el
849 862 353 46 immaculatae
1107 862 165 46 vitae

240 940 138 43 ac
309 940 413 43 conversationis
630 940 206 43 fuisse.

299 1013 238 46 Palet
457 1013 264 46 tertio
642 1013 238 46 eadem
801 1013 343 46 doctrinae
1038 1013 238 46 aliarum

241 1091 295 51 sectarum
463 1091 516 51 irrationabilitas,
905 1091 369 51 discurrendo
1176 1091 98 51 de

239 1166 277 55 singulis
447 1166 138 55 in
516 1166 369 55 paiticulari.
816 1166 161 55 Spd
908 1166 185 55 quia
1023 1166 138 55 id
1069 1166 208 55 longio¬-

239 1245 172 53 rem
338 1245 147 53 el
411 1245 172 53 non
510 1245 368 53 necessarium
804 1245 344 53 requireret
1050 1245 221 53 discur¬-

239 1320 197 50 sum,
362 1320 172 50 nec
461 1320 197 50 modo
584 1320 172 50 cum
682 1320 221 50 aliis
829 1320 393 50 controversia
1124 1320 148 50 esse

237 1395 221 55 circa
385 1395 172 55 hoc
483 1395 271 55 posset,
680 1395 197 55 quam
803 1395 172 55 cum
902 1395 345 55 haereticis
1148 1395 123 55 hu¬-

229 1472 166 55 jus
324 1472 261 55 aetatis
514 1472 166 55 aut
610 1472 380 55 Mahumetanis,
918 1472 166 55 qui
1014 1472 143 55 in
1061 1472 214 55 aliarum

232 1550 305 50 sectarum
460 1550 280 50 praeter
664 1550 229 50 suas,
791 1550 483 50 irrationabilitate

239 1622 378 56 conveniunt,
541 1622 302 56 sufficit
768 1622 352 56 ostendere,
1044 1622 201 56 quod
1145 1622 126 56 hae

242 1698 196 48 duae
365 1698 246 48 sectae
537 1698 344 48 contineant
807 1698 442 48 irrationabilem
1151 1698 123 48 do¬-

243 1777 288 52 ctrinam.
459 1777 144 52 Et
531 1777 144 52 in
603 1777 240 52 primis
771 1777 144 52 id
843 1777 240 52 certum
1011 1777 168 52 est
1107 1777 144 52 de
1155 1777 120 52 Ma-

216 1853 147 54 .
274 1853 412 54 lmmetanis,
598 1853 206 54 tum
716 1853 177 54 ex
804 1853 177 54 eo
892 1853 235 54 quod
1010 1853 265 54 ultimam

239 1928 197 55 feli
363 1928 123 55 i
412 1928 222 55 talem
560 1928 197 55 post
683 1928 197 55 hanc
806 1928 222 55 vitam
929 1928 345 55 consequendam

236 2004 303 56 statuant
463 2004 152 56 in
539 2004 404 56 voluptatibus
868 2004 354 56 corporeis,
1120 2004 152 56 quod

231 2081 177 44 cum
332 2081 328 44 videretur
584 2081 303 44 absurdum
812 2081 328 44 Avicennae
1064 2081 227 44 Philo
1190 2081 76 44 -

231 2158 228 54 sopho
383 2158 278 54 ejusdem
585 2158 278 54 sectae,
787 2158 228 54 aliam
939 2158 278 54 ipsemet
1116 2158 152 54 sta¬-

230 2235 246 52 tuit,
394 2235 219 52 quam
530 2235 246 52 tamen
694 2235 137 52 a
749 2235 328 52 Mahumete
995 2235 191 52 non
1077 2235 191 52 acce¬-

231 2311 240 52 perat,
399 2311 144 52 ut
471 2311 216 52 patet
615 2311 144 52 ex
687 2311 192 52 loco
808 2311 240 52 citato
976 2311 120 52 a
1024 2311 264 52 Doctore
1192 2311 72 52 ;

230 2387 191 55 tum
339 2387 163 55 ex
420 2387 409 55 pluralitate
747 2387 272 55 uxoium
938 2387 218 55 quam
1047 2387 218 55 conce¬-

232 2463 213 53 dunt
365 2463 133 53 ;
418 2463 186 53 tum
525 2463 159 53 ex
605 2463 159 53 eo
684 2463 213 53 quod
817 2463 372 53 prohibeant
1083 2463 186 53 ullum

232 2538 246 54 examen
405 2538 172 54 aut
503 2538 443 54 disquisitionem
872 2538 197 54 suae
971 2538 295 54 doctrinae,

234 2616 151 43 et
309 2616 227 43 omnem
461 2616 227 43 etiam
612 2616 428 43 litteraturam.
965 2616 151 43 De
1015 2616 252 43 haereti¬-

234 2691 172 54 cis
333 2691 221 54 etiam
480 2691 147 54 id
554 2691 172 54 non
652 2691 221 54 minus
799 2691 319 54 manifeste
1020 2691 246 54 apparet,

237 2761 163 55 qui
330 2761 257 55 jejunia
517 2761 117 55 ,
563 2761 373 55 eleemosynas,
866 2761 280 55 vigilias
1076 2761 140 55 et
1123 2761 140 55 alia

234 2832 202 53 bona
360 2832 227 53 opera
512 2832 253 53 ubique
689 2832 152 53 in
765 2832 329 53 Scriptura
1017 2832 253 53 \eteri
1169 2832 101 53 et

236 2902 215 52 nova,
380 2902 191 52 quam
499 2902 120 52 i
547 2902 120 52 p
595 2902 168 52 sim
691 2902 144 52 et
763 2902 383 52 profitentur,
1050 2902 215 52 laudata

235 2970 143 54 et
307 2970 334 54 inculcata,
569 2970 215 54 parvi
713 2970 263 54 faciunt
904 2970 143 54 ac
952 2970 310 54 contemnunt.

228 3042 265 55 Deinde
414 3042 212 55 quid
547 3042 345 55 absurdius
812 3042 318 55 cogitari
1024 3042 239 55 potest,

230 3114 218 52 quam
366 3114 382 52 contemnere
666 3114 409 52 traditionem
966 3114 300 52 Apostoli-

229 3182 220 52 cam
354 3182 157 52 a
417 3182 408 52 majoribus
731 3182 188 52 de
825 3182 251 52 manu
982 3182 188 52 ad
1045 3182 220 52 manum

232 3253 352 52 acceptam,
503 3253 217 52 sine
638 3253 190 52 qua
746 3253 190 52 nec
855 3253 244 52 ipsam
990 3253 271 52 Scriptu¬-

232 3321 218 53 ram,
368 3321 190 53 aut
477 3321 245 53 quoad
640 3321 272 53 partem
830 3321 190 53 aut
939 3321 245 53 quoad
1075 3321 190 53 totam

232 3393 381 53 cognoscere
531 3393 326 53 possemus
776 3393 136 53 ,
830 3393 163 53 et
884 3393 381 53 expositiones

231 3463 336 53 sanctorum
489 3463 258 53 Patrum
670 3463 155 53 et
748 3463 387 53 Conciliorum
1032 3463 232 53 rejice¬-

232 3530 155 54 re
310 3530 155 54 in
387 3530 232 54 rebus
542 3530 206 54 mere
671 3530 439 54 dependentibus
1032 3530 129 54 a
1058 3530 206 54 volun¬-

239 3599 182 46 tate
353 3599 227 46 divina
512 3599 204 46 nobis
648 3599 159 46 non
739 3599 227 46 aliter
875 3599 318 46 manifestata.

1379 322 190 60 Quod
1498 322 143 60 si
1569 322 404 60 irrationabile
1902 322 333 60 videretur,
2163 322 143 60 si
2211 322 143 60 quis

1324 398 342 62 parentibus
1592 398 146 62 ac
1665 398 244 62 amicis
1836 398 342 62 dicentibus
2105 398 146 62 se
2154 398 195 62 bapli-

1320 477 234 53 zalum
1476 477 259 53 fuisse
1657 477 182 53 non
1761 477 337 53 crederet,
2021 477 156 53 el
2073 477 285 53 proplerca

1321 556 258 53 vellet
1502 556 155 53 de
1580 556 207 53 novo
1709 556 362 53 baptizari,
1993 556 181 53 cum
2097 556 233 53 tamen
2226 556 129 53 non

1322 631 258 46 habeat
1503 631 181 46 tot
1606 631 258 46 motiva
1787 631 310 46 credendi
2019 631 232 46 eorum
2148 631 207 46 aucto¬-

1325 702 257 60 ritati,
1512 702 187 60 quot
1629 702 211 60 habet
1769 702 140 60 ad
1839 702 304 60 credendum
2073 702 304 60 Ecclesiae
2284 702 70 60 ;

1326 779 316 60 profecto
1563 779 237 60 multo
1721 779 237 60 magis
1879 779 158 60 id
1958 779 369 60 sentiendum
2222 779 132 60 est

1325 858 155 58 de
1403 858 181 58 eo,
1506 858 181 58 qui
1609 858 336 58 recederet
1867 858 155 58 ab
1945 858 387 58 auctoritate
2229 858 129 58 tot

1320 931 280 53 Patrum
1516 931 168 53 et
1600 931 308 53 hominum
1824 931 504 53 doctissimorum,
2216 931 140 53 qui

1323 1010 300 50 nostram
1541 1010 381 50 sustinuere
1840 1010 381 50 doctrinam,
2140 1010 163 50 et
2195 1010 163 50 quos

1324 1085 196 50 nemo
1447 1085 221 50 dicit
1594 1085 245 50 fuisse
1766 1085 221 50 mala)
1913 1085 221 50 fidei
2060 1085 172 50 aut
2133 1085 221 50 conver¬-

1320 1157 346 57 sationis.
1586 1157 213 57 Adde
1719 1157 239 57 illum
1879 1157 239 57 ipsum
2039 1157 319 57 recursum
2252 1157 106 57 ad

1322 1236 326 60 spiritum
1567 1236 326 60 privatum
1811 1236 163 60 de
1893 1236 190 60 quo
2002 1236 245 60 supra
2165 1236 163 60 n.
2219 1236 136 60 22.

1326 1311 277 61 tanquam
1527 1311 151 61 ad
1603 1311 478 61 controversiarum
2006 1311 227 61 fidei
2131 1311 227 61 judicem

1320 1392 280 48 omnino
1516 1392 504 48 irrationabilem
1935 1392 252 48 esse,
2103 1392 196 48 cum
2187 1392 168 48 nemo

1322 1468 241 58 possit
1490 1468 241 58 alteri
1659 1468 313 58 ostendere
1900 1468 193 58 suum
2020 1468 289 58 spiritum
2213 1468 144 58 esse

1320 1540 246 59 bonum
1484 1540 274 59 potius
1675 1540 219 59 quam
1812 1540 274 59 malum.
2003 1540 274 59 Omitto
2168 1540 191 59 varia

1324 1618 184 58 alia
1439 1618 253 58 capita,
1623 1618 138 58 ex
1692 1618 230 58 quibus
1854 1618 184 58 haec
1946 1618 414 58 irrationabilitas

1323 1695 289 56 convinci
1540 1695 265 56 possit,
1733 1695 145 56 de
1805 1695 241 56 quibus
1949 1695 410 56 Conlroverlislas

1327 1778 293 41 consulere
1529 1778 180 41 licet.

1675 1880 310 36 SCI-IOLIUM.

1374 1972 246 51 Septima
1553 1972 179 51 via,
1664 1972 134 51 ex
1732 1972 336 51 stabilitate
2000 1972 313 51 Ecclesiae,
2224 1972 134 51 quia

1322 2037 184 51 ejus
1437 2037 276 51 doctrina
1644 2037 230 51 semper
1805 2037 161 51 est
1896 2037 230 51 eaclem
2057 2037 138 51 et
2126 2037 184 51 ipsa
2218 2037 138 51 nun¬-

1322 2101 193 52 quam
1442 2101 289 52 deficit,
1659 2101 169 52 non
1756 2101 361 52 obstantibus
2021 2101 337 52 quibuscumque

1319 2165 471 51 persecutionibus,
1720 2165 141 51 et
1790 2165 306 51 perpetuam
2026 2165 212 51 habet
2143 2165 212 51 Episco¬-

1320 2230 216 50 porum
1464 2230 144 50 ab
1536 2230 192 50 ipso
1657 2230 216 50 Petro
1801 2230 409 50 successionem.
2138 2230 168 50 Hoc
2210 2230 144 50 ter¬-

1321 2294 180 49 tium
1433 2294 135 49 de
1500 2294 337 49 successione
1769 2294 157 49 pro
1859 2294 292 49 Ecclesiae
2061 2294 292 49 stabilitate

1323 2359 219 51 urgent
1476 2359 175 51 Aug.
1586 2359 131 51 c.
1651 2359 131 51 4.
1717 2359 219 51 contra
1870 2359 153 51 Ep.
1958 2359 197 51 Fund.
2089 2359 131 51 et
2155 2359 153 51 Ep.
2221 2359 131 51 165.

1323 2425 285 47 Iren.lib.
1543 2425 132 47 3.
1608 2425 132 47 c.
1674 2425 132 47 3.
1740 2425 220 47 Optat,
1894 2425 220 47 contra
2048 2425 242 47 Parmen.
2223 2425 132 47 c.
2267 2425 88 47 2.

1322 2487 186 49 Cypr.
1446 2487 165 49 lib.
1549 2487 124 49 i.
1611 2487 144 49 Ep.
1694 2487 124 49 6.
1756 2487 124 49 et
1818 2487 165 49 lib.
1921 2487 124 49 4.
1983 2487 144 49 Ep.
2065 2487 124 49 9.
2127 2487 227 49 Tertul.
2271 2487 83 49 de

1322 2553 316 47 praescript.
1574 2553 126 47 c.
1638 2553 147 47 32.
1722 2553 147 47 36.
1806 2553 231 47 Vincen.
1974 2553 253 47 Lirin.c.
2164 2553 147 47 33.
2227 2553 126 47 Tria

1322 2615 175 47 haec
1432 2615 219 47 desunt
1585 2615 307 47 sectariis.
1827 2615 154 47 Non
1914 2615 197 47 solum
2046 2615 197 47 inter
2178 2615 154 47 se,
2243 2615 110 47 sed

1318 2679 265 48 singuli
1511 2679 169 48 ibi
1607 2679 409 48 contradicunt.
1944 2679 144 48 De
2016 2679 265 48 Luthero
2185 2679 169 48 docet

1319 2743 269 49 Cocleus,
1520 2743 202 49 libro
1655 2743 314 49 inscripto,
1901 2743 269 49 Lutherus
2080 2743 269 49 sepiiceps.

1318 2807 247 49 Calvini
1497 2807 315 49 Antilogias
1744 2807 157 49 24.
1834 2807 225 49 refert
1992 2807 270 49 Coccius,
2171 2807 180 49 ipsius

1318 2870 264 47 verbis.
1510 2870 120 47 Q
1558 2870 168 47 tod
1654 2870 312 47 deficiant
1895 2870 264 47 sectae,
2087 2870 264 47 constat
2255 2870 96 47 ex

1316 2933 253 50 omnibus
1500 2933 184 50 quae
1615 2933 276 50 hactenas
1822 2933 207 50 ortae
1959 2933 207 50 sunt,
2097 2933 138 50 et
2166 2933 161 50 par
2235 2933 115 50 Dei

1318 2998 258 50 gratiam
1505 2998 305 50 constabit
1740 2998 141 50 de
1810 2998 164 50 iis
1904 2998 188 50 quae
2021 2998 188 50 modo
2115 2998 234 50 exstant.

1318 3060 135 50 De
1385 3060 247 50 defectu
1565 3060 360 50 successionis
1857 3060 135 50 et
1925 3060 315 50 missionis,
2172 3060 157 50 res
2240 3060 112 50 est

1312 3125 247 51 patem,
1485 3125 198 51 quia
1609 3125 247 51 nemini
1782 3125 371 51 succedentes
2079 3125 124 51 a
2128 3125 148 51 se
2178 3125 173 51 ipsis

1316 3192 169 37 orti
1422 3192 169 37 sunt
1506 3192 233 37 sectarii.

1367 3287 164 77 De
1449 3287 327 77 septimo,
1694 3287 191 77 (a)
1803 3287 327 77 scilicet
2048 3287 164 77 de
2130 3287 273 77 Eccle-
2293 3287 82 77 9

1316 3362 177 64 sise
1426 3362 353 64 stabilitate,
1713 3362 199 64 patet
1845 3362 199 64 quoad
1978 3362 221 64 caput,
2110 3362 265 64 SePtimavia

1316 3441 151 60 per
1403 3441 194 60 illud
1532 3441 281 60 Augustini
1748 3441 130 60 de
1813 3441 281 60 utilitate
2029 3441 173 60 crc-
2137 3441 216 60 fitate
2267 3441 108 60 ec-

1315 3514 199 68 dendi
1447 3514 199 68 quasi
1580 3514 133 68 in
1646 3514 177 68 fine
1757 3514 155 68 (c.
1845 3514 177 68 17.)
1955 3514 155 68 Cum
2044 3514 177 68 igi-
2132 3514 243 68 Successio

1315 3575 313 83 turtantum
1556 3575 289 83 auxilium
1773 3575 193 83 Dei,
1893 3575 241 83 lanium
2038 3575 337 83 profe-^nam°~
