2682 3979
200 310 134 55 ia
267 310 179 55 s«de
379 310 179 55 ctum
491 310 314 55 fructumque
738 310 269 55 videamus
939 310 112 55 ,
962 310 291 55 dubitabimus

201 392 289 53 Consilium,
428 392 144 53 nos
511 392 165 53 eJus
614 392 268 53 Ecclesiae
820 392 227 53 condere
985 392 227 53 gremio,
1129 392 124 53 quce

201 458 237 62 homfnis
373 458 215 62 us(lue
523 458 129 62 ad
588 458 344 62 confessionem
867 458 237 62 generis
1039 458 215 62 humani
1168 458 86 62 ab

201 537 252 66 ^pfveio’
390 537 295 66 Apostolica
622 537 168 66 Sede
727 537 147 66 per
811 537 337 66 successiones
1064 537 189 66 Episco-

203 610 267 52 indissoiu-
413 610 172 52 porum
527 610 210 52 frustra
680 610 267 52 haereticis
871 610 382 52 circumlatrantibus;

203 650 190 34 bilia.
336 650 95 34 1
355 650 57 34 '

217 688 156 58 et
295 688 260 58 partim
477 688 260 58 plebis
659 688 260 58 ipsius
841 688 312 58 judicio,
1049 688 208 58 partim

220 764 385 57 Conciliorum
529 764 360 57 gravitate,
811 764 257 57 partim
991 764 231 57 etiam
1120 764 128 57 mi¬-

214 839 368 57 raculorum
497 839 368 57 majestate
780 839 368 57 damnatis,
1035 839 226 57 culmen

214 914 439 60 auctoritatis
570 914 357 60 obtinuit?
845 914 165 60 et
927 914 247 60 parum
1064 914 192 60 post:

222 991 219 58 Quid
358 991 191 58 est
468 991 274 58 aliud,
659 991 219 58 quod
796 991 191 58 tam
905 991 328 58 ingratum
1124 991 137 58 po¬-

222 1069 199 54 test
347 1069 199 54 esse
471 1069 299 54 opinioni
695 1069 224 54 atque
844 1069 274 54 auxilio
1018 1069 224 54 divino,

220 1144 204 56 quam
347 1144 229 56 tanto
500 1144 255 56 labore
678 1144 357 56 prcedictce
933 1144 331 56 auctoritati

218 1218 240 47 velle
378 1218 373 47 resistere?
672 1218 213 47 Unde
805 1218 320 47 Gamaliel
1045 1218 213 47 Act.
1151 1218 107 47 5.

219 1295 161 53 Si
300 1295 188 53 est
407 1295 161 53 ex
487 1295 348 53 hominibus
755 1295 348 53 consilium
1023 1295 214 53 hoc,
1130 1295 134 53 aut

222 1371 198 55 opus
346 1371 396 55 dissolvetur;
668 1371 149 55 si
742 1371 198 55 vero
866 1371 149 55 ex
940 1371 173 55 Deo
1039 1371 198 55 est,
1138 1371 124 55 non

218 1447 308 57 poteritis
455 1447 332 57 dissolvere
716 1447 237 57 illud,
882 1447 142 57 ne
954 1447 213 57 forte
1096 1447 142 57 et
1143 1447 119 57 Deo

221 1524 357 58 repugnare
495 1524 384 58 videamini.
797 1524 165 58 Et
880 1524 247 58 LliC.
1044 1524 192 58 22.
1127 1524 137 58 ait

217 1599 327 59 Dominus
455 1599 268 59 Petro
634 1599 149 59 :
693 1599 208 59 Ego
812 1599 297 59 rogavi
1020 1599 208 59 pro
1109 1599 149 59 te,

225 1678 230 53 Petre,
386 1678 138 53 ut
455 1678 161 53 non
547 1678 276 53 deficiat
755 1678 207 53 fides
893 1678 184 53 tua,
1008 1678 138 53 et
1077 1678 138 53 tu
1123 1678 138 53 ali¬-

221 1754 259 58 quando
402 1754 336 58 conversus
661 1754 310 58 confirma
894 1754 285 58 fratres
1075 1754 181 58 tuos.

217 1828 390 48 Firmitas
510 1828 260 48 enim
673 1828 423 48 Ecclesiae
998 1828 195 48 in
1063 1828 195 48 mem¬-

216 1905 268 60 bris,
395 1905 268 60 patet
574 1905 209 60 per
693 1905 268 60 illud
872 1905 388 60 Augustini
1141 1905 119 60 de

220 1982 278 57 utilit.
422 1982 329 57 credendi,
675 1982 152 57 c.
751 1982 177 57 17.
852 1982 329 57 Imperitum
1080 1982 177 57 etiam

221 2059 260 58 vulgus
403 2059 260 58 marium
585 2059 442 58 fceminarumque
948 2059 156 58 in
1026 2059 182 58 tam
1104 2059 156 58 mul¬-

226 2140 165 58 tis
321 2140 354 58 diversisque
604 2140 283 58 gentibus
816 2140 141 58 et
887 2140 236 58 credit
1052 2140 141 58 et
1099 2140 165 58 prce-

223 2215 280 51 dicat.
419 2215 308 51 Similem
643 2215 392 51 sententiam
951 2215 252 51 dicit
1091 2215 168 51 con¬-

222 2292 197 62 tra
335 2292 197 62 Ep.
447 2292 423 62 Fundamenti:
785 2292 225 62 Quis
926 2292 225 62 enim
1039 2292 225 62 tantam

222 2368 427 58 multitudinem
570 2368 160 58 ad
650 2368 294 58 peccata
863 2368 294 58 pronam,
1077 2368 160 58 ad
1130 2368 134 58 le¬-

223 2446 192 59 gem
332 2446 384 59 contrariam
634 2446 247 59 carni
799 2446 165 59 et
881 2446 329 59 sanguini
1100 2446 165 59 ser¬-

225 2520 281 52 vandam
422 2520 394 52 induceret,
731 2520 225 52 nisi
871 2520 253 52 Deus?
1040 2520 169 52 Et
1096 2520 169 52 con¬-

220 2595 438 61 firmatur,
557 2595 270 61 quia
726 2595 303 61 secta
894 2595 371 61 Judaeorum

198 2671 426 60 Nuiiahsere-non
554 2671 213 60 manet
696 2671 142 60 in
767 2671 261 60 vigore,
956 2671 213 60 sicut
1075 2671 189 60 contra

197 2730 330 74 stabilis.
451 2730 178 74 e0g
552 2730 280 74 objicit
756 2730 356 74 Augustinus
1035 2730 152 74 in
1086 2730 178 74 primo

226 2814 358 56 sermone
487 2814 195 56 de
584 2814 358 56 Adventu
845 2814 163 56 :
910 2814 228 56 Fos
1008 2814 260 56 inquam

228 2882 375 59 convenio,
517 2882 144 59 o
574 2882 317 59 Judaei.
805 2882 173 59 Si
892 2882 375 59 objicitur
1152 2882 115 59 de

223 2952 520 65 permanentia
640 2952 347 65 sectae
882 2952 416 65 Mahometi
1160 2952 104 65 ,

230 3024 426 63 respondeo,
564 3024 243 63 illa
716 3024 335 63 incepit
960 3024 243 63 plus
1081 3024 183 63 quam

230 3092 374 61 sexcentis
518 3092 259 61 annis
690 3092 230 61 post
834 3092 259 61 legem
978 3092 287 61 Christi,

229 3163 178 59 et
318 3163 178 59 in
407 3163 297 59 brevi,
615 3163 208 59 Deo
734 3163 415 59 cooperante
1031 3163 237 59 finie¬-

226 3233 261 62 tur,
389 3233 261 62 quae
553 3233 326 62 multum
781 3233 457 62 debilitata
1107 3233 163 62 est

232 3303 230 60 anno
376 3303 317 60 Christi
607 3303 259 60 1300.
779 3303 173 60 et
866 3303 230 60 ejus
981 3303 288 60 cultores

231 3373 268 60 multi
410 3373 297 60 mortui
618 3373 178 60 et
707 3373 327 60 plurimi
945 3373 238 60 sunt
1064 3373 208 60 fuga¬-

231 3442 207 63 ti,
350 3442 178 63 et
439 3442 385 63 Prophetia
735 3442 326 63 dicatur
972 3442 237 63 esse
1090 3442 178 63 apud

224 3513 247 64 eos,
379 3513 247 64 quod
533 3513 247 64 cito
687 3513 371 64 finienda
965 3513 216 64 est
1058 3513 216 64 secta

216 3591 151 48 illa.

1560 419 471 40 COMMENTARIUS.

1360 544 148 53 (a)
1444 544 127 53 De
1508 544 254 53 septimo,
1698 544 254 53 scilicet
1888 544 127 53 de
1952 544 254 53 Ecclesix
2121 544 211 53 slabili-

1309 621 184 53 tate,
1431 621 163 53 elc.
1533 621 123 53 Ex
1595 621 143 53 hac
1676 621 143 53 via
1758 621 123 53 ad
1819 621 286 53 propositum
2044 621 163 53 for-
2146 621 123 53 7.
2208 621 163 53 via'
2289 621 82 53 ex

1310 680 177 72 mari
1420 680 199 72 debet
1553 680 309 72 argumentum
1796 680 155 72 hoc
1885 680 177 72 modo
1995 680 111 72 :
2039 680 177 72 Illa
2128 680 243 72 ^cclesf».

1309 771 294 51 doctrina
1530 771 147 51 et
1604 771 319 51 Scriptura
1849 771 172 51 est
1947 771 245 51 divina
2118 771 147 51 et
2192 771 123 51 a
2216 771 123 51 Deo

1311 848 352 53 specialiter
1592 848 282 53 revelata
1804 848 141 53 et
1874 848 352 53 confirmata,
2156 848 188 53 quae
2250 848 94 53 ut

1311 926 226 53 talis
1462 926 327 53 recipitur
1713 926 151 53 ab
1788 926 302 53 Ecclesia
2014 926 151 53 et
2065 926 276 53 congrega¬-

1312 1001 221 52 tione
1460 1001 196 52 illa
1583 1001 295 52 hominum,
1804 1001 196 52 quae
1926 1001 246 52 semper
2098 1001 147 52 ab
2148 1001 196 52 initio

1313 1076 382 52 institutionis
1627 1076 180 52 suae
1739 1076 224 52 mansit
1896 1076 269 52 stabilis
2098 1076 135 52 in
2143 1076 202 52 ejusdem

1309 1151 222 51 fidei
1458 1151 148 51 ac
1532 1151 321 51 doctrinae
1779 1151 371 51 professione
2075 1151 173 51 per
2149 1151 198 51 pluri¬-

1310 1228 177 51 mos
1411 1228 253 51 annos,
1588 1228 177 51 non
1689 1228 379 51 obstantibus
1992 1228 253 51 variis
2144 1228 202 51 perse¬-

1314 1304 370 51 cutionibus,
1610 1304 148 51 et
1684 1304 172 51 hoc
1782 1304 197 51 sine
1906 1304 345 51 emolumento
2152 1304 197 51 aliquo

1315 1379 230 52 carnis
1476 1379 138 52 ac
1545 1379 298 52 sanguinis
1774 1379 115 52 ;
1820 1379 161 52 sed
1912 1379 207 52 talis
2050 1379 161 52 est
2118 1379 230 52 Scriptu¬-

1309 1453 156 54 ra
1387 1453 156 54 de
1465 1453 182 54 qua
1569 1453 338 54 loquimur,
1829 1453 234 54 ergo,
1986 1453 208 54 etc'
2090 1453 260 54 Probatur

1309 1533 239 50 major
1469 1533 133 50 :
1522 1533 213 50 Quia
1655 1533 213 50 Deus
1788 1533 186 50 non
1895 1533 239 50 solet
2028 1533 319 50 concurrere

1312 1609 152 40 ad
1388 1609 455 40 conservationem
1767 1609 253 40 ullius
1944 1609 253 40 sectae
2121 1609 177 40 tam
2196 1609 152 40 lon¬-

1310 1683 152 54 go
1386 1683 279 54 tempore
1589 1683 203 54 quam
1716 1683 279 54 duravit
1919 1683 254 54 nostra
2096 1683 228 54 fides
2223 1683 127 54 seu

1311 1759 277 53 religio,
1519 1759 185 53 nisi
1634 1759 231 53 illius
1795 1759 185 53 quae
1911 1759 323 53 profitetur
2141 1759 208 53 verita¬-

1311 1836 202 50 tem,
1437 1836 152 50 et
1513 1836 202 50 quae
1640 1836 202 50 sibi
1766 1836 278 50 placet,
1969 1836 152 50 ut
2044 1836 228 50 patet
2171 1836 177 50 expe¬-

1311 1914 283 52 rientia,
1523 1914 141 52 et
1594 1914 330 52 praesertim
1853 1914 165 52 ubi
1948 1914 212 52 datur
2089 1914 165 52 via
2160 1914 188 52 dispu¬-

1312 1991 211 51 tandi
1452 1991 164 51 pro
1546 1991 141 51 et
1617 1991 235 51 contra
1781 1991 305 51 principia
2015 1991 235 51 fidei,
2180 1991 141 51 et
2227 1991 117 51 ma¬-

1309 2067 173 54 gno
1408 2067 248 54 studio
1582 2067 273 54 veritas
1780 2067 198 54 ejus
1904 2067 347 54 indagatur,
2177 2067 149 54 ut
2226 2067 124 54 fit

1315 2144 124 51 in
1377 2144 207 51 nostra
1522 2144 290 51 Religione.
1750 2144 166 51 Quod
1854 2144 124 51 si
1916 2144 186 51 dicas
2040 2144 207 51 sectam
2164 2144 207 51 Replica.

1317 2195 304 77 Mahumeticam
1560 2195 203 77 multis
1702 2195 182 77 annis
1824 2195 223 77 durare,
1986 2195 223 77 respon-
2128 2195 243 77 Respoas10,

1313 2295 173 51 deo
1412 2295 173 51 eam
1511 2295 173 51 non
1609 2295 247 51 durare
1782 2295 173 51 tot
1880 2295 222 51 annis
2028 2295 197 51 quot
2127 2295 222 51 nostra,

1309 2374 303 51 incepit
1530 2374 221 51 enim
1668 2374 331 51 plusquam
1916 2374 358 51 sexcentis
2164 2374 193 51 annis

1313 2449 203 53 post
1440 2449 305 53 Christum
1668 2449 127 53 ;
1719 2449 178 53 nam
1821 2449 330 53 Mahometus
2075 2449 203 53 ipse
2176 2449 178 53 natus

1313 2527 191 49 an.
1422 2527 219 49 569.
1559 2527 301 49 incepit
1777 2527 410 49 communicare
2105 2527 219 49 suam
2214 2527 137 49 do-

1319 2604 246 44 ctrinam
1498 2604 179 44 ann.
1610 2604 179 44 606.
1722 2604 157 44 aut
1811 2604 179 44 609.
1923 2604 134 44 ut
1990 2604 269 44 ostendit
2169 2604 202 44 incepit

1315 2679 253 43 Jacobus
1499 2679 115 43 6
1545 2679 184 43 leda
1659 2679 138 43 in
1728 2679 161 43 sua
1820 2679 275 43 historia
2027 2679 138 43 de
2096 2679 230 43 Mauris
2233 2679 138 43 tana

1316 2755 346 53 Hispaniae.
1588 2755 247 53 Deinde
1761 2755 371 53 professores
2058 2755 198 53 ejus
2156 2755 198 53 inter¬-

1317 2832 311 45 dicuntur
1551 2832 208 45 omni
1680 2832 311 45 examine,
1914 2832 182 45 nec
2018 2832 259 45 habent
2173 2832 182 45 inter

1318 2906 138 51 se
1387 2906 208 51 ullos
1526 2906 208 51 viros
1664 2906 254 51 doctos,
1849 2906 161 51 nec
1941 2906 208 51 alios
2079 2906 231 51 audire
2218 2906 138 51 per¬-

1315 2983 383 52 mittuntur;
1616 2983 164 52 et
1698 2983 356 52 praeterea
1971 2983 274 52 habent
2135 2983 219 52 magnam

1316 3057 363 53 libertatem
1601 3057 363 53 indulgendi
1887 3057 441 53 voluptatibus,
2224 3057 130 53 cum

1317 3134 236 52 liceat
1483 3134 212 52 ipsis
1624 3134 236 52 habere
1789 3134 165 52 tot
1884 3134 236 52 uxores
2049 3134 189 52 quot
2144 3134 212 52 susten¬-

1317 3210 219 53 tare
1453 3210 328 53 possunt.
1699 3210 219 53 Unde
1836 3210 191 53 non
1945 3210 191 53 est
2054 3210 246 53 mirum
2191 3210 164 53 quod

1317 3283 464 52 perseverarent
1699 3283 273 52 semper
1890 3283 164 52 in
1972 3283 246 52 eodem
2108 3283 246 52 errore,

1323 3360 171 50 cum
1420 3360 220 50 nulla
1567 3360 171 50 sit
1665 3360 220 50 ipsis
1812 3360 269 50 relicta
2008 3360 318 50 humanitus
2228 3360 122 50 via

1322 3436 154 42 ad
1399 3436 410 42 discernendam
1707 3436 307 42 veritatem.

1377 3513 183 51 Hoc
1481 3513 209 51 modo
1612 3513 157 51 si
1691 3513 366 51 proponatur
1979 3513 366 51 argumentum
2240 3513 131 51 24.

1327 3588 143 54 ex
1399 3588 167 54 hac
1494 3588 191 54 via,
1613 3588 406 54 universaliter
1947 3588 286 54 conducit
2162 3588 143 54 ad
2210 3588 143 54 pro-
