2653 3979
184 331 253 55 quenter
368 331 321 55 Scripturae
620 331 230 55 factum
781 331 230 55 fuisse
942 331 161 55 non
1010 331 207 55 polest,

182 408 161 55 nec
274 408 115 55 a
320 408 277 55 protervo
528 408 254 55 negari.
712 408 277 55 Videatur
919 408 184 55 ipse
1012 408 207 55 textus,

184 483 162 56 qui
276 483 208 56 satis
415 483 231 56 clarus
577 483 185 56 est,
692 483 139 56 in
762 483 162 56 quo
854 483 208 56 illud
970 483 254 56 adverten¬-

182 558 203 58 dum,
308 558 355 58 quodScolus
587 558 228 58 dicat
739 558 152 58 8.
815 558 330 58 Cyprianum
1044 558 177 58 prius

178 634 274 57 magum,
370 634 274 57 postea
562 634 274 57 factum
726 634 494 57 Chrislianissimum

178 710 324 55 Episcopum;
432 710 162 55 qua
525 710 139 55 de
594 710 139 55 re
664 710 162 55 est
756 710 370 55 controversia
1034 710 185 55 histo¬-

179 786 212 56 rica,
321 786 307 56 aliquibus
557 786 330 56 dicentibus
817 786 212 56 illum
935 786 283 56 Cyprianum,

179 863 169 55 qui
275 863 169 55 cum
372 863 266 55 Justina
565 863 266 55 Virgine
758 863 241 55 passus
927 863 290 55 legitur,
1120 863 97 55 et

178 939 152 56 de
254 939 177 56 quo
355 939 228 56 solo,
507 939 202 56 quod
633 939 253 56 fuerit
810 939 253 56 magus,
962 939 253 56 constat,

174 1013 254 57 fuisse
351 1013 457 57 Carthaginensem
732 1013 355 57 Episcopum,
986 1013 228 57 coinci-

176 1090 271 56 dereque
374 1090 173 56 cum
472 1090 197 56 illo
596 1090 296 56 celebri,
817 1090 222 56 cujus
941 1090 271 56 eruditis¬-

172 1166 214 55 sima
306 1166 294 55 habemus
520 1166 267 55 opera;
707 1166 240 55 aliis
840 1166 374 55 asserentibus

171 1242 240 57 illum
331 1242 240 57 magum
491 1242 187 57 non
598 1242 267 57 fuisse
758 1242 453 57 Carthaginensem,

170 1313 187 52 sed
277 1313 213 52 bene
410 1313 400 52 Antiochenum
731 1313 400 52 Antistitem;
1024 1313 187 52 aliis

171 1389 285 55 denique
378 1389 467 55 existimantibus
767 1389 233 55 illum
923 1389 233 55 nullo
1052 1389 156 55 modo

171 1465 253 56 fuisse
348 1465 355 56 Episcopum.
627 1465 253 56 Scotus
804 1465 279 56 aliquam
1006 1465 152 56 ex
1057 1465 152 56 pri¬-

168 1542 181 54 mis
272 1542 259 54 duabus
453 1542 363 54 sententiis
738 1542 337 54 supposuit
997 1542 129 54 ;
1023 1542 181 54 quam,

166 1618 312 54 incertum
400 1618 208 54 est;
530 1618 182 54 nam
634 1618 234 54 omnis
789 1618 338 54 Episcopus
1023 1618 182 54 pote¬-

169 1695 162 53 rat
261 1695 185 53 dici
377 1695 485 53 Christianissimus,
792 1695 139 53 ut
862 1695 231 53 Scotus
1000 1695 208 53 vocavit

166 1770 229 56 illum
318 1770 254 56 magum.
496 1770 229 56 Prima
649 1770 331 56 sententia
903 1770 229 56 minus
1030 1770 178 56 habet

167 1845 469 56 probabilitatis;
562 1845 173 56 tum
661 1845 197 56 quia
784 1845 148 56 in
858 1845 321 56 Breviario
1080 1845 123 56 Ro¬-

166 1922 228 57 mano,
318 1922 228 57 sicut
470 1922 152 57 et
546 1922 152 57 in
622 1922 431 57 Martyrologiis
952 1922 254 57 antiquis

164 1999 319 55 omnibus,
404 1999 292 55 tanquam
616 1999 292 55 diversi
829 1999 266 55 Sancti
988 1999 213 55 propo¬-

163 2074 259 52 nuntur
345 2074 311 52 diversis
578 2074 285 52 diebus,
786 2074 234 52 licet
942 2074 234 52 eodem
1071 2074 130 52 Se¬-

161 2150 294 56 ptembri
375 2150 240 56 mense
535 2150 347 56 Cyprianus
802 2150 347 56 Episcopus
1043 2150 160 56 Car-

163 2227 450 57 thaginensis,
528 2227 169 57 et
613 2227 365 57 Cyprianus
894 2227 281 57 magus;
1062 2227 141 57 tum

164 2303 208 57 quia
294 2303 156 57 in
372 2303 338 57 pluribus,
632 2303 208 57 quas
761 2303 286 57 diversi
943 2303 260 57 auctores

165 2381 270 54 veteres,
368 2381 135 54 et
436 2381 203 54 inter
571 2381 158 54 eos
661 2381 225 54 aliqui
819 2381 225 54 Patres
954 2381 248 54 scripsere

162 2457 234 56 vitas
318 2457 312 56 Cypriani
552 2457 494 56 Carthaginensis,
943 2457 260 56 operibus

167 2533 180 59 ejus
280 2533 316 59 praefixis,
528 2533 203 59 nulla
664 2533 248 59 prorsus
844 2533 158 59 fit
934 2533 226 59 mentio
1070 2533 135 59 quod

164 2610 193 56 fuit
285 2610 217 56 magus
429 2610 121 56 ;
478 2610 169 56 tum
574 2610 145 56 ob
647 2610 241 56 plures
816 2610 217 56 alias
936 2610 266 56 rationes,

165 2685 197 58 quas
289 2685 247 58 videre
462 2685 222 58 licet
610 2685 197 58 apud
733 2685 296 58 Pameiium
955 2685 148 58 in
1005 2685 197 58 initio

162 2762 338 57 eorumdem
415 2762 338 57 Cypriani
669 2762 310 57 operum.
894 2762 225 57 Vide
1007 2762 197 57 etiam

162 2837 234 57 Notas
318 2837 287 57 Baronii
527 2837 156 57 ad
605 2837 339 57 Marlyrol.
865 2837 208 57 Rom.
996 2837 182 57 14.
1074 2837 130 57 Se¬

145 2918 270 51 ptembris.

227 2995 191 59 Quod
346 2995 143 59 si
418 2995 334 59 objiciatur
680 2995 191 59 huic
800 2995 262 59 rationi
990 2995 143 59 ex
1038 2995 167 59 mira¬-

172 3071 227 56 culis
323 3071 328 56 deductae,
575 3071 227 56 etiam
726 3071 302 56 daemonem
953 3071 227 56 plura
1079 3071 126 56 fa¬-

170 3147 206 59 cere
299 3147 232 59 posse
454 3147 155 59 ex
531 3147 206 59 iis,
660 3147 206 59 quae
789 3147 181 59 pro
892 3147 335 59 miraculis
1125 3147 77 59 a

165 3222 234 59 nobis
321 3222 234 59 ipsis
477 3222 390 59 referuntur,
788 3222 156 59 et
840 3222 364 59 Anlichrislum

165 3298 304 58 facturum
393 3298 279 58 plurima
595 3298 228 58 signa
747 3298 152 58 ad
798 3298 405 58 confirmationem

168 3373 193 56 suae
288 3373 337 56 doctrinae,
553 3373 145 56 et
626 3373 386 56 consequenter
939 3373 145 56 ex
987 3373 217 56 miracu¬-

164 3448 186 58 lis
271 3448 186 58 non
377 3448 240 58 posse
537 3448 293 58 colligi
750 3448 240 58 veram
883 3448 320 58 doctrinam.

166 3523 253 59 Doctor
343 3523 329 59 triplicem
596 3523 177 59 dat
697 3523 405 59 responsionem
1026 3523 127 59 §
1051 3523 152 59 Ccm-

164 3600 196 57 tra
276 3600 365 57 secundum,
557 3600 168 57 et
641 3600 224 57 seq.
781 3600 281 57 Primo,
950 3600 253 57 negando

1273 334 273 65 daemonem
1478 334 136 65 in
1546 334 409 65 confirmationem
1886 334 295 65 doctrinae
2091 334 227 65 Diabolus

1275 409 186 72 falsae
1406 409 186 72 facere
1536 409 223 72 miracula
1704 409 168 72 ulla,
1815 409 149 72 sive
1908 409 149 72 illa
2001 409 149 72 quae
2076 409 242 72 fecit°mira-

1277 486 223 75 excedunt
1445 486 279 75 capacitatem
1668 486 204 75 ipsius,
1816 486 111 75 ut
1872 486 149 75 sunt
1965 486 167 75 prae-
2058 486 260 75 sufli“j*nter

1274 561 261 57 dictiones
1475 561 261 57 futurorum
1675 561 361 57 contingentium,
1977 561 141 57 aut
2057 561 141 57 »cl
2117 561 201 57 cv.iNi--

1271 636 334 50 revelationes
1542 636 292 50 secretorum
1772 636 229 50 cordium
1939 636 125 50 ac
2001 636 188 50 resu-
2105 636 209 50 errorem.

1265 709 389 57 scitationes
1576 709 337 57 mortuorum
1836 709 130 57 ;
1888 709 208 57 sive
2018 709 234 57 etiam
2147 709 156 57 alia

1267 787 212 58 quae
1400 787 186 58 non
1506 787 319 58 videntur
1745 787 319 58 excedere
1958 787 345 58 capacitatem

1267 861 253 58 ipsius,
1451 861 138 58 ut
1520 861 184 58 sunt
1635 861 322 58 repentinae
1888 861 322 58 sanationes
2118 861 184 58 infir¬-

1264 938 297 57 mitatum,
1487 938 297 57 vulnerum
1710 938 149 57 ac
1785 938 372 57 cicatricum,
2082 938 149 57 et
2132 938 173 57 simi¬-

1263 1012 208 61 lia.
1393 1012 312 61 Negando,
1627 1012 286 61 inquam,
1836 1012 234 61 ipsum
1992 1012 260 61 facere
2148 1012 156 61 ulla

1265 1091 152 60 ex
1341 1091 177 60 his
1442 1091 354 60 miraculis,
1720 1091 202 60 quin
1847 1091 202 60 Deus
1948 1091 354 60 sufficienter

1263 1168 345 55 significet
1535 1168 222 55 illis
1683 1168 321 55 miraculis
1929 1168 222 55 fidem
2077 1168 173 55 non
2151 1168 148 55 esse

1262 1241 371 61 adhibendam;
1559 1241 198 61 unde
1682 1241 148 61 de
1756 1241 222 61 facto
1905 1241 321 61 praedixit
2127 1241 173 61 Anti-

1258 1318 319 62 christum
1498 1318 319 62 facturum
1737 1318 293 62 plurima
1950 1318 266 62 signa,
2110 1318 186 62 queis

1258 1395 246 60 tamen
1422 1395 192 60 non
1531 1395 274 60 debere
1723 1395 246 60 credi
1887 1395 356 60 asseruit,
2134 1395 164 60 quod

1259 1468 296 61 sufficit
1481 1468 148 61 ut
1555 1468 172 61 non
1654 1468 296 61 habeatur
1875 1468 222 61 ipsis
2023 1468 246 61 fides.
2171 1468 123 61 Cum

1258 1545 229 60 etiam
1410 1545 203 60 magi
1537 1545 152 60 et
1613 1545 330 60 sapientes
1867 1545 330 60 Pharaonis
2121 1545 152 60 in
2172 1545 127 60 pa¬-

1256 1615 293 61 trandis
1469 1615 266 61 signis
1656 1615 186 61 cum
1762 1615 240 61 Moyse
1896 1615 399 61 contenderent,

1255 1693 152 55 ut
1331 1693 279 55 habetur
1534 1693 152 55 in
1610 1693 254 55 Exodo,
1788 1693 254 55 tandem
1966 1693 229 55 victi
2093 1693 203 55 dedere

1253 1772 261 57 manus,
1435 1772 209 57 ipso
1566 1772 365 57 superante,
1853 1772 156 57 et
1931 1772 287 57 proinde
2113 1772 183 57 clare

1254 1848 311 58 constare
1488 1848 259 58 potuit
1669 1848 259 58 potius
1851 1848 234 58 Moysi
2007 1848 208 58 quam
2110 1848 182 58 ipso¬-

1256 1924 169 55 rum
1352 1924 241 55 signis
1521 1924 314 55 credendum
1763 1924 266 55 fuisse.
1956 1924 145 55 In
2004 1924 290 55 saeculari¬-

1250 2001 197 56 bus
1362 2001 281 56 quoque
1559 2001 309 56 gentium
1784 2001 365 56 historiis
2036 2001 253 56 plurima

1253 2075 290 60 leguntur
1470 2075 290 60 portenta
1688 2075 193 60 quae
1809 2075 242 60 videri
1978 2075 266 60 possunt
2147 2075 145 60 apud

1250 2151 280 60 nostrum
1453 2151 306 60 Medinam,
1683 2151 178 60 qui
1785 2151 280 60 erudite
1988 2151 153 60 ac
2039 2151 255 60 graviter

1251 2235 193 60 haec
1371 2235 217 60 omnia
1516 2235 217 60 signa
1661 2235 361 60 pertractat,
1950 2235 169 60 sed
2046 2235 169 60 non
2118 2235 169 60 legi¬-

1256 2311 152 49 tur
1343 2311 195 49 tamen
1473 2311 108 49 e
1517 2311 108 49 i
1560 2311 195 49 facta
1690 2311 130 49 in
1755 2311 282 49 doctrinae
1972 2311 217 49 ullius
2102 2311 174 49 falsae

1250 2387 520 61 confirmationem.
1688 2387 219 61 Quod
1825 2387 164 61 si
1907 2387 164 61 in
1989 2387 192 61 hoc
2071 2387 219 61 genere

1250 2465 202 55 Deus
1376 2465 177 55 non
1477 2465 277 55 ligaret
1679 2465 277 55 diabolo
1880 2465 252 55 manus,
2057 2465 177 55 cum
2133 2465 151 55 avi¬-

1254 2541 289 56 dissimus
1471 2541 169 56 sit
1567 2541 265 56 nostrae
1759 2541 385 56 perditionis,
2072 2541 144 56 et
2121 2541 169 56 sciat

1252 2617 212 59 nihil
1394 2617 188 59 plus
1511 2617 377 59 auctoritatis
1817 2617 329 59 conciliare
2053 2617 235 59 dogmati¬-

1254 2694 165 61 bus
1349 2694 236 61 ullis,
1514 2694 189 61 quam
1632 2694 424 61 extraordinaria
1985 2694 236 61 aliqua
2127 2694 165 61 signa

1253 2770 160 58 et
1333 2770 346 58 prodigia,
1599 2770 213 58 quis
1732 2770 293 58 dubitet
1945 2770 213 58 quin
2052 2770 239 58 plurima

1254 2845 222 54 esset
1402 2845 346 54 patraturus
1674 2845 148 54 in
1748 2845 444 54 confirmationem
2118 2845 197 54 liae
2217 2845 74 54 -

1250 2922 234 55 resum
1406 2922 130 55 ?
1458 2922 182 55 Hoc
1562 2922 234 55 autem
1718 2922 182 55 cum
1822 2922 182 55 non
1926 2922 286 55 faciat,
2108 2922 182 55 satis

1252 2998 258 59 patet,
1433 2998 207 59 quam
1562 2998 233 59 verum
1717 2998 181 59 sit
1821 2998 233 59 illud
1976 2998 310 59 Apostoli
2183 2998 103 59 1.

1255 3073 282 58 Corinth.
1467 3073 141 58 10
1538 3073 259 58 Fidelis
1726 3073 212 58 aulem
1867 3073 188 58 Deus
1984 3073 188 58 est,
2102 3073 165 58 qui
2172 3073 118 58 non

1249 3149 290 59 patietur
1467 3149 169 59 vos
1563 3149 314 59 tribulari
1805 3149 218 59 supra
1950 3149 145 59 id
2023 3149 194 59 quod
2120 3149 169 59 pote¬-

1253 3225 212 52 stis.
1395 3225 165 52 Sic
1489 3225 212 52 autem
1630 3225 400 52 tribularemur,
1960 3225 141 52 si
2031 3225 141 52 in
2078 3225 212 52 confir¬-

1252 3301 304 55 mationem
1480 3301 304 55 haeresum
1708 3301 228 55 signa
1859 3301 152 55 et
1935 3301 304 55 portenta
2138 3301 152 55 fie¬-

1252 3377 198 59 rent
1376 3377 148 59 ea
1450 3377 296 59 ratione,
1672 3377 148 59 ut
1746 3377 173 59 non
1845 3377 247 59 posset
2018 3377 272 59 colligi
2191 3377 99 59 ex

1251 3451 468 50 circumstantiis
1641 3451 468 50 antecedentibus
2031 3451 156 50 ac
2083 3451 208 50 conco¬-

1248 3526 401 57 mitantibus,
1569 3526 214 57 quod
1702 3526 187 57 iis
1809 3526 187 57 non
1916 3526 240 57 esset
2050 3526 240 57 creden¬

1221 3608 177 40 dum.
