2682 3979
420 347 305 63 Decimo
633 347 183 63 et
724 347 305 63 ultimo
938 347 305 63 potest
1121 347 274 63 adduci,

336 426 283 56 Martyrum
549 426 189 56 quod
667 426 212 56 DcilS
808 426 212 56 11011
950 426 212 56 deest
1068 426 330 56 0US6R6UtidUS

335 502 247 52 fide*,
508 502 198 52 toto
632 502 222 52 corde
780 502 272 52 salutem
978 502 124 52 ;
1027 502 222 52 multi
1151 502 247 52 autemdi-

335 576 247 62 Apoi.'
508 576 395 62 ligentissime
829 576 370 62 inquirentes
1125 576 271 62 salutem
1297 576 99 62 ad

334 641 362 66 Rom.lfact.
619 641 207 66 hanc
748 641 259 66 sectam
929 641 310 66 conversi
1161 641 233 66 sunt,
1291 641 103 66 et

338 715 224 73 divin.
494 715 202 73 fnst.
629 715 224 73 quanto
785 715 358 73 ferventiores
1077 715 202 73 facti
1211 715 179 73 sunt
1300 715 90 73 in

332 793 279 71 13‘14-
527 793 418 71 inquirendo,
862 793 251 71 tanto
1029 793 167 71 in
1112 793 195 71 hac
1196 793 195 71 secta

355 882 325 60 amplius
592 882 414 60 confirmati
917 882 384 60 subitoque
1213 882 177 60 in
1272 882 118 60 ea

351 957 486 60 poenitentes
740 957 195 60 de
837 957 357 60 malitia
1096 957 195 60 ad
1161 957 227 60 bonam

347 1033 284 60 vitam
536 1033 315 60 mutati
756 1033 284 60 sunt,
945 1033 378 60 tormenta
1197 1033 189 60 quo¬-

349 1109 220 60 que
474 1109 220 60 pro
600 1109 188 60 ea
694 1109 314 60 plures
913 1109 188 60 in
1008 1109 282 60 magna
1164 1109 220 60 exul-

347 1184 308 61 tatione
571 1184 336 61 spiritus
823 1184 336 61 perpessi
1076 1184 252 61 sunt;
1216 1184 168 61 quae

345 1262 207 60 non
464 1262 354 60 videntur
729 1262 443 60 probabilia,
1084 1262 236 60 nisi
1202 1262 177 60 Deus

343 1336 231 63 hanc
488 1336 289 63 sectam
690 1336 289 63 sacrae
892 1336 404 63 Scripturae
1181 1336 202 63 inni-

338 1414 316 62 tentem
559 1414 631 62 irrefragabiliter
1064 1414 316 62 approba¬-

341 1491 204 49 ret
457 1491 175 49 et
545 1491 378 49 ordinaret
836 1491 175 49 ad
894 1491 291 49 salutem.

583 1691 479 43 COMMENTARIUS.

313 2410 168 46 rum
409 2410 192 46 est,
529 2410 192 46 quod
649 2410 216 46 nulla
793 2410 216 46 esset
936 2410 240 46 ratio,
1104 2410 144 46 ob
1176 2410 192 46 quam
1272 2410 96 46 in

311 2484 229 50 ventas
472 2484 344 50 praedicanda
747 2484 161 50 aut
839 2484 275 50 laudanda
1022 2484 344 50 Christianorum

312 2560 312 54 Christianse.
566 2560 293 54 professione
801 2560 312 54 mentirentur,
1055 2560 137 54 aut
1113 2560 254 54 deciperent.

307 2637 248 53 Romanis
488 2637 248 53 Secunda
668 2637 158 53 est
758 2637 135 53 ex
825 2637 338 53 congruentia
1096 2637 248 53 morali,
1253 2637 113 53 ma-

396 1870 160 54 (a)
487 1870 182 54 Nono
601 1870 228 54 quoque
761 1870 205 54 loco,
898 1870 182 54 etc.
1011 1870 205 54 Licet
1148 1870 137 54 ab
1194 1870 182 54 initio

341 1948 165 51 non
436 1948 306 51 statuerit
671 1948 306 51 proponere
906 1948 188 51 nisi
1024 1948 188 51 octo
1142 1948 165 51 jam
1212 1948 165 51 prae¬-

341 2026 235 41 missas
505 2026 188 41 vias
622 2026 141 41 et
693 2026 282 41 rationes
904 2026 352 41 convincendi
1162 2026 211 41 doctri¬-

336 2104 207 50 nam,
465 2104 207 50 quam
595 2104 388 50 profitentur
905 2104 258 50 Romani
1060 2104 310 50 Catholici,

336 2180 228 52 tamen
488 2180 177 52 hic
589 2180 304 52 adjungit
816 2180 228 52 alias
968 2180 228 52 duas.
1120 2180 228 52 Prima
1247 2180 127 52 est

322 2257 117 59 Ab
380 2257 233 59 auctori-
555 2257 117 59 ab
613 2257 292 59 extraneorum
846 2257 311 59 auctoritate,
1099 2257 117 59 ut
1157 2257 214 59 Josephi
1293 2257 78 59 et

316 2327 183 59 tate
431 2327 343 59 Sibyllarum,
705 2327 229 59 quibus
865 2327 206 59 tanto
1003 2327 206 59 magis
1117 2327 252 59 credendum

303 2716 192 56 quam
423 2716 168 56 gni
519 2716 265 56 prorsus
712 2716 289 56 momenti.
928 2716 168 56 Nam
1024 2716 192 56 sane
1121 2716 240 56 dubilan-

303 2780 323 68 areveiandaS
562 2780 151 68 dum
648 2780 151 68 non
735 2780 151 68 est
821 2780 173 68 Quin
929 2780 173 68 Deus
1015 2780 345 68 communicaverit

300 2858 206 62 erat.
437 2858 298 62 aliquibus
666 2858 183 62 viam
781 2858 229 62 illam,
941 2858 160 62 per
1033 2858 183 62 quam
1147 2858 137 62 ad
1193 2858 160 62 ipsum

315 2941 346 51 perveniri
581 2941 293 51 posset;
794 2941 186 51 sed
901 2941 266 51 potius
1060 2941 293 51 credendum

314 3017 191 52 est
423 3017 219 52 sine
560 3017 437 52 comparatione
915 3017 219 52 quod
1051 3017 164 52 id
1106 3017 246 52 fecerit

314 3092 384 56 Christianis,
626 3092 264 56 nostris
818 3092 336 56 majoribus,
1083 3092 192 56 quam
1179 3092 168 56 alia¬-

306 3173 191 49 rum
415 3173 328 49 sectarum
661 3173 437 49 quarumcumque
989 3173 355 49 Professori¬-

303 3245 212 55 bus,
436 3245 186 55 non
542 3245 239 55 solum
702 3245 159 55 ob
781 3245 372 55 prsemissas
1047 3245 292 55 rationes,

305 3321 164 51 sed
398 3321 188 51 quia
516 3321 141 51 ex
586 3321 352 51 Christianis
868 3321 258 51 plurimi
1033 3321 305 51 sanctissime

301 3398 335 54 vixerunt,
559 3398 155 54 et
637 3398 232 54 summo
791 3398 258 54 conatu
972 3398 155 54 et
1023 3398 310 54 industria,

302 3473 279 55 adhibitis
516 3473 344 55 orationibus,
796 3473 279 55 jejuniis,
1011 3473 279 55 vigiliis,
1204 3473 129 55 pro¬-

298 3551 328 51 curaverunt
555 3551 211 51 scire
696 3551 305 51 veritatem
930 3551 117 51 ;
977 3551 141 51 et
1048 3551 164 51 qua
1118 3551 211 51 ratione

287 3626 266 52 maxime
474 3626 293 52 possent
687 3626 293 52 placere
900 3626 240 52 ipsi,
1060 3626 160 52 et
1140 3626 160 52 ex
1193 3626 133 52 iis

1448 351 289 53 plurimi
1658 351 184 53 cum
1763 351 158 53 id
1842 351 368 53 fecissent,
2132 351 316 53 antequam
2342 351 132 53 no¬-

1444 428 238 51 stram
1602 428 370 51 Religionem
1892 428 317 51 professi
2130 428 238 51 sunt,
2288 428 158 51 ad
2341 428 132 51 eam

1447 502 365 52 profitendam
1738 502 195 52 sunt
1860 502 316 52 perducti,
2103 502 219 52 nulla
2225 502 243 52 adhibita

1446 578 153 52 vi,
1534 578 284 52 nullisque
1752 578 306 52 propositis
1992 578 240 52 motivis
2167 578 240 52 praeter
2320 578 153 52 divi¬-

1441 655 148 51 na
1515 655 172 51 qui
1614 655 197 51 vero
1736 655 148 51 in
1810 655 148 51 ea
1884 655 270 51 educati
2081 655 221 51 sunt,
2228 655 246 51 semper
2376 655 98 51 co

1440 735 227 53 magis
1591 735 151 53 et
1666 735 227 53 magis
1817 735 151 53 in
1893 735 151 53 ea
1968 735 478 53 confirmabantur,
2346 735 126 53 quo

1439 813 227 53 magis
1590 813 152 53 in
1666 813 227 53 vitae
1818 813 379 53 perfectione
2095 813 379 53 progredieban¬-

1437 890 201 52 tur;
1562 890 176 52 sed
1663 890 402 52 adhibentibus
1989 890 326 52 hujusmodi
2215 890 251 52 diligen¬-

1436 965 206 43 tiam
1565 965 413 43 verisimilius
1901 965 181 43 est
2004 965 206 43 Deum
2133 965 310 43 veriorem
2339 965 129 43 do¬-

1436 1043 276 50 ctrinam
1637 1043 351 50 revelasse,
1913 1043 201 50 sive
2038 1043 151 50 ad
2114 1043 176 50 eam
2189 1043 276 50 perducen¬-

1432 1118 181 51 do,
1536 1118 207 51 sive
1665 1118 155 51 in
1743 1118 155 51 ea
1820 1118 414 51 confirmando,
2157 1118 207 51 quam
2260 1118 207 51 aliis,

1433 1200 168 51 qui
1529 1200 215 51 media
1672 1200 263 51 similia
1864 1200 335 51 indagandae
2127 1200 311 51 veritatis
2342 1200 120 51 non

1428 1277 352 49 adhibuere,
1704 1277 151 49 ut
1779 1277 352 49 manifestum
2056 1277 201 49 est;
2156 1277 176 49 ergo.

1481 1350 344 51 Confirmat
1745 1350 265 51 Scolus
1931 1350 212 51 hanc
2063 1350 238 51 viam,
2222 1350 159 51 ex
2275 1350 185 51 subi¬-

1428 1429 231 52 tanea
1582 1429 154 52 et
1660 1429 385 52 inexpectata
1968 1429 128 52 a
2019 1429 206 52 mala
2148 1429 206 52 vita
2276 1429 154 52 ad
2328 1429 128 52 bo¬-

1428 1506 167 52 nam
1524 1506 335 52 mutatione,
1787 1506 191 52 quae
1906 1506 143 52 in
1978 1506 191 52 iis,
2097 1506 167 52 qui
2193 1506 143 52 ad
2241 1506 215 52 nostram

1426 1584 351 54 religionem
1702 1584 150 54 ab
1777 1584 251 54 aliena
1952 1584 401 54 transierant,
2253 1584 201 54 commu¬-

1426 1658 215 55 niter
1570 1658 311 55 apparuit;
1809 1658 168 55 cum
1905 1658 120 55 e
1953 1658 239 55 contra
2120 1658 168 55 qui
2216 1658 144 55 ex
2264 1658 191 55 nostra

1422 1737 374 53 Religione
1710 1737 173 53 ad
1796 1737 259 53 aliam
1969 1737 403 53 quamcumque
2257 1737 201 53 tran¬-

1429 1809 224 53 seunt,
1585 1809 157 53 vel
1675 1809 134 53 in
1742 1809 179 53 ipso
1854 1809 224 53 initio
2010 1809 224 53 statim
2167 1809 291 53 illicitis
2368 1809 90 53 se

1428 1886 245 53 dedant
1599 1886 416 53 voluptatibus,
1942 1886 343 53 violantes,
2211 1886 147 53 si
2260 1886 196 53 Sacer¬-

1427 1964 220 49 dotes
1573 1964 196 49 sint
1695 1964 171 49 aut
1793 1964 293 49 Monachi,
2013 1964 196 49 quae
2135 1964 196 49 vota
2233 1964 220 49 pauper¬-

1428 2037 223 52 tatis,
1584 2037 312 52 castitatis
1829 2037 134 52 et
1895 2037 334 52 obedientiae
2163 2037 156 52 Deo
2229 2037 223 52 praesti¬-

1421 2111 291 52 terunt.
1632 2111 185 52 Nec
1738 2111 238 52 ullum
1897 2111 212 52 fere
2029 2111 317 52 exemplum
2240 2111 212 52 adduci

1419 2187 251 56 possit
1594 2187 276 56 ullius,
1795 2187 176 56 qui
1895 2187 125 56 a
1946 2187 251 56 nostra
2096 2187 351 56 apostatavit,

1418 2266 206 51 nisi
1547 2266 154 51 ob
1624 2266 257 51 motiva
1804 2266 257 51 aliqua
1984 2266 283 51 humana,
2190 2266 231 51 eaque
2318 2266 129 51 pa¬-

1416 2339 185 54 rum
1521 2339 291 54 honesta
1733 2339 185 54 vel
1839 2339 371 54 augendarum
2104 2339 344 54 divitiarum,

1418 2417 176 50 aut
1519 2417 302 50 honorum,
1745 2417 176 50 vel
1846 2417 403 50 voluptatibus
2149 2417 302 50 carnalibus

1417 2492 352 52 indulgendi,
1698 2492 164 52 vel
1792 2492 211 52 certe
1933 2492 329 52 vindicandi
2192 2492 141 52 se
2262 2492 141 52 de
2309 2492 141 52 suis

1417 2568 407 51 superioribus,
1752 2568 168 51 aut
1848 2568 263 51 amicis,
2040 2568 168 51 aut
2136 2568 287 51 similia;
2327 2568 120 51 tum

1412 2645 232 50 etiam
1567 2645 155 50 ex
1644 2645 361 50 admirabili
1928 2645 490 50 constantia,quam
2314 2645 129 50 om¬-

1411 2720 167 53 nis
1507 2720 263 53 generis
1698 2720 191 53 viri
1817 2720 143 53 et
1889 2720 287 53 foeminae
2104 2720 143 53 in
2175 2720 239 53 nostra
2319 2720 119 53 do¬-

1412 2797 228 52 ctrina
1572 2797 342 52 profitenda,
1845 2797 205 52 nihil
1982 2797 296 52 facientes
2210 2797 182 52 ulla
2301 2797 137 52 sup¬-

1403 2875 319 51 pliciorum
1649 2875 246 51 genera
1821 2875 442 51 monstraverunt,
2189 2875 196 51 quae
2288 2875 147 51 sane

1403 2951 344 52 constantia
1674 2951 172 52 non
1772 2951 196 52 nisi
1895 2951 123 52 a
1944 2951 172 52 Deo
2042 2951 344 52 provenisse
2288 2951 147 52 cre¬-

1399 3025 272 49 dibile
1589 3025 217 49 est;
1725 3025 217 49 Deus
1861 3025 244 49 autem
2024 3025 217 49 sine
2159 3025 244 49 dubio
2295 3025 136 49 non

1393 3103 372 51 inspiraret
1686 3103 186 51 eam
1792 3103 159 51 ad
1871 3103 292 51 erroris
2057 3103 372 51 professionem

1396 3178 309 52 tuendam.
1628 3178 154 52 Et
1705 3178 283 52 quamvis
1911 3178 154 52 de
1988 3178 334 52 aliquibus
2219 3178 206 52 Haere¬-

1397 3254 179 53 ticis
1517 3254 239 53 legatur,
1696 3254 160 53 quod
1796 3254 259 53 pertinaci
1995 3254 299 53 constantia,
2215 3254 219 53 Haeretici

1393 3326 191 61 etiam
1520 3326 127 61 ad
1584 3326 212 61 mortem
1732 3326 191 61 usque
1859 3326 127 61 in
1923 3326 170 61 suis
2029 3326 276 61 erroribus
2220 3326 212 61 tuenda1*

1386 3409 529 48 perseveraverint,
1836 3409 238 48 tamen
1994 3409 159 48 et
2074 3409 159 48 id
2127 3409 291 48 rarissime

1389 3478 291 73 contingit,
1618 3478 125 73 et
1680 3478 333 73 quandoquidem
1951 3478 229 73 aliunde
2117 3478 166 73 con-
2200 3478 229 73 tri^jeb°j

1379 3557 205 53 stat
1507 3557 333 53 doctrinam
1764 3557 205 53 quam
1892 3557 410 53 defendebant,
2199 3557 205 53 fuisse

1380 3635 324 53 erroneam,
1629 3635 249 53 potius
1803 3635 274 53 diabolo
2003 3635 199 53 quam
2127 3635 174 53 Deo
2202 3635 224 53 adscri-
