2653 3979
179 335 218 55 benda
324 335 170 55 est
421 335 194 55 illa
543 335 218 55 eorum
688 335 340 55 constantia
955 335 170 55 seu
1028 335 194 55 potius

172 413 403 53 pertinacia.
495 413 161 53 Ex
575 413 242 53 nullo
736 413 242 53 autem
898 413 269 53 capite
1059 413 161 53 con¬-

175 487 208 51 stat
305 487 287 51 nostram
514 487 339 51 doctrinam
774 487 208 51 esse
904 487 261 51 malam,
1061 487 156 51 unde

172 564 267 54 virtus
359 564 214 54 illa
493 564 160 54 ad
573 564 187 54 eam
680 564 401 54 profitendam
974 564 241 54 conces¬-

173 639 165 55 sa
255 639 137 55 a
310 639 192 55 Deo
420 639 275 55 potius
612 639 220 55 quam
750 639 302 55 diabolo
942 639 275 55 profecta

181 716 194 41 dici
278 716 194 41 debet.

231 796 180 54 His
334 796 361 54 praemissis
618 796 155 54 ad
695 796 438 54 declarationem
1030 796 180 54 majo-

150 872 126 55 "
200 872 176 55 rem
301 872 227 55 harum
452 872 201 55 octo
578 872 176 55 vel
678 872 227 55 decem
829 872 252 55 potius
980 872 227 55 viarum,

182 947 222 55 quibus
337 947 311 55 auctoritas
582 947 245 55 nostrae
760 947 311 55 Scripturae
1005 947 133 55 ac
1049 947 156 55 fidei

178 1022 253 56 adstrui
362 1022 253 56 potest,
545 1022 321 56 examinanda
798 1022 230 56 restat
959 1022 184 56 illa
1050 1022 161 56 quae¬-

175 1099 223 54 stio,
324 1099 198 54 quae
447 1099 148 54 in
522 1099 297 54 tractatu
744 1099 148 54 de
818 1099 198 54 fide
917 1099 297 54 communiter

173 1177 271 56 proponi
371 1177 247 56 solet:
543 1177 148 56 an
617 1177 296 56 mysteria
839 1177 271 56 nostrae
1012 1177 197 56 fidei,

174 1251 172 56 seu
273 1251 295 56 doctrina
494 1251 197 56 quam
617 1251 197 56 fide
740 1251 246 56 divina
888 1251 320 56 profitemur,

165 1321 178 56 sit
266 1321 331 56 evidenter
521 1321 382 56 credibilis,
827 1321 178 56 seu
929 1321 204 56 quod
1056 1321 153 56 in
1107 1321 102 56 re

171 1397 203 56 idem
297 1397 203 56 est,
424 1397 152 56 an
500 1397 330 56 habeantur
754 1397 279 56 aliquae
957 1397 228 56 notae
1083 1397 127 56 seu

171 1473 227 58 signa
322 1473 327 58 evidentia
574 1473 151 58 ex
649 1473 252 58 quibus
825 1473 277 58 colligi
1002 1473 201 58 possit

171 1549 354 55 evidenter,
449 1549 202 55 quod
575 1549 253 55 nostra
752 1549 303 55 doctrina
980 1549 177 55 sit
1055 1549 152 55 illa

172 1627 455 57 supernaturalis
551 1627 329 57 divinitus
804 1627 354 57 inspirata,
1056 1627 152 57 quae

168 1701 245 56 modum
331 1701 163 56 et
413 1701 218 56 viam
549 1701 409 56 perveniendi
876 1701 163 56 ad
931 1701 272 56 beatitu-

171 1781 233 41 dinem
300 1781 207 41 docet.

224 1856 155 56 Ut
302 1856 232 56 autem
456 1856 361 56 resolvatur
740 1856 206 56 haec
843 1856 361 56 difficultas,

173 1931 418 60 advertendum
508 1931 223 60 est,
647 1931 251 60 aliud
815 1931 223 60 esse
926 1931 279 60 mysteria

170 2007 227 57 fidei
321 2007 177 57 seu
422 2007 202 57 illa
549 2007 202 57 quae
675 2007 202 57 fide
801 2007 253 57 divina
953 2007 253 57 credimus

155 2085 117 52 .
201 2085 187 52 esse
318 2085 303 52 evidentia
551 2085 117 52 ;
598 2085 210 52 aliud
738 2085 187 52 vero
832 2085 373 52 credibilitatem

173 2162 231 55 eorum
328 2162 206 55 esse
456 2162 334 55 evidentem
713 2162 129 55 ;
765 2162 231 55 sicut
919 2162 231 55 aliud
1048 2162 154 55 est,

171 2237 207 57 quod
300 2237 181 57 sit
404 2237 284 57 evidens
611 2237 258 57 alicui
791 2237 310 57 materiam
998 2237 207 57 primam

162 2313 254 56 posse
331 2313 338 56 existere
584 2313 282 56 absque
782 2313 225 56 omni
922 2313 282 56 forma,
1091 2313 113 56 et

167 2389 211 60 aliud
307 2389 188 60 esse
425 2389 258 60 evidens
613 2389 258 60 alicui,
801 2389 188 60 quod
918 2389 141 60 id
989 2389 164 60 sit
1059 2389 141 60 pro¬-

165 2464 259 60 babile.
354 2464 141 60 Ut
424 2464 282 60 mysteria
636 2464 212 60 fidei
777 2464 235 60 essent
918 2464 282 60 evidentia,

164 2540 300 52 deberet
382 2540 300 52 veritas
600 2540 245 52 eorum
764 2540 191 52 vel
873 2540 164 52 ex
927 2540 273 52 terminis

163 2619 329 57 apparere,
416 2619 228 57 sicut
568 2619 279 57 apparet
770 2619 279 57 veritas
948 2619 253 57 primorum

164 2692 430 61 principiorum,
518 2692 177 61 vel
619 2692 304 61 deberent
847 2692 253 61 habere
999 2692 202 61 aliqua

166 2768 313 60 principia
406 2768 313 60 evidentia
647 2768 144 60 ex
719 2768 313 60 terminis,
960 2768 144 60 ex
1008 2768 192 60 quibus

164 2847 363 51 sequeretur
449 2847 363 51 necessario
734 2847 285 51 veritas
941 2847 259 51 eorum.
1096 2847 104 51 Ut

168 2922 211 54 autem
308 2922 235 54 essent
473 2922 305 54 evidenter
707 2922 352 54 credibilia,
965 2922 235 54 sufficit

164 2995 224 60 quod
304 2995 280 60 essent
500 2995 364 60 evidentia
779 2995 308 60 motiva,
975 2995 224 60 quibus

162 3072 355 55 prudenter
435 3072 218 55 quis
571 3072 355 55 duceretur
844 3072 164 55 ad
899 3072 300 55 credendum

168 3148 240 62 illis.
336 3148 192 62 Unde
456 3148 240 62 aliqua
624 3148 336 62 propositio
888 3148 216 62 falsa
1008 3148 192 62 posset

167 3226 192 56 esse
287 3226 312 56 evidenter
527 3226 360 56 credibilis,
815 3226 144 56 si
887 3226 192 56 enim
1007 3226 168 56 duo
1079 3226 120 56 vel

166 3302 192 53 tres
286 3302 264 53 honesti
478 3302 192 53 viri
598 3302 360 53 convenirent
885 3302 144 53 in
933 3302 264 53 asserenda

165 3376 240 64 aliqua
333 3376 216 64 falsa
477 3376 408 64 propositione,
812 3376 144 64 ut
884 3376 192 64 quod
980 3376 216 64 aliquis

165 3454 226 55 esset
315 3454 301 55 mortuus,
541 3454 176 55 qui
641 3454 251 55 revera
817 3454 176 55 non
917 3454 226 55 esset
1043 3454 150 55 mor¬-

166 3528 225 53 tuus;
316 3528 200 53 modo
441 3528 225 53 nulla
591 3528 300 53 subesset
817 3528 225 53 ratio
942 3528 250 53 dubitan¬-

170 3601 159 67 di,
261 3601 205 67 esset
398 3601 296 67 evidenter
626 3601 296 67 credibile
853 3601 137 67 ei
922 3601 159 67 cui
1013 3601 182 67 ipsi
1104 3601 91 67 id

1269 331 454 55 attestarentur,
1647 331 202 55 quod
1773 331 227 55 talis
1924 331 227 55 esset
2050 331 252 55 mortuus,

1266 408 191 44 cum
1375 408 246 44 tamen
1539 408 164 44 id
1621 408 246 44 esset
1784 408 300 44 falsum.
2003 408 218 44 Hinc
2112 408 191 44 autem

1267 483 306 57 sequitur,
1503 483 212 57 licet
1644 483 329 57 sufficeret
1903 483 235 57 alicui
2044 483 259 57 evidentia

1271 561 403 55 credibilitatis
1607 561 269 55 alicujus
1808 561 381 55 propositionis
2122 561 134 55 ut
2167 561 134 55 pru¬-

1278 636 207 54 denter
1423 636 228 54 credat,
1589 636 124 54 et
1651 636 207 54 absque
1797 636 228 54 peccato
1963 636 124 54 et
2025 636 187 54 levi-
2128 636 187 54 citevi-

1271 702 188 67 late,
1396 702 146 67 non
1480 702 188 67 tamen
1605 702 292 67 quamcumque
1835 702 188 67 talem
1960 702 104 67 e
2002 702 146 67 vi-
2064 702 251 67 Credibfii-

1268 789 256 58 dentiam
1454 789 326 58 sufficere,
1710 789 140 58 ut
1780 789 256 58 certius
1966 789 349 58 assentiatur
2222 789 93 58 ut

1266 865 175 54 isti
1376 865 263 54 veritati
1573 865 153 54 sic
1661 865 329 54 propositae,
1923 865 175 54 quam
2033 865 197 54 ullis
2143 865 153 54 aliis

1265 935 315 59 veritatibus
1517 935 336 59 naturalibus,
1790 935 147 59 nec
1874 935 189 59 etiam
2000 935 168 59 ita,
2084 935 231 59 utP^^iqu*

1258 1012 330 57 prudenter
1511 1012 254 57 posset
1689 1012 177 57 aut
1790 1012 279 57 deberet
1993 1012 152 57 se
2044 1012 254 57 exponere

1260 1086 216 48 morti
1404 1086 144 48 ad
1476 1086 360 48 defensionem
1764 1086 216 48 talis
1907 1086 336 48 veritatis.
2147 1086 144 48 Unde

1259 1164 182 56 cum
1363 1164 286 56 certius
1571 1164 364 56 supponamur
1858 1164 338 56 assentiri
2092 1164 208 56 myste¬-

1259 1240 189 58 riis
1377 1240 212 58 fidei
1519 1240 189 58 quam
1637 1240 448 58 propositionibus
2015 1240 212 58 ullis
2133 1240 165 58 natu¬-

1258 1317 254 58 raliter
1443 1317 300 58 cognitis,
1674 1317 139 58 et
1743 1317 162 58 pro
1835 1317 323 58 defensione
2066 1317 231 58 cujusli-

1255 1394 187 58 bet
1362 1394 320 58 mysterii
1602 1394 160 58 ex
1682 1394 240 58 illis
1842 1394 320 58 debeamus
2055 1394 240 58 mortem,

1255 1471 156 54 si
1333 1471 287 54 necesse
1542 1471 261 54 esset,
1724 1471 339 54 oppetere,
1985 1471 287 54 constat
2168 1471 130 54 non

1255 1544 356 57 sufficere
1528 1544 246 57 nobis
1692 1544 301 57 probare
1911 1544 219 57 quod
2020 1544 274 57 mysteria

1256 1617 228 55 fidei
1408 1617 203 55 sint
1534 1617 329 55 evidenter
1788 1617 355 55 credibilia
2041 1617 253 55 quomodo¬-

1255 1694 299 58 cumque,
1472 1694 190 58 sed
1581 1694 407 58 ostendendum
1907 1694 244 58 esse,
2070 1694 163 58 ea
2124 1694 163 58 ali¬-

1254 1770 231 60 quam
1398 1770 375 60 specialem
1687 1770 173 60 et
1773 1770 375 60 eminentem
2033 1770 259 60 eviden¬-

1261 1846 191 56 tiam
1381 1846 263 56 habere,
1572 1846 167 56 aut
1667 1846 143 56 in
1739 1846 143 56 se
1810 1846 167 56 aut
1906 1846 143 56 in
1978 1846 167 56 sua
2049 1846 239 56 credibi-

1240 1935 172 38 litate.

1307 2000 311 58 Conclusio
1546 2000 215 58 prima
1690 2000 120 58 :
1738 2000 287 58 Mysteria
1953 2000 263 58 nostra?
2121 2000 167 58 fidei

1258 2079 164 47 sunt
1360 2079 267 47 evidenter
1565 2079 308 47 credibilia.
1811 2079 164 47 Haec
1914 2079 144 47 est
1996 2079 164 47 com-
2098 2079 123 47 i.
2139 2079 164 47 Myste¬-

1256 2155 196 55 munis
1387 2155 218 55 omnium
1540 2155 327 55 Theologorum
1801 2155 131 55 2.
1867 2155 131 55 2.
1932 2155 240 55 quaest.
2107 2155 153 55 dei
2172 2155 131 55 sunt

1261 2228 112 58 1.
1317 2228 112 58 et
1373 2228 112 58 in
1429 2228 279 58 tractatibus
1652 2228 335 58 particularibus
1931 2228 112 58 de
1987 2228 149 58 fide
2061 2228 242 58 credibilia,

1255 2306 245 58 contra
1426 2306 318 58 Capriolum
1671 2306 147 58 3.
1744 2306 220 58 dist.
1891 2306 171 58 31.
1989 2306 147 58 et
2063 2306 171 58 32.
2136 2306 147 58 Pro¬-

1248 2382 234 57 batur
1404 2382 337 57 breviter,
1663 2382 208 57 quia
1793 2382 285 57 evidens
2001 2382 182 57 est
2078 2382 208 57 plures

1249 2459 218 57 viros
1394 2459 194 57 fide
1515 2459 242 57 dignos
1685 2459 339 57 asseruisse
1951 2459 194 57 illa
2048 2459 242 57 mysteria

1250 2535 197 54 esse
1374 2535 296 54 revelata
1596 2535 123 54 a
1645 2535 197 54 Deo,
1768 2535 148 54 et
1842 2535 148 54 eo
1891 2535 395 54 particulariter

1249 2612 361 58 assistente
1533 2612 335 58 majoribus
1790 2612 283 58 nostris
1971 2612 309 58 proposita,

1248 2687 181 59 nec
1352 2687 259 59 aliqua
1533 2687 414 59 rationabilis
1870 2687 337 59 dubitandi
2103 2687 181 59 ratio

1249 2764 318 58 occurrit;
1493 2764 196 58 ergo
1616 2764 196 58 sunt
1738 2764 318 58 evidenter
1959 2764 318 58 credibilia.

1248 2841 288 56 Probatur
1464 2841 384 56 consequentia
1776 2841 144 56 ex
1847 2841 264 56 dictis,
2039 2841 192 56 quia
2135 2841 144 56 suf¬-

1248 2916 207 49 ficit
1386 2916 138 49 ad
1455 2916 322 49 evidentiam
1708 2916 414 49 credibilitatis
2029 2916 253 49 evidentia

1249 2993 222 52 talis
1397 2993 493 52 testificationis,
1816 2993 173 52 cum
1915 2993 222 52 nulla
2038 2993 247 52 occurrat

1247 3070 233 47 talis
1402 3070 336 47 dubitandi
1661 3070 259 47 ratio.
1842 3070 310 47 Probatur
2049 3070 233 47 antece¬-

1249 3146 233 58 dens,
1404 3146 207 58 quia
1534 3146 233 58 opera
1689 3146 233 58 eorum
1845 3146 207 58 modo
1974 3146 311 58 exstant,
2181 3146 104 58 ex

1249 3223 252 57 quibus
1425 3223 176 57 hoc
1526 3223 302 57 constat;
1753 3223 202 57 quae
1879 3223 227 57 opera
2030 3223 176 57 tam
2106 3223 176 57 nobis

1243 3304 326 49 evidens
1480 3304 207 49 est
1599 3304 237 49 esse
1747 3304 267 49 opera
1925 3304 296 49 eorum,
2102 3304 178 49 quam

1247 3377 164 56 nos
1340 3377 211 56 ipsos
1481 3377 211 56 natos
1622 3377 188 56 tali
1739 3377 164 56 vel
1833 3377 188 56 tali
1950 3377 211 56 loco,
2068 3377 211 56 talibus

1245 3454 176 54 vel
1346 3454 277 54 talibus
1547 3454 378 54 parentibus,
1850 3454 176 54 aut
1925 3454 353 54 Constantino-

1245 3530 227 56 polim
1396 3530 201 56 esse
1522 3530 176 56 vel
1622 3530 277 56 Indias,
1824 3530 176 56 aut
1925 3530 201 56 alia
2050 3530 201 56 quae
2151 3530 126 56 non

1250 3605 223 58 vidimus
1412 3605 182 58 loca.
1533 3605 243 58 Objicies
1716 3605 203 58 primo,
1857 3605 162 58 haec
1959 3605 203 58 sequi-
2080 3605 223 58 Objectio.
