2653 3979
208 356 264 54 Doctore
400 356 144 54 si
472 356 432 54 cognoscerentur
831 356 336 54 evidenter,
1071 356 168 54 face¬-

203 433 192 52 rent
323 433 288 52 mysteria
539 433 264 52 nostrae
731 433 216 52 fidei
875 433 168 52 non
971 433 216 52 solum
1091 433 144 52 evi¬-

201 510 259 52 denter
382 510 388 52 credibilia,
693 510 181 52 sed
796 510 207 52 quod
926 510 233 52 multo
1055 510 181 52 majus

198 588 177 52 est
299 588 328 52 evidenter
551 588 227 52 vera,
703 588 152 52 et
779 588 328 52 oppositam
1031 588 177 52 qua
1107 588 126 52 ut¬-

198 662 259 52 cumque
380 662 337 52 doctrinam
639 662 337 52 evidenter
899 662 285 52 falsam.
1080 662 156 52 Haec

192 738 358 51 expresse
461 738 239 51 apud
610 738 298 51 nullum
818 738 358 51 Doctorem
1057 738 179 51 quod

195 815 223 51 sciam
344 815 298 51 habetur,
567 815 223 51 licet
716 815 174 51 meo
815 815 273 51 judicio
989 815 248 51 sequatur

194 891 156 51 ex
272 891 364 51 principiis
558 891 390 51 communibus,
869 891 234 51 atque
1025 891 208 51 adeo
1129 891 104 51 in

191 967 156 41 re
269 967 312 41 communis
503 967 286 41 censeri
685 967 234 41 debeat.

248 1047 203 51 Haec
374 1047 329 51 conclusio
627 1047 278 51 quamvis
830 1047 152 51 in
906 1047 304 51 terminis
1108 1047 127 51 sit

193 1123 287 52 nullius
402 1123 209 52 quod
532 1123 261 52 sciam,
715 1123 183 52 est
819 1123 235 52 tamen
950 1123 287 52 conformis

197 1199 337 52 principiis
462 1199 217 52 eorum
607 1199 169 52 qui
703 1199 265 52 tenent,
896 1199 193 52 quod
992 1199 241 52 cognitio

200 1275 330 51 discursiva
460 1275 306 51 veritatis
695 1275 283 51 alicujus
884 1275 353 51 propositionis

197 1352 197 52 orta
321 1352 148 52 et
395 1352 272 52 deducta
592 1352 346 52 cognitione
864 1352 296 52 evidente
1061 1352 173 52 reve¬-

196 1429 277 50 lationis
404 1429 254 50 divinae
588 1429 139 50 de
658 1429 185 50 illa
773 1429 393 50 propositione,
1096 1429 139 50 et
1143 1429 92 50 ex

195 1505 202 53 alia
321 1505 354 53 cognitione
600 1505 304 53 evidente
827 1505 177 53 qua
903 1505 329 53 cognoscere¬-

194 1581 193 52 tur,
315 1581 193 52 quod
436 1581 193 52 Dens
556 1581 169 52 non
653 1581 242 52 posset
822 1581 290 52 revelare
1016 1581 218 52 falsum,

196 1658 186 52 sit
303 1658 292 52 evidens
515 1658 319 52 cognitio
755 1658 266 52 istius
914 1658 319 52 veritatis.

196 1734 213 49 Quam
330 1734 373 49 sententiam
623 1734 320 49 expresse
863 1734 320 49 sustinet
1076 1734 160 49 Ban-

197 1809 161 50 nes
289 1809 138 50 2.
358 1809 138 50 2.
428 1809 254 50 quaest.
612 1809 138 50 5.
681 1809 185 50 ari.
797 1809 138 50 1.
866 1809 208 50 conc.
1004 1809 138 50 2.
1050 1809 185 50 Valen¬-

199 1884 168 51 tia
295 1884 216 51 ibidi
439 1884 216 51 disp.
583 1884 144 51 1.
655 1884 144 51 q.
728 1884 144 51 5.
800 1884 240 51 puncto
968 1884 144 51 1.
1016 1884 216 51 Connink

199 1963 211 49 disp.
339 1963 141 49 9.
410 1963 141 49 de
480 1963 188 49 fide
598 1963 188 49 dub.
715 1963 141 49 8.
786 1963 141 49 et
856 1963 235 49 plures
1021 1963 188 49 alii
1115 1963 117 49 re-

195 2039 354 50 centiores,
473 2039 177 50 qui
574 2039 405 50 consequenter
903 2039 202 50 hanc
1004 2039 228 50 conclu¬-

190 2113 273 52 sionem
381 2113 273 52 tenere
572 2113 300 52 debent,
790 2113 191 52 nam
899 2113 300 52 prorsus
1091 2113 136 52 est

194 2189 234 43 eadem
350 2189 234 43 ratio
506 2189 286 43 tenendi
714 2189 234 43 illam
870 2189 364 43 sententiam
1130 2189 104 43 et

194 2265 212 42 hanc
327 2265 451 42 conclusionem.
698 2265 186 42 Nam
805 2265 212 42 ideo
937 2265 265 42 tenent
1096 2265 133 42 il¬-

197 2343 168 51 lam
293 2343 360 51 sententiam,
581 2343 192 51 quia
701 2343 192 51 illa
821 2343 288 51 cognitio
1013 2343 216 51 deduci¬-

196 2419 191 50 tur
305 2419 163 50 ex
386 2419 272 50 duabus
577 2419 381 50 praemissis
850 2419 381 50 evidentibus,

194 2495 228 51 nempe
346 2495 152 51 ex
422 2495 152 51 eo
498 2495 203 51 quod
625 2495 355 51 attestatio
904 2495 254 51 divina
1056 2495 178 51 esset

192 2571 338 51 evidens,
445 2571 169 51 et
530 2571 169 51 ex
614 2571 169 51 eo
699 2571 225 51 quod
840 2571 254 51 esset
981 2571 254 51 evidens

193 2648 219 50 Deum
330 2648 192 50 non
439 2648 247 50 posse
604 2648 384 50 attestari,
906 2648 219 50 quod
1016 2648 219 50 falsum

199 2727 202 44 est.
325 2727 176 44 Sed
426 2727 252 44 nostra
602 2727 202 44 haec
728 2727 328 44 conclusio
955 2727 277 44 deducere¬-

196 2804 182 50 tur
300 2804 156 50 ex
378 2804 260 50 duabus
560 2804 494 50 propositionibus
949 2804 286 50 evidenti¬-

191 2880 204 51 bus,
319 2880 153 51 in
396 2880 204 51 casu
523 2880 179 51 quo
625 2880 332 51 praedicta
881 2880 255 51 motiva
1034 2880 204 51 essent

195 2958 328 49 evidentia
447 2958 303 49 ph\sice,
674 2958 177 49 nam
775 2958 202 49 unum
901 2958 151 49 ex
977 2958 227 49 illis
1103 2958 126 49 mo-

197 3031 222 55 tivis
345 3031 197 55 est,
469 3031 197 55 quod
592 3031 197 55 Deus
716 3031 370 55 confirmavit
987 3031 247 55 mysteria

195 3109 279 50 nostrae
398 3109 228 50 fidei
550 3109 330 50 miraculo,
804 3109 152 50 et
880 3109 203 50 quod
1007 3109 203 50 Deus
1108 3109 127 50 non

194 3185 282 54 possit
391 3185 395 54 confirmare
702 3185 339 54 miraculo
928 3185 310 54 doctrinam

197 3261 293 55 falsam;
410 3261 213 55 ergo
544 3261 186 55 tam
650 3261 240 55 esset
810 3261 293 55 evidens
996 3261 240 55 Physice

202 3337 258 53 veritas
389 3337 352 53 mysteriorum
670 3337 258 53 nostrae
858 3337 211 53 fidei
999 3337 141 53 ex
1045 3337 188 53 suppo¬-

202 3413 278 51 sitione
404 3413 354 51 evidentiae
682 3413 303 51 Physicae
884 3413 354 51 praedictorum

194 3489 384 52 motivorum,
495 3489 219 52 quam
632 3489 247 52 esset
797 3489 302 52 evidens
989 3489 247 52 physice

195 3563 260 53 veritas
385 3563 402 53 propositionis
716 3563 284 53 deductae
929 3563 142 53 ex
977 3563 260 53 evidentia

204 3639 381 53 attestationis
517 3639 269 53 alicujus
719 3639 403 53 propositionis,
1055 3639 134 53 et
1100 3639 134 53 evi¬

1289 356 246 54 dentia
1462 356 370 54 veracitalis
1757 356 296 54 divinae.
1979 356 197 54 Unde
2078 356 246 54 probatur

1286 434 372 54 conclusio,
1579 434 212 54 quae
1711 434 239 54 solum
1871 434 266 54 potest
2056 434 266 54 negari
2216 434 106 54 ab

1283 510 183 53 iis
1387 510 183 53 qui
1492 510 261 53 negant
1674 510 365 53 praedictam
1961 510 365 53 doctrinam,
2222 510 104 53 ut

1284 587 189 52 sunt
1403 587 237 52 aliqui
1568 587 379 52 recentiores,
1876 587 237 52 quibus
2042 587 213 52 favet
2160 587 166 52 Caje-

1286 665 212 51 tanus
1428 665 141 51 2.
1499 665 141 51 2.
1569 665 141 51 q.
1640 665 141 51 5.
1711 665 189 51 ari.
1829 665 141 51 1.
1900 665 307 51 Probatur,
2112 665 212 51 inquam,

1285 739 315 52 conclusio
1527 739 121 52 :
1576 739 243 52 primo,
1746 739 194 52 quia
1867 739 291 52 sufficit
2085 739 146 52 ad
2158 739 170 52 hoc
2231 739 97 52 ut

1282 816 254 53 aliqua
1460 816 305 53 doctrina
1688 816 178 53 sit
1790 816 331 53 evidenter
2044 816 229 53 vera,
2171 816 153 53 quod

1283 893 174 52 vel
1383 893 249 52 pateat
1557 893 149 52 ex
1631 893 323 52 terminis,
1880 893 174 52 vel
1980 893 323 52 deducatur
2204 893 124 52 per

1281 970 391 51 necessariam
1594 970 443 51 consequentiam
1959 970 156 51 ex
2011 970 313 51 praemissis

1286 1045 329 53 evidenter
1538 1045 303 53 cognitis
1766 1045 152 53 et
1842 1045 354 53 dispositis
2120 1045 202 53 bene
2221 1045 101 53 in

1281 1121 225 54 modo
1422 1121 169 54 et
1506 1121 310 54 figura;
1731 1121 197 54 vel
1844 1121 225 54 quod
1956 1121 366 54 cognoscatur

1283 1197 336 53 evidenter
1542 1197 207 53 quod
1671 1197 259 53 aliqua
1852 1197 336 53 evidenter
2085 1197 233 53 cognita

1283 1275 167 50 non
1379 1275 263 50 possint
1570 1275 191 50 esse
1689 1275 215 50 vera,
1832 1275 191 50 quin
1952 1275 191 50 ipsa
2071 1275 167 50 sit
2143 1275 167 50 vera.

1285 1351 169 53 Sed
1382 1351 169 53 qui
1478 1351 363 53 cognosceret
1768 1351 314 53 evidenter
2010 1351 242 53 motiva
2155 1351 169 53 prae¬-

1280 1429 291 47 missa,
1483 1429 203 47 non
1600 1429 262 47 solum
1774 1429 291 47 omnia,
1977 1429 203 47 sed
2094 1429 232 47 unum
2210 1429 116 47 ex

1285 1505 231 51 illis,
1447 1505 208 51 verbi
1585 1505 254 51 gratia,
1770 1505 277 51 operatum
1978 1505 231 51 fuisse
2116 1505 208 51 miracu¬-

1284 1581 169 52 lum
1380 1581 145 52 in
1453 1581 435 52 confirmationem
1815 1581 217 52 ejus,
1960 1581 241 52 posset
2105 1581 217 52 inferre

1284 1658 155 51 ex
1362 1658 363 51 praemissis
1647 1658 388 51 evidentibus
1957 1658 337 51 veritatem
2191 1658 129 51 no¬-

1285 1733 212 54 strae
1427 1733 236 54 fidei,
1592 1733 141 54 et
1663 1733 236 54 posset
1828 1733 330 54 cognoscere
2087 1733 189 54 quod
2182 1733 141 54 ali¬-

1285 1812 173 52 qua
1384 1812 197 52 sibi
1507 1812 321 52 evidentia
1754 1812 173 52 non
1853 1812 272 52 possent
2050 1812 197 52 esse
2149 1812 173 52 vera,

1286 1889 193 51 quin
1407 1889 242 51 nostra
1576 1889 290 51 doctrina
1793 1889 218 51 esset
1938 1889 218 51 vera,
2083 1889 145 51 et
2132 1889 193 51 conse¬-

1285 1965 285 53 quenter
1492 1965 311 53 opposita
1726 1965 363 53 quaecumque
2011 1965 259 53 falsa;
2166 1965 156 53 ergo

1285 2043 212 50 esset
1427 2043 188 50 ipsi
1544 2043 259 50 evidens
1732 2043 188 50 quod
1850 2043 235 50 nostra
2014 2043 282 50 doctrina
2202 2043 118 50 es¬-

1287 2119 142 47 set
1368 2119 182 47 vera.
1489 2119 243 47 Probatur
1672 2119 203 47 maior,
1814 2119 162 47 quia
1915 2119 182 47 alias
2037 2119 203 47 posset
2179 2119 122 47 Ex
2219 2119 122 47 vero

1286 2196 180 51 quis
1398 2196 225 51 negare
1555 2196 180 51 esse
1667 2196 292 51 evidentem
1892 2196 202 51 ullam
2027 2196 247 51 conclu-
2184 2196 157 51 facto

1284 2272 221 51 sionem
1439 2272 266 51 cognitam
1638 2272 155 51 per
1726 2272 310 51 discursum.
1970 2272 266 51 Probatur
2169 2272 133 51 in
2213 2272 133 51 con-

1286 2349 187 51 etiam
1411 2349 208 51 minor,
1556 2349 166 51 quia
1660 2349 145 51 cui
1743 2349 187 51 esset
1868 2349 229 51 evidens
2034 2349 166 51 quod
2117 2349 229 51 doctrinae

1285 2424 276 55 miraculum
1497 2424 191 55 esset
1624 2424 212 55 factum
1773 2424 127 55 in
1837 2424 382 55 confirmationem
2134 2424 212 55 doctrina

1282 2500 272 51 nostrae
1480 2500 247 51 fidei,
1653 2500 247 51 posset
1825 2500 197 51 inde
1949 2500 148 51 et
2023 2500 148 51 ex
2097 2500 173 51 hoc
2171 2500 148 51 alio

1282 2576 338 51 principio
1542 2576 208 51 noto
1672 2576 338 51 evidenter
1931 2576 312 51 secundum
2139 2576 182 51 omnes

1282 2653 273 53 lumine
1473 2653 328 53 naturae,
1719 2653 301 53 nimirum
1937 2653 219 53 quod
2074 2653 219 53 Deus
2183 2653 137 53 non

1284 2728 247 52 possit
1457 2728 346 52 confirmare
1729 2728 297 52 miraculo
1952 2728 322 52 doctrinam
2175 2728 148 52 fal¬-

1286 2806 203 56 sam,
1412 2806 228 56 sicut
1564 2806 177 56 nec
1666 2806 279 56 mentiri
1868 2806 177 56 nec
1969 2806 304 56 revelare
2172 2806 152 56 quod

1285 2880 254 54 falsum
1462 2880 203 54 est,
1589 2880 279 54 inferre
1792 2880 203 54 quod
1918 2880 254 54 nostra
2071 2880 254 54 doctrina

1286 2958 234 44 esset
1442 2958 208 44 vera
1571 2958 311 44 mediante
1805 2958 182 44 hoc
1909 2958 311 44 discursu
2142 2958 130 44 :
2168 2958 156 44 Deus

1285 3035 186 49 non
1392 3035 266 49 potest
1578 3035 373 49 confirmare
1871 3035 346 49 doctrinam
2111 3035 213 49 falsam

1287 3105 327 48 miraculo;
1539 3105 176 48 sed
1639 3105 176 48 sic
1740 3105 327 48 confirmat
1992 3105 201 48 hanc
2092 3105 227 48 doctri¬-

1284 3184 207 48 nam;
1414 3184 207 48 ergo
1543 3184 181 48 est
1647 3184 233 48 vera.
1803 3184 181 48 Vel
1906 3184 181 48 sic
2010 3184 130 48 :
2062 3184 233 48 omnis
2191 3184 130 48 do¬-

1286 3257 267 47 ctrina
1473 3257 133 47 a
1526 3257 187 47 Deo
1633 3257 373 47 confirmata
1926 3257 373 47 miraculose
2193 3257 133 47 est

1285 3333 223 51 vera,
1434 3333 198 51 quia
1558 3333 173 51 non
1657 3333 248 51 potest
1830 3333 347 51 confirmare
2102 3333 173 51 sic
2176 3333 149 51 doc¬-

1284 3410 260 57 trinam
1466 3410 286 57 falsam,
1674 3410 156 57 se
1752 3410 130 57 1
1804 3410 208 57 hanc
1934 3410 182 57 sic
2012 3410 312 57 confirmat;

1289 3488 184 50 ergo
1404 3488 184 50 hsec
1519 3488 161 50 est
1587 3488 161 50 vera.

1341 3564 355 52 Confirmatur
1625 3564 237 52 primo,
1791 3564 189 52 quia
1909 3564 284 52 secundum
2122 3564 189 52 Tho-
2217 3564 118 52 40.

1291 3618 209 77 mistas
1437 3618 292 77 communiter
1667 3618 209 77 habita
1813 3618 271 77 evidentia
2022 3618 209 77 altes-
2147 3618 188 77 ^'turT'
