2653 3979
200 346 328 59 nexionem
446 346 383 59 extremorum
747 346 383 59 cujuslibet
1020 346 219 59 myste¬-

202 423 165 60 rii
297 423 235 60 fidei,
461 423 165 60 aut
555 423 141 60 in
626 423 141 60 se
696 423 188 60 ipsa
814 423 306 60 immediate
1049 423 165 60 eam
1119 423 118 60 in¬-

200 500 271 61 tuendo,
398 500 173 61 aut
496 500 148 61 in
570 500 222 61 causa
718 500 345 61 intrinseca
989 500 222 61 ejus,
1113 500 123 61 aut

195 575 148 61 in
269 575 270 61 effectu
466 575 172 61 suo
564 575 295 61 proprio,
785 575 148 61 et
859 575 172 61 hoc
958 575 221 61 nullo
1080 575 148 61 modo

194 655 323 53 asseritur
443 655 149 53 in
517 655 398 53 conclusione,
840 655 174 53 nec
940 655 249 53 polest
1089 655 149 53 esse

192 728 218 59 verum
337 728 170 59 cum
434 728 243 59 motiva
604 728 437 59 credibilitatis
944 728 291 59 praedicta,

197 812 158 47 nec
288 812 294 47 revelatio
514 812 181 47 ulla
627 812 158 47 Dei
717 812 158 47 sil
808 812 203 47 causa
943 812 158 47 vel
1011 812 226 47 effectus

197 888 253 56 istius
374 888 405 56 connexionis,
703 888 177 56 nec
804 888 228 56 etiam
931 888 304 56 propositio

200 964 270 57 evidens
397 964 270 57 ipsius.
593 964 147 57 Ut
667 964 270 57 aliquid
864 964 221 57 autem
1011 964 172 57 sit
1085 964 147 57 evi¬-

200 1039 259 58 denter
381 1039 259 58 verum,
563 1039 311 58 sufficit
796 1039 207 58 quod
899 1039 337 58 intellectus

197 1117 259 58 videat
379 1117 337 58 principia
638 1117 259 58 aliqua
819 1117 207 58 esse
949 1117 233 58 vera,
1078 1117 156 58 quae

199 1194 197 56 vera
323 1194 197 56 esse
446 1194 172 56 non
544 1194 271 56 possint
741 1194 197 56 quin
864 1194 197 56 ista
988 1194 197 56 res,
1086 1194 148 56 quae

200 1268 271 57 dicitur
397 1268 320 57 evidenter
644 1268 222 57 vera,
792 1268 172 57 sit
890 1268 222 57 vera,
1038 1268 148 57 et
1087 1268 148 57 quod

197 1344 240 59 clare
357 1344 266 59 videat
544 1344 186 59 per
650 1344 346 59 discursum
916 1344 320 59 deductum
1129 1344 107 59 ex

196 1422 329 57 principiis
455 1422 235 57 certis
620 1422 141 57 et
691 1422 353 57 evidentibus
973 1422 212 57 illam
1091 1422 141 57 con¬-

192 1498 329 47 nexionem
438 1498 219 47 dari
575 1498 246 47 inter
739 1498 356 47 veritatem
986 1498 246 47 istorum

196 1575 404 59 principiorum
524 1575 152 59 et
600 1575 253 59 istius
777 1575 202 59 rei.
903 1575 177 59 Hoc
1004 1575 177 59 est
1080 1575 152 59 ergo

196 1652 202 57 quod
322 1652 328 57 asserimus
574 1652 151 57 in
650 1652 404 57 conclusione,
978 1652 151 57 et
1028 1652 202 57 nescio

193 1729 309 58 quomodo
417 1729 281 58 negari
614 1729 281 58 possit
810 1729 224 58 nisi
922 1729 309 58 reducendo

194 1802 183 57 rem
298 1802 157 57 ad
377 1802 392 57 quaestionem
690 1802 157 57 de
743 1802 235 57 nomine.

173 1878 181 59 42.
276 1878 258 59 Quarta
457 1878 336 59 conclusio
716 1878 129 59 :
767 1878 310 59 Mysteria
1000 1878 232 59 fidei
1129 1878 103 59 de

177 1931 264 82 Myfide!a
375 1931 198 82 facto
507 1931 154 82 non
595 1931 176 82 sunt
705 1931 286 82 evidenter
924 1931 176 82 vera
1012 1931 220 82 respectu

178 2029 172 66 sunt
285 2029 172 66 evi-
392 2029 258 66 viatorum
585 2029 172 66 sive
693 2029 279 66 doctiorum
907 2029 172 66 sive
993 2029 236 66 indoctio-

176 2096 229 64 dentef
336 2096 160 64 rum
428 2096 298 64 evidentia
657 2096 275 64 physica,
863 2096 183 64 bene
977 2096 206 64 tamen
1092 2096 137 64 evi-

175 2177 240 59 dentia
343 2177 240 59 dentia
512 2177 240 59 morali
680 2177 313 59 'respectu
920 2177 313 59 doctiorum
1137 2177 96 59 et

177 2259 258 56 Physica,
371 2259 215 56 omnium
522 2259 215 56 eorum,
672 2259 151 56 qui
759 2259 237 56 attente
909 2259 323 56 considerarent

176 2334 281 60 Probatur
386 2334 304 60 praedicta
620 2334 258 60 motiva.
808 2334 187 60 Haec
925 2334 211 60 quoad
1042 2334 187 60 primam

193 2415 259 56 partem
375 2415 181 56 est
478 2415 337 56 communis,
737 2415 156 56 et
815 2415 259 56 patet,
997 2415 207 56 quia
1100 2415 130 56 nec

193 2489 188 58 illa
311 2489 235 58 motiva
476 2489 165 58 nec
570 2489 188 58 ulla
687 2489 212 58 alia,
828 2489 141 58 ex
899 2489 235 58 quibus
1040 2489 188 58 neces¬-

192 2564 212 59 sario
334 2564 353 59 sequerentur
616 2564 282 59 mysteria
828 2564 235 59 fidei,
993 2564 188 59 sunt
1087 2564 141 59 evi¬-

191 2639 247 62 denter
364 2639 222 62 nobis
512 2639 271 62 cognita
709 2639 123 62 ;
758 2639 173 62 non
857 2639 197 62 enim
956 2639 271 62 cognosci¬-

185 2716 186 50 mus
292 2716 345 50 evidenter
557 2716 265 50 fuisse
743 2716 239 50 facta
902 2716 318 50 miracula
1114 2716 106 50 in

185 2792 505 56 confirmationem
605 2792 280 56 fidei,
802 2792 196 56 nec
914 2792 196 56 eam
998 2792 224 56 durare

182 2868 246 59 longo
346 2868 329 59 tempore,
592 2868 164 59 et
674 2868 329 59 acceptam
921 2868 274 59 fuisse
1085 2868 137 59 cum

184 2945 223 58 magna
333 2945 347 58 diligentia
605 2945 124 58 a
655 2945 223 58 viris
803 2945 248 58 probis
976 2945 149 58 et
1026 2945 198 58 doctis

182 3023 232 56 sine
327 3023 203 56 spe
443 3023 435 56 emolumenti,
790 3023 232 56 etc.
935 3023 232 56 Haec
1051 3023 174 56 enim

187 3099 227 56 omnia
338 3099 303 56 constant
566 3099 278 56 tantum,
768 3099 177 56 aut
869 3099 177 56 per
944 3099 278 56 traditio¬-

188 3175 202 56 nem,
314 3175 177 56 aut
415 3175 177 56 per
516 3175 278 56 libros,
719 3175 152 56 ut
794 3175 253 56 patet,
971 3175 152 56 et
1022 3175 202 56 conse¬-

190 3252 278 56 quenter
392 3252 177 56 non
493 3252 303 56 constant
720 3252 328 56 evidenter
947 3252 278 56 evidentia

165 3332 240 53 Physica.

177 3401 267 57 Probatur
377 3401 245 57 Secunda
555 3401 178 57 pars
666 3401 156 57 est
755 3401 200 57 valde
888 3401 289 57 conformis
1089 3401 133 57 Lor-

177 3459 240 82 £*ar*?a
352 3459 153 82 cse
439 3459 109 82 2
482 3459 109 82 2
526 3459 349 82 disputatione
809 3459 153 82 16.
896 3459 131 82 in
962 3459 131 82 3.
1005 3459 218 82 expresse

195 3556 291 49 asserenti
419 3556 224 49 motiva
575 3556 403 49 credibilitatis
911 3556 246 49 nostrae
1068 3556 157 49 fidei

192 3630 294 63 inducere
413 3630 344 63 evidentiam
683 3630 393 63 attestantis,
1002 3630 172 63 hoc
1076 3630 147 63 est,

1287 336 361 59 concludere
1571 336 361 59 evidenter,
1854 336 206 59 quod
1983 336 206 59 Deus
2086 336 232 59 revela¬-

1289 413 168 59 vit
1385 413 288 59 mysteria
1601 413 264 59 nostrae
1793 413 240 59 fidei.
1962 413 168 59 Est
2058 413 216 59 etiam
2178 413 144 59 con¬-

1287 489 253 57 formis
1464 489 278 57 communi
1666 489 354 57 sententiae
1944 489 329 57 asserenti
2171 489 152 57 mys¬-

1293 564 197 54 teria
1425 564 241 54 nostrae
1600 564 197 54 fidei
1732 564 175 54 esse
1841 564 285 54 evidenter
2039 564 285 54 credibilia,

1287 641 177 57 nam
1388 641 278 57 eatenus
1590 641 202 57 sunt
1716 641 253 57 talia,
1893 641 303 57 quatenus
2096 641 227 57 praedi¬-

1288 717 177 56 cta
1389 717 253 56 motiva
1566 717 202 56 sunt
1692 717 329 56 evidenter
1945 717 227 56 nota;
2097 717 177 56 sed
2172 717 152 56 quam

1286 795 198 53 sunt
1410 795 198 53 nola
1534 795 322 53 evidenter
1781 795 198 53 illa
1905 795 272 53 motiva,
2103 795 173 53 tam
2177 795 149 53 sunt

1290 871 312 58 evidenter
1530 871 192 58 vera
1650 871 192 58 ista
1770 871 312 58 mysteria,
2010 871 192 58 quia
2106 871 216 58 sequun¬-

1290 947 164 56 tur
1383 947 329 56 necessario
1642 947 141 56 ad
1712 947 188 56 illa
1829 947 258 56 motiva.
2017 947 235 56 A.tqui
2158 947 164 56 prae¬-

1289 1023 216 50 dicta
1433 1023 240 50 motiva
1601 1023 192 50 sunt
1721 1023 192 50 nota
1842 1023 312 50 evidenter
2058 1023 264 50 evidentia

1289 1100 265 61 morali;
1481 1100 192 61 ergo
1602 1100 289 61 mysteria
1818 1100 216 61 fidei
1962 1100 192 61 sunt
2058 1100 265 61 evidenter

1284 1179 202 53 vera
1410 1179 202 53 tali
1536 1179 353 53 evidentia.
1813 1179 303 53 Probatur
2015 1179 303 53 assumptum,

1282 1254 280 61 primo,
1478 1254 280 61 contra
1674 1254 392 61 quoscumque
1953 1254 364 61 Catholicos,

1287 1330 168 63 qui
1383 1330 240 63 negare
1551 1330 264 63 vellent
1743 1330 192 63 hanc
1863 1330 264 63 pariem,
2055 1330 192 63 quia
2151 1330 168 63 alias

1285 1407 289 64 mysteria
1502 1407 217 64 fidei
1646 1407 169 64 non
1742 1407 241 64 essent
1911 1407 313 64 evidenter
2127 1407 193 64 credi¬-

1285 1483 212 59 bilia
1427 1483 400 59 credibililate
1756 1483 282 59 desumpta
1967 1483 141 59 ex
2038 1483 212 59 illis
2155 1483 165 59 moli¬-

1284 1560 185 59 vis.
1399 1560 139 59 Et
1469 1560 185 59 dico
1584 1560 393 59 credibililate
1907 1560 208 59 tali,
2046 1560 185 59 quia
2138 1560 185 59 fateor

1279 1639 329 57 libenter
1525 1639 192 57 cum
1635 1639 302 57 omnibus
1855 1639 219 57 bene
1992 1639 302 57 aliquam
2184 1639 137 57 do¬-

1283 1717 286 57 ctrinam
1491 1717 234 57 posse
1647 1717 208 57 esse
1777 1717 390 57 credibilem,
2088 1717 208 57 quae
2192 1717 130 57 sit

1278 1793 267 59 falsa,
1465 1793 240 59 atque
1626 1793 214 59 adeo
1759 1793 481 59 credibilitatem
2133 1793 187 59 omnem

1280 1868 186 57 non
1387 1868 346 57 sufficere
1653 1868 159 57 ad
1732 1868 372 57 inferendam
1998 1868 319 57 veritatem;

1279 1946 191 56 sed
1388 1946 437 56 credibilitas
1743 1946 328 56 desumpta
1989 1946 164 56 ex
2044 1946 273 56 motivis,

1280 2024 213 60 quae
1414 2024 293 60 constat
1627 2024 186 60 non
1733 2024 213 60 esse
1866 2024 240 60 posse
2026 2024 240 60 vera,
2159 2024 160 60 quin

1282 2101 161 55 sit
1374 2101 183 55 vera
1488 2101 275 55 doctrina
1695 2101 161 55 sic
1787 2101 344 55 credibilis,
2062 2101 229 55 optime
2199 2101 115 55 in¬-

1281 2179 180 49 fert
1393 2179 292 49 veritatem
1618 2179 292 49 doctrinae
1820 2179 202 49 istiir.

1332 2251 302 58 Probatur
1558 2251 277 58 secundo
1759 2251 252 58 contra
1936 2251 252 58 omnes,
2112 2251 201 58 quia
2212 2251 126 58 43.

1286 2307 162 90 esse
1387 2307 223 90 aliquid
1549 2307 263 90 moraliter
1751 2307 243 90 evidens,
1933 2307 182 90 nihil
2055 2307 162 90 ahud
2136 2307 202 90 farsae-2

1284 2392 145 78 est
1367 2392 165 78 quam
1470 2392 165 78 esse
1574 2392 186 78 tale,
1698 2392 124 78 ut
1760 2392 310 78 intellectus
2007 2392 145 78 cui
2090 2392 165 78 pro-
2173 2392 165 78 Lunda-

1275 2484 272 63 ponitur
1473 2484 420 63 sufficienter,
1819 2484 297 63 secundum
2042 2484 198 63 quod
2141 2484 173 63 dici¬-

1280 2562 168 58 tur
1376 2562 168 58 sic
1472 2562 289 58 evidens,
1689 2562 168 58 non
1785 2562 240 58 possit
1929 2562 385 58 rationabiliter

1278 2639 295 58 dubitare
1500 2639 148 58 de
1573 2639 295 58 veritate
1795 2639 221 58 ejus,
1942 2639 270 58 quamvis
2114 2639 197 58 physi¬-

1274 2714 191 56 cam
1383 2714 381 56 evidentiam
1682 2714 191 56 non
1791 2714 299 56 habeat,
2009 2714 191 56 sed
2090 2714 218 56 deter¬-

1272 2791 260 58 minari
1454 2791 260 58 debeat
1636 2791 156 58 ad
1714 2791 338 58 assensum,
1973 2791 260 58 saltem
2129 2791 182 58 quoad

1276 2869 446 61 specificationem
1651 2869 305 61 (quidquid
1886 2869 164 61 sit
1980 2869 141 61 de
2027 2869 282 61 exercitio)

1273 2946 177 48 sed
1374 2946 177 48 sic
1475 2946 151 48 se
1550 2946 252 48 habent
1727 2946 202 48 ista
1853 2946 277 48 motiva.
2055 2946 202 48 Nemo
2156 2946 151 48 enim

1276 3025 294 57 dubitare
1497 3025 245 57 potest
1669 3025 196 57 quin
1792 3025 172 57 per
1890 3025 245 57 paucos
2037 3025 270 57 simplices

1272 3100 279 57 homines
1474 3100 304 57 conversa
1703 3100 254 57 fuerit
1880 3100 228 57 major
2032 3100 152 57 et
2083 3100 228 57 doctior

1274 3177 207 57 pars
1403 3177 258 57 totius
1584 3177 233 57 mundi
1739 3177 155 57 ad
1817 3177 233 57 fidem
1972 3177 310 57 Christi,
2179 3177 129 57 cum

1271 3254 252 57 omnes
1439 3254 308 57 prorsus
1663 3254 168 57 in
1747 3254 196 57 hoc
1859 3254 420 57 consentiant
2167 3254 140 57 tam

1272 3329 321 59 haeretici
1519 3329 197 59 quam
1642 3329 345 59 Catholici,
1913 3329 148 59 et
1963 3329 345 59 consequenter

1275 3405 192 56 quin
1395 3405 216 56 talis
1539 3405 312 56 conversio
1779 3405 192 56 fuit
1899 3405 360 56 miraculosa,
2187 3405 144 56 et
2235 3405 72 56 a

1270 3481 191 58 Deo
1379 3481 383 58 proveniens
1680 3481 137 58 ,
1734 3481 191 58 non
1843 3481 137 58 a
1898 3481 328 58 diabolo;
2117 3481 191 58 patet

1271 3555 218 60 enim
1407 3555 218 60 hunc
1543 3555 191 60 non
1652 3555 436 60 procuraturum
2006 3555 272 60 fuisse
2170 3555 136 60 per

1272 3632 295 62 miracula
1494 3632 295 62 (quamvis
1715 3632 246 62 posset
1887 3632 246 62 facere
2035 3632 270 62 miracula)
