2653 3979
122 405 316 55 naturae?
359 405 264 55 Doctor
544 405 316 55 insinuat
754 405 396 55 responsionem,

121 481 191 56 quia
241 481 287 56 scilicet
456 481 143 56 in
527 481 263 56 tempore
719 481 215 56 legis
862 481 263 56 naturae
1029 481 120 56 ha¬-

115 557 308 54 buerunt
339 557 308 54 homines
563 557 196 54 vim
674 557 364 54 naturalem
926 557 224 54 perfe¬-

121 633 288 49 ctiorem,
337 633 144 49 et
409 633 216 49 minus
553 633 216 49 erant
697 633 312 49 inclinati
937 633 144 49 ad
985 633 168 49 malum

117 709 308 55 quantum
341 709 168 55 ad
425 709 392 55 appetitum,
705 709 448 55 paucioribusque

121 792 311 54 erroribus
360 792 311 54 practicis
600 792 263 54 infecti
791 792 263 54 quantum
983 792 144 54 ad
1030 792 120 54 in¬-

123 867 328 53 tellectum,
380 867 188 53 unde
498 867 352 53 paucioribus
779 867 305 53 subsidiis
990 867 164 53 indi¬-

113 943 297 55 gebant
321 943 416 55 communiter
648 943 356 55 loquendo
915 943 238 55 quam
1034 943 119 55 in

118 1020 222 56 aliis
266 1020 296 56 statibus
488 1020 395 56 sequentibus.
809 1020 197 56 Unde
907 1020 247 56 Augusti¬-

118 1095 177 55 nus
219 1095 152 55 in
295 1095 202 55 loco
421 1095 253 55 citato
598 1095 126 55 a
648 1095 278 55 Doctore
850 1095 126 55 :
875 1095 278 55 Quisquis,

118 1172 419 56 inquit,duorum
463 1172 419 56 Testamentorum
808 1172 296 56 (veteris
1005 1172 148 56 sci¬-

120 1249 217 54 licet
264 1249 145 54 et
337 1249 217 54 novi)
481 1249 434 54 dispensationes
843 1249 169 54 pro
915 1249 241 54 temporum

119 1326 353 53 congruentia
402 1326 259 53 generis
590 1326 235 53 humani
754 1326 329 53 diligenter
989 1326 165 53 aeta¬-

118 1402 222 52 tibus
266 1402 370 52 distributas
563 1402 321 52 intuetur,
809 1402 222 52 salis
933 1402 222 52 quantum

119 1477 313 53 existimo
354 1477 365 53 intelliget
640 1477 209 53 quid
771 1477 287 53 proprie
953 1477 209 53 priori

120 1553 236 52 aetati
285 1553 259 52 generis
474 1553 259 52 humani,
662 1553 188 52 quid
780 1553 330 52 posteriori
1016 1553 141 52 con¬-

119 1628 272 53 veniat,
317 1628 198 53 etc.
440 1628 198 53 Unde
564 1628 173 53 vel
663 1628 148 53 ex
737 1628 173 53 hoc
836 1628 222 53 ipso,
984 1628 148 53 ut
1033 1628 124 53 ad-

116 1706 260 52 verlit
298 1706 286 52 Scotus,
506 1706 312 52 cognosci
740 1706 260 52 potest
896 1706 260 52 auctorem

121 1782 345 52 Scripturae
392 1782 197 52 esse
516 1782 222 52 Deum,
663 1782 172 52 qui
762 1782 296 52 cuilibet
959 1782 197 52 aetati

124 1858 411 43 convenientem
458 1858 282 43 exhibet
638 1858 308 43 doctrinam.

175 1935 224 52 Alio
315 1935 224 52 modo
455 1935 280 52 posset
651 1935 252 52 etiam
792 1935 364 52 responderi,

127 2010 393 55 distinguendo
447 2010 270 55 majorem
644 2010 123 55 :
693 2010 295 55 Doctrina
890 2010 270 55 simplici¬-

122 2085 176 53 ter
223 2085 353 53 necessaria
500 2085 277 53 nunquam
701 2085 277 53 defuit,
903 2085 277 53 concedo
1079 2085 76 53 ;

122 2162 303 56 doctrina
349 2162 354 56 necessaria
627 2162 152 56 ad
703 2162 253 56 melius
879 2162 227 56 esse,
1006 2162 152 56 nego

118 2239 320 55 majorem;
358 2239 160 55 et
438 2239 320 55 concessa
678 2239 293 55 minori,
864 2239 293 55 distinguo

120 2317 478 51 consequentiam,
519 2317 186 51 non
625 2317 186 51 est
732 2317 372 51 necessaria
998 2317 159 51 sim¬-

120 2392 322 56 pliciter,
368 2392 272 56 concedo
566 2392 421 56 consequentiam
912 2392 124 56 ;
962 2392 173 56 non
1036 2392 124 56 est

121 2468 363 51 necessaria
406 2468 156 51 ad
484 2468 259 51 melius
666 2468 234 51 esse,
822 2468 156 51 id
900 2468 182 51 est
977 2468 182 51 valde

123 2544 259 53 utilis
304 2544 155 53 et
382 2544 336 53 proficua,
641 2544 207 53 nego
744 2544 414 53 consequentiam.

122 2620 259 54 Itaque
304 2620 259 54 Doctor
485 2620 182 54 non
589 2620 311 54 asserit,
823 2620 182 54 nec
901 2620 259 54 supponit

119 2695 156 54 in
197 2695 182 54 hac
301 2695 182 54 vel
406 2695 391 54 praecedenti
718 2695 391 54 quaestione,
1005 2695 156 54 quod

126 2771 292 52 Scriptura
350 2771 202 52 sacra
485 2771 180 52 tota
598 2771 157 52 sit
688 2771 337 52 simpliciter
935 2771 225 52 necessa¬-

122 2847 177 53 ria
223 2847 152 53 ad
299 2847 303 53 salutem;
526 2847 177 53 sed
627 2847 152 53 in
703 2847 379 53 praecedenti
980 2847 177 53 quae¬-

125 2922 240 53 stione
293 2922 264 53 asserit
485 2922 144 53 et
557 2922 240 53 probat
726 2922 384 53 necessitatem
1014 2922 144 53 sim¬-

128 3000 270 55 pliciter
330 3000 157 55 ali
420 3000 202 55 cujus
555 3000 292 55 doctrinae
757 3000 405 55 supernaturaliter

126 3075 308 52 revelatae,
368 3075 176 52 sive
478 3075 176 52 illa
588 3075 264 52 tradatur
787 3075 132 52 in
853 3075 264 52 scriptis
1029 3075 132 52 sive

127 3155 188 57 non.
245 3155 141 57 Et
316 3155 141 57 in
386 3155 165 57 hac
480 3155 329 57 quaestione
739 3155 306 57 concludit
950 3155 212 57 doctri¬-

126 3233 182 54 nam
230 3233 234 54 illam
386 3233 389 54 simpliciter
697 3233 415 54 necessariam,
1008 3233 156 54 esse

126 3309 377 51 sufficienter
433 3309 283 51 traditam
645 3309 141 51 in
715 3309 330 51 Scriptura,
975 3309 165 51 cum
1045 3309 118 51 quo

128 3383 241 57 optime
297 3383 217 57 stare
441 3383 241 57 potest
610 3383 193 57 quod
730 3383 169 57 nec
827 3383 193 57 ipsa
923 3383 241 57 Scriptu¬-

124 3460 156 53 ra
202 3460 313 53 formalis
437 3460 234 53 quoad
593 3460 234 53 totum
749 3460 182 53 aut
853 3460 287 53 partem,
1036 3460 130 53 nec

132 3534 207 49 etiam
270 3534 184 49 tota
385 3534 276 49 doctrina
592 3534 138 49 in
662 3534 138 49 ea
731 3534 299 49 contenta,
961 3534 161 49 sit
1030 3534 138 49 sim¬-

131 3611 303 57 pliciter
358 3611 379 57 necessaria,
661 3611 278 57 quamvis
863 3611 278 57 utraque
1040 3611 126 57 tam

132 3684 330 61 Scriptura
385 3684 304 61 formalis
613 3684 203 61 quam
740 3684 203 61 tota
867 3684 304 61 doctrina
1070 3684 101 61 in

1206 410 145 50 ea
1278 410 313 50 contenta,
1519 410 337 50 necessaria
1784 410 169 50 sit
1881 410 145 50 ad
1953 410 241 50 melius
2097 410 145 50 esse

1203 485 152 46 et
1279 485 254 46 utilis
1456 485 152 46 ac
1532 485 330 46 conducens
1786 485 152 46 ad
1862 485 355 46 reducendum
2115 485 127 46 ho¬-

1199 562 246 42 minem
1363 562 164 42 ad
1444 562 218 42 suum
1554 562 218 42 finem.

1259 635 278 58 Praeterea
1473 635 193 58 etiam
1601 635 214 58 aliqua
1751 635 257 58 doctrina
1943 635 214 58 posset
2071 635 193 58 Doctnna

1207 698 157 81 esse
1305 698 293 81 simpliciter
1540 698 274 81 necessaria
1755 698 137 81 pro
1834 698 196 81 aliquo
1971 698 157 81 sta-
2049 698 215 81 pot2Uesse

1207 785 137 51 tu,
1286 785 157 51 quae
1384 785 137 51 non
1462 785 176 51 esset
1579 785 137 51 sic
1657 785 274 51 necessaria
1873 785 137 51 pro
1951 785 157 51 omni
2029 785 235 51 necessaria

1205 861 225 53 statu,
1363 861 135 53 ut
1431 861 158 53 pro
1521 861 158 53 hoc
1611 861 203 53 statu
1746 861 270 53 doctrina
1949 861 135 53 de
2016 861 225 53 Bapti-
2151 861 113 53 tu<

1207 937 145 54 smo
1290 937 145 54 est
1373 937 311 54 necessaria,
1622 937 166 54 quae
1725 937 145 54 non
1808 937 166 54 erat
1912 937 249 54 necessa-
2098 937 145 54 sit
2160 937 104 54 ne-

1208 1013 130 58 ria
1283 1013 130 58 pro
1357 1013 148 58 lege
1449 1013 185 58 veteri
1579 1013 204 58 naturae
1727 1013 130 58 aut
1801 1013 204 58 Moysis.
1949 1013 148 58 Unde
2042 1013 130 58 pro
2097 1013 167 58 altero,

1204 1091 273 56 tertio
1395 1091 382 56 responderi
1695 1091 300 56 potest,
1913 1091 191 56 vel
1995 1091 245 56 negando

1203 1168 301 58 majorem
1421 1168 191 58 vel
1531 1168 191 58 eam
1640 1168 438 58 distinguendo
1996 1168 274 58 aliter
2160 1168 82 58 :

1204 1243 304 56 Doctrina
1431 1243 380 56 simpliciter
1735 1243 354 56 necessaria
2013 1243 177 56 pro
2089 1243 152 56 omni

1205 1320 258 55 statu,
1386 1320 335 55 transeat;
1644 1320 181 55 pro
1747 1320 258 55 aliquo
1902 1320 335 55 determinato

1206 1398 247 59 statu,
1379 1398 198 59 nego
1503 1398 296 59 majorem,
1725 1398 148 59 et
1799 1398 321 59 similiter
2022 1398 222 59 distin¬-

1205 1472 260 62 guendo
1387 1472 390 62 consequens;
1699 1472 208 62 ergo
1828 1472 338 62 Scriptura
2062 1472 182 62 quoad

1207 1550 328 55 doctrinam
1459 1550 177 55 non
1560 1550 277 55 habitam
1762 1550 151 55 in
1837 1550 202 55 lege
1964 1550 252 55 veteri
2115 1550 126 55 non

1208 1627 168 56 est
1304 1627 335 56 necessaria
1567 1627 359 56 simpliciter
1855 1627 168 56 pro
1951 1627 192 56 omni
2046 1627 192 56 statu,

1206 1701 272 58 concedo
1404 1701 420 58 consequentiam
1750 1701 124 58 ;
1800 1701 173 58 pro
1899 1701 198 58 lege
1998 1701 247 58 gratiae,

1206 1780 208 58 nego
1336 1780 468 58 consequentiam.
1726 1780 338 58 Quaerenti
1986 1780 234 58 autem
2116 1780 130 58 cur

1207 1855 320 55 doctrina
1447 1855 160 55 de
1528 1855 320 55 Baptismo
1768 1855 187 55 sit
1874 1855 187 55 pro
1981 1855 187 55 hoc
2061 1855 187 55 statu

1206 1931 388 56 necessaria,
1517 1931 181 56 non
1620 1931 207 56 vero
1750 1931 181 56 pro
1854 1931 207 56 lege
1983 1931 285 56 antiqua
2164 1931 78 56 ?

1206 2008 437 56 respondendum
1561 2008 219 56 est,
1698 2008 219 56 quia
1834 2008 301 56 ipsemet
2025 2008 219 56 Bapti¬-

1205 2083 208 58 smus
1335 2083 182 58 est
1439 2083 182 58 jam
1542 2083 389 58 necessarius
1854 2083 156 58 ex
1906 2083 337 58 ordinatione

1211 2159 345 57 particulari
1487 2159 161 57 Dei
1579 2159 138 57 id
1648 2159 276 57 volentis
1855 2159 115 57 ;
1901 2159 138 57 et
1970 2159 230 57 quidem
2108 2159 138 57 con¬-

1207 2236 223 57 grue,
1356 2236 198 57 quia
1480 2236 173 57 pro
1579 2236 371 57 diversitate
1876 2236 272 57 statuum
2074 2236 149 57 et
2123 2236 124 57 le¬-

1203 2312 231 56 gum,
1348 2312 318 56 diversa
1579 2312 260 56 erant
1752 2312 376 56 assumenda
2012 2312 231 56 Sacra¬

1180 2397 209 37 menta.

1258 2466 181 56 (c)
1362 2466 311 56 Secundum
1595 2466 363 56 argumentum
1880 2466 363 56 principale
2139 2466 129 56 57.

1211 2546 151 55 est
1298 2546 108 55 :
1341 2546 129 55 In
1405 2546 258 55 qualibet
1599 2546 258 55 scientia
1793 2546 345 55 sufficienter
2051 2546 194 55 tradita

1205 2621 312 56 vitantur
1439 2621 364 56 superflua;
1725 2621 182 56 sed
1830 2621 234 56 multa
1960 2621 286 56 superflua

1208 2701 321 50 traduntur
1455 2701 148 50 in
1529 2701 222 50 sacra
1678 2701 346 50 Scriptura,
1950 2701 148 50 ut
1999 2701 247 50 caeremo-

1209 2777 248 51 nialia
1383 2777 149 51 et
1457 2777 248 51 plures
1630 2777 347 51 historiae,
1903 2777 198 51 quae
2027 2777 173 51 non
2101 2777 149 51 sunt

1209 2851 343 53 necessaria
1478 2851 147 53 ad
1551 2851 269 53 salutem
1747 2851 122 53 ;
1796 2851 196 53 ergo
1919 2851 294 53 doctrina
2115 2851 122 53 ne¬-

1210 2926 304 44 cessaria
1438 2926 152 44 ad
1514 2926 279 44 salutem
1717 2926 177 44 non
1818 2926 177 44 est
1894 2926 355 44 sufficienter

1214 3003 251 50 tradita
1397 3003 137 50 in
1466 3003 297 50 Scriptura
1671 3003 183 50 sacra.

1264 3076 337 56 Respondetur
1533 3076 247 56 negando
1713 3076 247 56 minorem
1892 3076 112 56 :
1937 3076 202 56 Quam-
2072 3076 202 56 Nihil
2184 3076 90 56 in

1214 3154 137 64 vis
1293 3154 157 64 enim
1391 3154 235 64 cognitio
1568 3154 353 64 caeremonialium
1862 3154 118 64 et
1921 3154 157 64 plu-
1999 3154 275 64 superfluunt,

1210 3230 227 48 riuvn
1361 3230 404 48 historiarum,
1690 3230 152 48 ac
1766 3230 227 48 etiam
1892 3230 354 48 documentorum

1212 3306 163 43 et
1293 3306 463 43 instructionum
1675 3306 409 43 contentarum
2002 3306 163 43 in
2056 3306 191 43 sacra

1214 3381 306 54 Scriptura
1450 3381 165 54 non
1544 3381 165 54 sit
1638 3381 353 54 simpliciter
1921 3381 329 54 necessaria
2156 3381 94 54 ad

1212 3458 320 51 salutem,
1452 3458 240 51 tamen
1612 3458 187 51 non
1719 3458 187 51 est
1825 3458 267 51 dubium
2012 3458 213 51 quin
2119 3458 133 51 sit

1214 3533 346 50 necessaria
1486 3533 148 50 ad
1561 3533 247 50 melius
1734 3533 223 50 esse,
1882 3533 173 50 hoc
1981 3533 173 50 est
2055 3533 198 50 utilis

1214 3610 164 52 ac
1296 3610 382 52 conducens;
1596 3610 191 52 nam
1705 3610 300 52 quantum
1923 3610 164 52 ad
1977 3610 273 52 cseremo-

1218 3685 254 56 nialia,
1403 3685 185 56 quia
1518 3685 347 56 significant
1796 3685 254 56 mystice
1981 3685 208 56 multa
2096 3685 162 56 fidei
