2682 3979
555 460 482 43 COMMENTARIUS.

352 590 173 54 (a)
451 590 222 54 Circa
599 590 272 54 tertiam
797 590 346 54 qumstionem
1044 590 296 54 quaeruntur

303 664 245 51 Iria.
466 664 300 51 Primum,
685 664 164 51 an
766 664 355 51 Theologia
1039 664 191 51 sit
1148 664 164 51 de
1203 664 136 51 Deo

303 736 272 57 lanquam
501 736 148 57 de
575 736 321 57 subjecto,
822 736 247 57 supple
994 736 346 57 adaequato,
1241 736 99 57 de

306 815 176 55 quo
406 815 428 55 demonstrentur
759 815 327 55 veritates
985 815 352 55 Theologicae.

305 892 314 51 Secundum,
546 892 145 51 an
619 892 169 51 sit
715 892 145 51 de
788 892 169 51 Deo
884 892 169 51 sub
981 892 241 51 aliqua
1126 892 217 51 ratione

303 966 322 55 speciali,
551 966 198 55 puta
675 966 149 55 an
749 966 173 55 sit
848 966 149 55 de
922 966 173 55 Deo
1021 966 272 55 lanquam
1194 966 149 55 Glo-

305 1041 354 54 rificatore
583 1041 177 54 vel
684 1041 380 54 Gubernatore
988 1041 152 54 et
1038 1041 304 54 hujusmodi.

305 1113 321 51 Tertium,
546 1113 160 51 an
626 1113 321 51 scientia
867 1113 374 51 Theologica
1161 1113 187 51 sit
1241 1113 107 51 de

309 1187 284 53 omnibus
516 1187 155 53 ex
593 1187 414 53 attributione
929 1187 284 53 ipsorum
1136 1187 155 53 ad
1188 1187 155 53 pri¬-

307 1269 191 49 mum
388 1269 327 49 subjectum.

360 1341 320 52 Quantum
592 1341 174 52 ad
680 1341 291 52 primam
883 1341 436 52 quaestionem
1203 1341 145 52 ar¬-

311 1416 243 58 guitur
481 1416 146 58 in
554 1416 340 58 contrarium
821 1416 243 58 duabus
967 1416 170 58 viis.

365 1491 168 59 (b)
461 1491 240 59 Primae
628 1491 192 59 viae
748 1491 216 59 prima
892 1491 216 59 ratio
1036 1491 192 59 stat
1155 1491 144 59 in
1203 1491 144 59 hoc,

312 1571 219 56 quia
448 1571 246 56 forma
612 1571 301 56 simplex
831 1571 355 56 subjectum
1104 1571 219 56 esse
1213 1571 137 56 non

310 1645 273 56 potest;
508 1645 173 56 sed
608 1645 198 56 Deus
731 1645 173 56 est
831 1645 223 56 forma
955 1645 396 56 simplicissima,

317 1724 137 55 ut
386 1724 252 55 patebit
569 1724 206 55 infra
706 1724 137 55 d.
775 1724 137 55 8.
821 1724 160 55 ergo.

391 1797 321 55 Secundo
624 1797 379 55 arguitur,
916 1797 233 55 quia
1032 1797 321 55 subjectum

319 1874 292 49 scientiae
543 1874 157 49 est
633 1874 292 49 efficiens
858 1874 315 49 scientiam,
1105 1874 135 49 et
1172 1874 135 49 ex
1217 1874 135 49 alia

317 1948 228 57 parte
469 1948 152 57 si
544 1948 278 57 ponitur
747 1948 354 57 subjectum,
1025 1948 228 57 habet
1152 1948 202 57 ratio¬-

316 2023 192 56 nem
425 2023 356 56 materiae,
699 2023 219 56 quia
836 2023 329 56 rationem
1056 2023 301 56 receptivi

316 2100 438 57 proprietatis
671 2100 520 57 demonstrabilis.
1109 2100 191 57 Sed
1191 2100 164 57 idem

318 2175 259 57 numero
499 2175 181 57 non
603 2175 259 57 potest
784 2175 207 57 esse
914 2175 285 57 materia
1121 2175 155 57 et
1173 2175 181 57 effi¬-

320 2253 246 56 ciens,
493 2253 148 56 ut
567 2253 222 56 patet
715 2253 172 56 per
813 2253 370 56 Philosophum
1109 2253 148 56 2.
1158 2253 197 56 Pliys.

318 2329 254 54 te.xl.
495 2329 228 54 comm.
648 2329 178 54 7J.
749 2329 178 54 ubi
851 2329 203 54 vult
977 2329 203 54 quod
1079 2329 279 54 multoties

322 2404 235 52 forma,
487 2404 141 52 et
558 2404 329 52 efficiens,
817 2404 141 52 et
887 2404 212 52 finis
1029 2404 329 52 coincidanl
1264 2404 94 52 in

317 2482 235 53 idem,
473 2482 183 53 sed
578 2482 287 53 materia
786 2482 183 53 cum
891 2482 235 53 nullo
1047 2482 287 53 istorum
1230 2482 130 53 co-

321 2562 264 52 incidit,
497 2562 154 52 ergo.

371 2635 242 53 Tertio
540 2635 411 53 principaliter
879 2635 314 53 arguitur,
1120 2635 193 53 quia
1217 2635 145 53 sub¬-

316 2705 238 54 jectum
483 2705 309 54 scientiae
720 2705 214 54 habet
863 2705 261 54 partes,
1053 2705 309 54 principia
1267 2705 95 54 et

313 2782 341 52 passiones,
581 2782 146 52 ut
654 2782 219 52 patet
800 2782 146 52 1.
873 2782 268 52 Poster,
1068 2782 219 52 text.
1190 2782 171 52 comm.

323 2859 159 52 43.
414 2859 181 52 Una,
527 2859 249 52 inquit,
709 2859 272 52 scientia
913 2859 181 52 est,
1026 2859 181 52 quae
1139 2859 159 52 est
1207 2859 159 52 unius

319 2935 279 53 generis,
528 2935 325 53 quaecumque
783 2935 139 53 ex
853 2935 232 53 primis
1016 2935 279 53 scilicet
1201 2935 163 53 prin¬-

326 3013 242 52 cipiis
495 3013 363 52 componitur,
785 3013 145 52 et
858 3013 242 52 partes
1027 3013 169 52 aut
1100 3013 266 52 passiones

320 3085 214 52 horum
463 3085 190 52 sunt
581 3085 166 52 per
676 3085 166 52 se.
771 3085 214 52 Ilaec
914 3085 214 52 ille.
1056 3085 166 52 Sed
1151 3085 190 52 Deus
1246 3085 119 52 non

322 3160 235 54 habet
479 3160 261 54 partes
662 3160 183 54 nec
766 3160 392 54 integrales,
1080 3160 183 54 nec
1158 3160 209 54 subje¬-

330 3237 253 53 ctivas
507 3237 152 53 ut
582 3237 253 53 palet,
759 3237 177 53 nec
861 3237 354 53 principia,
1139 3237 202 53 quia
1240 3237 126 53 non

328 3313 329 52 definitur,
586 3313 164 52 imo
680 3313 164 52 est
773 3313 352 52 simpliciter
1055 3313 235 52 primum
1196 3313 164 52 prin¬-

325 3389 259 55 cipium,
514 3389 165 55 (ut
608 3389 212 55 infra
749 3389 259 55 patebit
938 3389 212 55 dist.
1079 3389 141 55 2.
1150 3389 212 55 part.
1268 3389 94 55 1.

323 3462 267 58 quaest.
517 3462 146 58 1.
590 3462 121 58 )
638 3462 170 58 nec
736 3462 340 58 passiones,
1003 3462 170 58 cum
1100 3462 219 58 tales
1221 3462 146 58 sint

321 3541 241 55 extra
482 3541 348 55 essentiam
749 3541 348 55 subjecti,
1016 3541 160 55 in
1097 3541 187 55 Deo
1177 3541 187 55 autem

322 3617 217 48 nihil
466 3617 169 48 est
563 3617 217 48 extra
707 3617 193 48 suam
804 3617 289 48 essentiam.

1430 337 391 55 Argumenta
1731 337 301 55 primum
1941 337 180 55 et
2031 337 361 55 secundum
2272 337 150 55 se¬-

1394 414 229 43 cundae
1554 414 183 43 viae
1669 414 206 43 clara
1783 414 160 43 sunt.

1441 487 177 56 (c)
1542 487 278 56 Tertio,
1744 487 151 56 ex
1819 487 379 56 auctoritate
2097 487 328 56 Commentato¬-

1390 564 177 56 ris,
1500 564 265 56 scilicet
1699 564 309 56 Eustathii,
1942 564 199 56 super
2075 564 133 56 1.
2141 564 221 56 Elhic.
2273 564 155 56 talis

1388 640 218 53 ratio
1533 640 339 53 conficitur
1799 640 121 53 :
1847 640 290 53 Scientia
2065 640 290 53 practica
2259 640 169 53 habet

1386 717 159 53 pro
1477 717 273 53 subjecto
1682 717 205 53 primo
1818 717 205 53 illud
1955 717 159 53 cui
2046 717 318 53 acquiritur
2273 717 159 53 finis

1390 792 287 55 scientiae
1611 792 221 55 praeli
1765 792 177 55 eae.
1876 792 155 55 Cum
1964 792 177 55 ergo
2075 792 199 55 finis
2185 792 243 55 scientiae

1392 867 275 54 moralis,
1599 867 161 54 qui
1690 867 161 54 est
1782 867 298 54 felicitas
2012 867 321 54 naturalis,
2241 867 184 54 acqui¬-

1390 943 246 54 ritur
1554 943 273 54 homini
1745 943 246 54 quoad
1909 943 301 54 animam,
2127 943 219 54 ipsa
2237 943 191 54 anima

1398 1019 179 53 erit
1510 1019 291 53 subjectum
1734 1019 291 53 scientiae
1958 1019 246 53 moralis
2137 1019 112 53 ;
2182 1019 134 53 et
2226 1019 202 53 simili¬-

1399 1095 160 54 ter
1491 1095 206 54 finis
1628 1095 320 54 medicinae,
1879 1095 160 54 qui
1970 1095 160 54 est
2062 1095 274 54 sanitas,
2244 1095 183 54 acqui¬-

1390 1171 254 54 ritur
1559 1171 282 54 homini
1756 1171 254 54 quoad
1925 1171 310 54 corpus,
2150 1171 225 54 ipse
2263 1171 169 54 homo

1394 1246 239 57 quoad
1554 1246 266 57 corpus
1740 1246 213 57 erit
1873 1246 346 57 subjectum
2113 1246 319 57 medicinae.

1396 1322 182 56 Sic
1500 1322 208 56 dico
1630 1322 156 56 in
1708 1322 338 56 proposito
1967 1322 182 56 cum
2071 1322 338 56 Theologia
2305 1322 130 56 sit

1398 1399 289 55 scientia
1615 1399 314 55 practica,
1856 1399 169 55 (ut
1953 1399 265 55 patebit
2146 1399 217 55 infra
2266 1399 169 55 quae¬-

1400 1476 225 53 stione
1558 1476 225 53 ultima
1716 1476 270 53 Prologi,
1919 1476 135 53 et
1986 1476 203 53 dist.
2122 1476 180 53 33.)
2234 1476 135 53 et
2279 1476 158 53 finis

1398 1552 266 54 illius,
1591 1552 169 54 qui
1688 1552 169 54 est
1784 1552 217 54 clara
1929 1552 217 54 visio
2074 1552 169 54 Dei
2170 1552 145 54 et
2219 1552 217 54 ejusdem

1397 1626 304 55 fruitio,
1624 1626 354 55 acquiratur
1903 1626 253 55 homini
2080 1626 228 55 quoad
2206 1626 228 55 animam,

1398 1704 337 53 sequitur
1651 1704 225 53 quod
1791 1704 225 53 homo
1932 1704 253 53 quoad
2100 1704 281 53 animam
2269 1704 169 53 erit

1403 1781 318 53 subjectum
1623 1781 318 53 Theologia).

1458 1856 156 55 (d)
1547 1856 178 55 Item
1658 1856 245 55 aliter,
1836 1856 178 55 etc.
1948 1856 178 55 quia
2059 1856 267 55 cognitio
2260 1856 156 55 ibi
2327 1856 111 55 in¬-

1406 1934 300 43 tenditur.
1637 1934 254 43 Habitus
1821 1934 185 43 enim
1937 1934 369 43 scientificus
2213 1934 231 43 inclinat

1405 2008 431 55 principaliter
1759 2008 152 55 ad
1835 2008 380 55 cognitionem
2139 2008 304 55 objecli,
2342 2008 101 55 ut

1398 2084 209 55 per
1518 2084 269 55 ipsam
1697 2084 418 55 attingatur
2025 2084 358 55 objectum
2264 2084 179 55 quod

1407 2161 197 54 tunc
1530 2161 369 54 attingitur,
1825 2161 172 54 cum
1924 2161 221 54 habet
2071 2161 197 54 esse
2170 2161 270 54 cognitum.

1408 2235 132 53 Et
1474 2235 198 53 finis
1606 2235 286 53 scientiae
1826 2235 286 53 practicee
2047 2235 154 53 est
2135 2235 264 53 inducere
2311 2235 132 53 for¬-

1405 2312 181 55 mam
1509 2312 155 55 ad
1586 2312 207 55 quam
1716 2312 337 55 ordinatur
1975 2312 207 55 ejus
2104 2312 285 55 praxis,
2286 2312 155 55 quae

1410 2389 181 55 est
1513 2389 284 55 bonitas
1720 2389 284 55 moralis
1927 2389 129 55 ,
1978 2389 207 55 quae
2107 2389 155 55 in
2159 2389 284 55 Theologia

1407 2466 419 52 principaliter
1753 2466 370 52 intenditur,
2048 2466 148 52 ut
2122 2466 321 52 inducatur
2344 2466 99 52 in

1404 2541 282 52 homine
1601 2541 254 52 quoad
1742 2541 254 52 animam.

1466 2728 475 55 QILESTIO
1823 2728 238 55 I.
1902 2728 475 55 LATERALIS.

1415 2877 244 64 Utrum
1578 2877 353 64 Theologia
1849 2877 190 64 sit
1958 2877 163 64 de
2040 2877 190 64 Deo
2148 2877 190 64 sub
2230 2877 217 64 aliqua

1703 2955 259 56 ratione
1891 2955 282 56 speciali
2079 2955 71 56 ?

1419 3097 147 53 Hic
1503 3097 253 53 recenset
1693 3097 211 53 Scotus
1840 3097 232 53 aliorum
2009 3097 295 53 opiniones.
2240 3097 190 53 Prima
2346 3097 105 53 po¬-

1465 3145 150 47 nit
1550 3145 172 47 Deum
1658 3145 172 47 esse
1765 3145 279 47 subjectum
1979 3145 150 47 sub
2065 3145 236 47 ratione
2215 3145 236 47 Restaura-

1465 3190 219 43 toris.
1618 3190 241 43 Secunda
1793 3190 263 43 Christum
1990 3190 153 43 sub
2078 3190 241 43 ratione
2231 3190 219 43 incarna¬-

1469 3239 192 48 tionis
1603 3239 115 48 et
1661 3239 230 48 capitis.
1833 3239 192 48 Tertia
1968 3239 134 48 sub
2044 3239 211 48 ratione
2179 3239 153 48 finis.

1471 3366 221 72 Quod
1610 3366 193 72 sic
1720 3366 193 72 (a)
1831 3366 332 72 arguitur
2079 3366 138 72 :
2134 3366 221 72 Hugo
2273 3366 166 72 de
2355 3366 138 72 Z
2383 3366 83 72 1

1412 3451 443 62 Sacramentis
1767 3451 177 62 in
1855 3451 384 62 principio
2151 3451 236 62 vult
2269 3451 177 62 quod

1417 3513 215 71 opera
1560 3513 429 71 restaurationis
1918 3513 191 71 sint
2037 3513 167 71 hic
2132 3513 191 71 suh-
2228 3513 238 71 v>-Lsc<M

1411 3600 270 64 jectum;
1608 3600 196 64 ergo
1730 3600 147 64 si
1804 3600 196 64 Deus
1926 3600 172 64 est
2025 3600 172 64 hic
2123 3600 368 64 sub-Phys-q.
2392 3600 74 64 &
