2653 3979
199 333 310 64 jectum,
425 333 198 64 hoc
537 333 226 64 erit
679 333 198 64 sub
791 333 339 64 speciali
1017 333 226 64 ratio¬-

203 410 202 60 ne,
318 410 346 60 scilicet
578 410 374 60 inquantum
837 410 403 60 restaurator,

185 485 286 60 opinio
386 485 257 60 Item,
557 485 429 60 Cassiodorus
900 485 257 60 super
1043 485 200 60 Psal-

185 550 286 75 .asaio
386 550 372 75 ou>mistam
671 550 229 75 quod
814 550 343 75 Ohristus
1043 550 200 75 caput

199 640 235 60 cum
334 640 370 60 membris
603 640 235 60 est
737 640 235 60 hic
838 640 403 60 subjectum;

206 717 289 61 igitur
408 717 433 61 specialiter
755 717 173 61 ut
842 717 404 61 incarnatus
1130 717 116 61 et

206 793 259 61 caput
379 793 374 61 Ecclesiae
667 793 230 61 erit
811 793 202 61 hic
897 793 346 61 subjectum.

268 867 252 61 Item,
436 867 224 61 Deus
576 867 196 61 (b)
688 867 336 61 absolute
939 867 196 61 est
1023 867 224 61 subje¬-

204 943 246 63 ctum
358 943 491 63 Metaphysicse
757 943 153 63 ;
818 943 307 63 igitur
1033 943 184 63 si
1095 943 153 63 hic

205 1019 209 62 est
324 1019 417 62 subjectum,
652 1019 209 62 hoc
771 1019 238 62 erit
920 1019 209 62 sub
1010 1019 238 62 aliqua

207 1098 317 60 ratione
438 1098 375 60 speciali.
727 1098 462 60 Consequentia
1073 1098 173 60 pro¬-

204 1174 307 61 batur,
419 1174 246 61 quia
573 1174 215 61 non
695 1174 215 61 sub
818 1174 276 61 eadem
972 1174 276 61 ratione

205 1250 336 61 omnino,
450 1250 214 61 hic
572 1250 183 61 et
664 1250 214 61 ibi
786 1250 214 61 est
878 1250 367 61 subjectum.

202 1327 445 61 Antecedens
552 1327 381 61 probatur
837 1327 222 61 per
933 1327 318 61 Philoso-

192 1404 190 72 com
300 1404 217 72 phum
436 1404 163 72 6.
517 1404 353 72 Metaphys.
762 1404 488 72 Honorabilissimam

207 1482 323 56 scientiam
455 1482 273 56 oportet
654 1482 199 56 esse
778 1482 223 56 circa
902 1482 348 56 nobilissimum

199 1556 318 61 genus,
422 1556 286 61 illa,
612 1556 381 61 secundum
898 1556 318 61 ipsum,
1089 1556 159 61 est

202 1632 430 61 hujusmodi.
540 1632 215 61 Hoc
663 1632 277 61 etiam
817 1632 430 61 confirmatur,

210 1708 244 62 quia
363 1708 214 62 ibi
485 1708 275 62 vocat
669 1708 489 62 Metaphysicam
1035 1708 214 62 Theo¬

173 1786 273 60 logiam.

273 1862 269 58 Item
442 1862 168 58 ,
509 1862 505 58 Commentator
913 1862 236 58 (c)
1014 1862 236 58 primo

208 1939 373 60 Physicorum
502 1939 320 60 commento
742 1939 267 60 ultimo
928 1939 267 60 dicit,
1088 1939 160 60 quod

203 2015 380 60 Avicenna
489 2015 317 60 multum
710 2015 412 60 peccavit,
996 2015 254 60 ponen¬-

199 2091 203 61 do
301 2091 541 61 Metaphysicam
741 2091 372 61 probare
977 2091 271 61 primam

202 2168 327 58 causam
431 2168 294 58 esse,
627 2168 229 58 cum
758 2168 294 58 genus
921 2168 327 58 substan¬-

204 2243 307 62 tiarum
419 2243 461 62 separatarum
788 2243 215 62 sit
911 2243 215 62 ibi
1003 2243 246 62 subje¬-

201 2320 304 60 ctum,
404 2320 202 60 et
505 2320 304 60 nulla
707 2320 405 60 scientia
977 2320 270 60 probat

201 2397 270 60 suum
370 2397 439 60 subjectum
708 2397 304 60 esse.
910 2397 304 60 Ratio
1079 2397 169 60 au¬-

204 2473 209 59 tem
323 2473 209 59 non
443 2473 358 59 valeret,
711 2473 239 59 nisi
830 2473 418 59 intelligeret

204 2549 261 61 quod
367 2549 261 61 ipsa
531 2549 294 61 esset
726 2549 228 61 ibi
857 2549 326 61 primum
1052 2549 196 61 sub¬-

202 2627 280 59 jectum
398 2627 140 59 ;
454 2627 252 59 ergo,
594 2627 168 59 etc.

265 2701 260 60 Item,
439 2701 231 60 ista
583 2701 202 60 (d)
699 2701 347 60 scientia
959 2701 202 60 est
1046 2701 202 60 hono¬-

210 2778 432 60 rabilissima
556 2778 144 60 ;
614 2778 231 60 ergo
758 2778 202 60 est
873 2778 173 60 de
931 2778 317 60 honorabi¬-

206 2854 327 60 lissimo
444 2854 357 60 subjecto
712 2854 208 60 sub
831 2854 327 60 ratione
1040 2854 208 60 hono¬-

207 2929 505 60 rabilissima.
618 2929 410 60 Hujusmodi
933 2929 284 60 autem
1091 2929 158 60 ra¬-

206 3005 198 49 tio
319 3005 198 49 est
432 3005 254 49 ratio
601 3005 254 49 finis
770 3005 169 49 et
855 3005 254 49 boni.
1024 3005 169 49 De
1081 3005 169 49 fine

202 3080 325 62 autem
419 3080 434 62 probatur
744 3080 253 62 per
852 3080 398 62 Avicennam

193 3157 169 65 c#p.
299 3157 169 65 ult.
405 3157 127 65 6.
468 3157 233 65 Metapk.
638 3157 254 65 dicentem
828 3157 106 65 :
871 3157 127 65 Si
934 3157 254 65 scientia
1104 3157 148 65 esset

194 3234 156 57 com.
292 3234 117 57 8.
351 3234 137 57 cie
429 3234 215 57 omnibus
585 3234 215 57 causis,
741 3234 156 57 illa
838 3234 156 57 quce
936 3234 176 57 esset
1053 3234 137 57 cie
1111 3234 137 57 fine,

212 3308 247 47 esset
376 3308 438 47 nobilissima.
732 3308 164 47 Ex
815 3308 192 47 hoc
897 3308 356 47 concluditur

205 3384 197 60 de
304 3384 295 60 bono,
500 3384 262 60 quia
664 3384 393 60 secundum
926 3384 328 60 Philoso¬-

214 3460 231 62 phum
359 3460 173 62 2.
445 3460 318 62 Metaph.
676 3460 202 62 qui
792 3460 260 62 ponit
936 3460 318 62 infinita¬-

209 3536 222 53 tem
336 3536 190 53 in
431 3536 380 53 finibus,
716 3536 380 53 destruit
969 3536 285 53 naturam

215 3612 230 62 boni
359 3612 144 62 ,
416 3612 230 62 quia
560 3612 345 62 destruit
819 3612 316 62 naturam
1020 3612 230 62 finis;

1285 333 190 61 ex
1380 333 221 61 hoc
1507 333 253 61 ergo
1665 333 411 61 accipitur
1980 333 253 61 quod
2107 333 221 61 ratio

1291 411 211 47 boni
1423 411 185 47 est
1528 411 238 47 ratio
1661 411 211 47 finis.

1356 488 247 56 Contra,
1535 488 270 56 cognitio
1738 488 292 56 contracta
1963 488 202 56 prse-
2098 488 135 56 i*
2143 488 202 56 Prolog,

1291 564 342 81 supponit
1547 564 428 81 cognitionem
1889 564 399 81 absolutam,
2174 564 171 81 tPou

1291 640 169 52 et
1375 640 338 52 absoluta
1629 640 197 52 est
1741 640 338 52 certior,
1994 640 169 52 ex
2079 640 169 52 1.
2135 640 197 52 Meta¬-

1285 715 278 60 phys.
1470 715 185 60 si
1563 715 247 60 ergo
1717 715 247 60 ista
1871 715 216 60 est
1995 715 185 60 de
2087 715 216 60 Deo
2180 715 154 60 sub

1290 790 307 61 aliqua
1505 790 338 61 ratione
1751 790 399 61 speciali,
2058 790 246 61 alia
2181 790 153 61 est

1291 867 275 61 prior
1475 867 184 61 et
1567 867 337 61 certior
1812 867 184 61 de
1904 867 214 61 Deo
1995 867 337 61 absolute;

1291 945 258 60 talis
1463 945 200 60 non
1578 945 343 60 ponitur,
1835 945 258 60 ergo,
1978 945 172 60 etc.

1557 1120 480 40 COMMENTARIUS.

1350 1243 157 54 (a)
1439 1243 202 54 Primo
1574 1243 269 54 arguitur
1775 1243 179 54 quod
1887 1243 291 54 Theologia
2112 1243 157 54 non
2201 1243 157 54 sit
2268 1243 90 54 2.

1297 1320 148 49 de
1371 1320 173 49 Deo
1470 1320 173 49 sub
1569 1320 272 49 ratione
1767 1320 297 49 absoluta
1990 1320 322 49 Deitatis,
2212 1320 124 49 sed

1298 1398 168 51 sub
1394 1398 240 51 aliqua
1562 1398 192 51 alia
1682 1398 264 51 ratione
1874 1398 312 51 speciali.
2114 1398 144 51 Et
2162 1398 168 51 patet

1293 1476 198 51 per
1406 1476 367 51 Ilugonem,
1688 1476 198 51 qui
1801 1476 226 51 vult
1943 1476 226 51 quod
2084 1476 226 51 Deus
2197 1476 141 51 sit

1296 1551 330 52 subjectum
1549 1551 152 52 ut
1626 1551 406 52 Restaurator,
1955 1551 152 52 et
2032 1551 178 52 per
2108 1551 228 52 Cassio-

1299 1627 243 52 dorum,
1469 1627 170 52 qui
1566 1627 219 52 vult,
1688 1627 146 52 etc.

1347 1702 198 54 (b)
1460 1702 311 54 Secundo
1686 1702 340 54 arguitur
1941 1702 340 54 probando
2167 1702 170 54 quod

1298 1781 203 51 Deus
1424 1781 177 51 non
1526 1781 177 51 sit
1627 1781 329 51 subjectum
1880 1781 177 51 sub
1981 1781 279 51 ratione
2159 1781 177 51 abso¬-

1297 1857 189 51 luta
1416 1857 166 51 Dei
1510 1857 189 51 sive
1629 1857 308 51 Deitatis,
1866 1857 166 51 sed
1960 1857 166 51 sub
2055 1857 237 51 aliqua
2197 1857 142 51 alia

1296 1934 279 52 ratione
1498 1934 330 52 speciali,
1752 1934 203 52 quia
1879 1934 177 52 est
1980 1934 330 52 subjectum
2208 1934 127 52 Me-

1300 2009 362 53 tapliysicse
1590 2009 169 53 sub
1686 2009 266 53 ratione
1879 2009 290 53 absoluta
2097 2009 193 53 Dei;
2193 2009 145 53 ergo

1294 2088 165 52 si
1376 2088 220 52 Deus
1513 2088 302 52 ponitur
1733 2088 357 52 subjectum
1980 2088 357 52 Theologiae,

1296 2170 214 52 erit
1430 2170 348 52 subjectum
1698 2170 188 52 sub
1805 2170 268 52 aliqua
1993 2170 214 52 alia
2100 2170 241 52 ratione

1279 2246 233 50 speciali.

1348 2320 173 54 (c)
1447 2320 247 54 Tertio
1620 2320 297 54 arguitur
1843 2320 371 54 auctoritate
2115 2320 223 54 Commen¬-

1296 2400 306 51 tatoris,
1525 2400 178 51 qui
1627 2400 204 51 vult
1754 2400 204 51 quod
1881 2400 229 51 genus
2009 2400 331 51 substantia¬-

1293 2477 198 52 rum
1406 2477 198 52 sit
1519 2477 368 52 subjectum
1802 2477 481 52 Metaphysicae.
2169 2477 170 52 Unde

1292 2553 233 51 ipse
1438 2553 437 51 reprehendit
1787 2553 379 51 Avicennam
2050 2553 291 51 ponentem

1292 2628 432 53 Metaphysicam
1643 2628 297 53 probare
1859 2628 270 53 primam
2048 2628 243 53 esse,
2183 2628 162 53 quia

1298 2707 224 52 nulla
1447 2707 299 52 scientia
1671 2707 249 52 probat
1845 2707 199 52 suum
1970 2707 348 52 subjectum,
2219 2707 124 52 sed

1299 2783 317 54 supponit,
1542 2783 171 54 ubi
1640 2783 219 54 dicit
1786 2783 195 54 sic,
1908 2783 146 54 1.
1981 2783 292 54 Physicor
2200 2783 122 54 :
2224 2783 122 54 Sed

1295 2860 330 50 notandum
1543 2860 193 50 est
1653 2860 220 50 quod
1791 2860 248 50 istud
1956 2860 248 50 genus
2094 2860 248 50 entium,

1301 2935 290 50 scilicet
1518 2935 193 50 esse
1639 2935 314 50 separatum
1881 2935 121 50 a
1929 2935 290 50 materia,
2147 2935 169 50 non
2219 2935 121 50 de¬-

1303 3012 291 42 claratur
1521 3012 194 42 nisi
1642 3012 145 42 in
1714 3012 170 42 hac
1811 3012 291 42 scientia
2029 3012 315 42 naturali.
2247 3012 97 42 Et

1303 3089 170 49 qui
1400 3089 218 49 dicit
1545 3089 194 49 quod
1667 3089 218 49 prima
1812 3089 388 49 Philosophia,
2103 3089 243 49 scilicet

1302 3164 407 50 Metaphvsica,
1632 3164 280 50 nititur
1836 3164 331 50 declarare
2090 3164 229 50 entia
2217 3164 127 50 se¬-

1301 3241 301 50 parabilia
1533 3241 209 50 esse,
1672 3241 255 50 peccat.
1857 3241 185 50 Haec
1973 3241 185 50 enim
2089 3241 209 50 entia
2205 3241 139 50 sunt

1301 3317 285 50 subjecta
1515 3317 238 50 primae
1682 3317 404 50 Philosophiae,
2015 3317 143 50 et
2063 3317 285 50 declaratum

1305 3393 174 51 est
1404 3393 149 51 in
1479 3393 422 51 Posterioribus
1827 3393 372 51 Analylicis,
2125 3393 199 51 quod
2224 3393 124 51 im¬-

1297 3469 326 50 possibile
1547 3469 175 50 est
1648 3469 276 50 aliquam
1848 3469 326 50 scientiam
2073 3469 276 50 declarare

1311 3548 338 51 subjectum
1571 3548 234 51 esse,
1727 3548 182 51 aut
1831 3548 208 51 quia
1960 3548 364 51 manifestum
2220 3548 130 51 per

1303 3624 173 50 se,
1402 3624 173 50 aut
1501 3624 198 50 quia
1625 3624 346 50 declaratum
1897 3624 148 50 in
1971 3624 198 50 alia
2070 3624 272 50 scientia.
