2653 3979
157 334 285 56 sionem,
364 334 155 56 et
442 334 181 56 per
546 334 363 56 consequens
805 334 388 56 propositionem

161 411 387 55 mimedialam,
471 411 207 55 quae
600 411 284 55 constat
807 411 155 55 ex
858 411 336 55 definitione

165 489 140 55 et
235 489 303 55 passione,
468 489 140 55 et
538 489 163 55 per
631 489 210 55 illam
771 489 303 55 mediatam.
981 489 210 55 Simili¬-

160 564 181 55 ter
264 564 233 55 patet
419 564 285 55 quomodo
626 564 285 55 dicitur
833 564 259 55 primo,
1015 564 155 55 id
1067 564 129 55 est

158 641 328 55 adaequate
410 641 328 55 continere
662 641 151 55 ut
738 641 303 55 effectum
940 641 252 55 adaequa¬-

160 716 202 57 tum,
286 716 152 57 ut
362 716 227 57 causa
514 716 329 57 adaequata
766 716 152 57 et
842 716 354 57 hujusmodi,
1095 716 101 57 et

160 794 222 54 quoad
308 794 296 54 notitiam
530 794 394 54 conclusionis
850 794 345 54 evidentem,
1096 794 99 54 et

171 870 236 53 quoad
328 870 393 53 habitudinem
616 870 366 53 necessariam.

213 944 160 57 (c)
304 944 228 57 Contra
464 944 205 57 istud
601 944 274 57 arguitur
806 944 342 57 dupliciter.
1057 944 137 57 Ilie

161 1022 240 54 Doctor
329 1022 265 54 adducit
522 1022 192 54 duas
642 1022 361 54 instantias,
930 1022 240 54 quibus
1075 1022 120 54 in¬-

158 1098 253 57 tendit
335 1098 304 57 probare,
563 1098 202 57 quod
689 1098 329 57 subjectum
917 1098 278 57 scientiae

161 1175 168 45 non
257 1175 312 45 contineat
497 1175 360 45 virtualiter
784 1175 216 45 omnes
904 1175 288 45 veritates.

158 1253 227 56 Prima
309 1253 202 56 stat
436 1253 152 56 in
512 1253 202 56 hoc,
638 1253 202 56 quia
764 1253 278 56 commune
967 1253 177 56 non
1042 1253 152 56 con¬-

170 1329 209 46 tinet
309 1329 349 46 virtualiter
588 1329 302 46 veritates
821 1329 349 46 inferiorum.
1077 1329 116 46 Pa¬-

161 1403 184 58 tet,
276 1403 184 58 quia
391 1403 298 58 continere
620 1403 344 58 virtualiter
896 1403 207 58 dicit
1010 1403 184 58 perfe¬-

159 1480 254 55 ctionem
343 1480 138 55 in
413 1480 346 55 continente,
690 1480 138 55 et
759 1480 138 55 si
828 1480 277 55 continet
1012 1480 185 55 sequi-

161 1557 221 59 voce,
309 1557 221 59 dicit
457 1557 369 59 simpliciter
752 1557 271 59 majorem
924 1557 271 59 perfecti¬-

160 1637 202 56 onem
286 1637 303 56 contento
513 1637 126 56 ;
563 1637 177 56 sed
664 1637 328 56 subjectum
891 1637 303 56 scientiae,

157 1711 230 61 puta
301 1711 374 61 Physicae,
589 1711 201 61 est
704 1711 316 61 commune
934 1711 173 61 ad
992 1711 201 61 omnia

165 1789 280 53 contenta
374 1789 140 53 in
444 1789 186 53 illa
561 1789 303 53 scientia.
794 1789 280 53 Probatur
1004 1789 163 53 per
1073 1789 117 53 si¬-

162 1864 217 60 mile,
306 1864 217 60 sicut
451 1864 145 60 se
523 1864 217 60 habet
668 1864 289 60 objectum
885 1864 313 60 potentiae
1102 1864 96 60 ad

161 1943 338 58 potentiam,
427 1943 169 58 sic
523 1943 145 58 se
596 1943 218 58 habet
741 1943 290 58 objectum
934 1943 266 58 scientiae

160 2019 152 58 ad
236 2019 355 58 scientiam;
515 2019 178 58 sed
616 2019 305 58 objectum
845 2019 330 58 potentiae
1073 2019 127 58 est

159 2097 286 55 commune
367 2097 156 55 ad
445 2097 234 55 omnia
601 2097 182 55 per
706 2097 156 55 se
784 2097 442 55 perceptibilia
1122 2097 78 55 a

165 2173 193 58 tali
285 2173 314 58 potentia,
527 2173 193 58 ergo
647 2173 145 58 et
720 2173 314 58 subjectum
937 2173 265 58 scientiae

161 2250 225 46 erit
302 2250 310 46 commune
527 2250 169 46 ad
612 2250 254 46 omnia
781 2250 423 46 considerata
1090 2250 113 46 in

172 2330 163 41 tali
253 2330 225 41 scientia.

218 2403 258 57 Secundo
405 2403 305 57 arguitur,
640 2403 188 57 quia
758 2403 141 57 in
828 2403 305 57 scientiis
1040 2403 164 57 assi¬-

161 2479 281 58 gnatur
358 2479 394 58 communiter
667 2479 197 58 pro
780 2479 338 58 subjecto
1005 2479 197 58 primo

164 2555 286 60 aliquod
372 2555 312 60 commune,
606 2555 156 60 et
684 2555 182 60 per
788 2555 364 60 consequens
1048 2555 156 60 tale

171 2631 271 58 commune
368 2631 172 58 non
467 2631 271 58 poterit
664 2631 369 58 virtualiter
934 2631 271 58 continere

165 2705 331 61 passiones
419 2705 381 61 inferiorum,
724 2705 229 61 sicut
876 2705 178 61 nec
978 2705 203 61 ipsa
1080 2705 127 61 in¬

148 2789 213 41 feriora.

218 2869 182 57 (d)
322 2869 156 57 Ad
400 2869 286 57 primum,
608 2869 338 57 respondeo
867 2869 208 57 quod
971 2869 234 57 propor¬-

170 2941 162 59 tio
262 2941 254 59 objecti
447 2941 139 59 ad
516 2941 323 59 potentiam,
770 2941 185 59 etc.
886 2941 139 59 Si
955 2941 185 59 enim
1047 2941 162 59 obje¬-

174 3018 212 58 ctum
306 3018 371 58 comparatur
597 3018 159 58 ad
677 3018 265 58 actum,
862 3018 185 58 est
968 3018 185 58 ibi
1047 3018 159 58 pro¬-

169 3098 254 55 portio
346 3098 254 55 causae
524 3098 152 55 ad
600 3098 304 55 effectum
828 3098 127 55 ;
878 3098 152 55 ut
955 3098 203 55 vero
1056 3098 152 55 pro¬-

170 3169 234 59 ducit
326 3169 260 59 saltem
508 3169 390 59 partialiter
821 3169 234 59 actum
977 3169 234 59 illum
1107 3169 104 59 in

167 3246 348 59 potentia,
435 3246 188 59 est
542 3246 214 59 tunc
676 3246 348 59 proportio
944 3246 268 59 motivi
1105 3246 107 59 ad

170 3327 137 53 m
224 3327 274 53 >bile.
416 3327 301 53 Dicitur
635 3327 219 53 enim
772 3327 329 53 objectum
991 3327 219 53 movere

176 3399 329 61 potentiam
428 3399 177 61 pro
530 3399 253 61 quanto
707 3399 303 61 producit
934 3399 278 61 aiiquid
1111 3399 101 61 in

176 3475 336 60 potentia,
435 3475 155 60 et
512 3475 310 60 potentia
745 3475 284 60 dicitur
952 3475 258 60 moveri
1107 3475 103 60 ab

176 3550 259 63 objecto
365 3550 165 63 pro
459 3550 235 63 quanto
623 3550 259 63 aliquid
811 3550 259 63 recipit
999 3550 141 63 ab
1046 3550 165 63 illo,

174 3626 156 62 et
252 3626 261 62 quando
435 3626 287 62 aliquod
643 3626 235 62 agens
800 3626 209 62 agit
930 3626 156 62 in
982 3626 235 62 aliquid

1242 341 271 56 passum,
1439 341 320 56 quodlibet
1686 341 271 56 ejusdem
1883 341 296 56 rationis
2080 341 197 56 potest

1248 417 215 57 agere
1392 417 143 57 in
1463 417 191 57 tale
1583 417 239 57 passum
1750 417 120 57 ;
1798 417 143 57 et
1870 417 311 57 similiter
2085 417 191 57 quando

1246 491 258 59 aliquod
1433 491 234 59 passum
1597 491 234 59 potest
1761 491 188 59 pati
1878 491 141 59 ab
1949 491 258 59 aliquo,
2113 491 164 59 quod¬-

1245 567 211 58 libet
1385 567 258 58 ejusdem
1573 567 282 58 rationis
1784 567 235 58 potest
1948 567 188 58 pati
2066 567 141 58 ab
2113 567 164 58 illo,

1245 643 148 57 et
1319 643 221 57 etiam
1467 643 197 57 pati
1590 643 123 57 a
1639 643 295 57 quolibet
1861 643 271 57 eiusdem
2033 643 246 57 rationis

1244 719 181 57 cum
1348 719 233 57 illo.
1503 719 336 57 Exemplum,
1761 719 155 57 si
1839 719 284 57 aliquod
2020 719 258 57 visibile

1245 799 240 53 potest
1413 799 216 53 agere
1557 799 144 53 in
1629 799 264 53 aliquam
1821 799 312 53 potentiam
2037 799 240 53 visivam,

1245 873 313 55 quodlibet
1486 873 289 55 visibile
1703 873 265 55 ejusdem
1895 873 289 55 rationis
2088 873 193 55 potest

1244 952 306 56 similiter
1480 952 235 56 agere;
1645 952 141 56 et
1715 952 306 56 similiter
1951 952 141 56 si
2021 952 235 56 aliqua
2162 952 118 56 po¬-

1248 1029 219 55 tentia
1401 1029 175 55 nata
1511 1029 153 55 est
1598 1029 175 55 pati
1708 1029 131 55 ab
1774 1029 219 55 aliquo
1927 1029 285 55 visibili,
2124 1029 153 55 quae¬-

1245 1103 206 56 libet
1383 1103 252 56 ejusdem
1566 1103 275 56 rationis
1773 1103 183 56 nata
1887 1103 161 56 est
1979 1103 183 56 pati
2094 1103 138 56 ab
2139 1103 138 56 illo

1245 1182 282 54 visibili
1457 1182 141 54 et
1528 1182 118 54 a
1575 1182 282 54 quolibet
1787 1182 259 54 ejusdem
1975 1182 282 54 rationis
2163 1182 118 54 cum

1247 1259 197 55 illo
1370 1259 320 55 visibili,
1617 1259 148 55 et
1690 1259 172 55 sic
1789 1259 295 55 sequitur
2010 1259 197 55 quod
2109 1259 172 55 prima

1247 1336 278 53 extrema
1449 1336 404 53 proportionis
1778 1336 253 53 activi
1954 1336 152 53 ad
2005 1336 278 53 passivum,

1243 1413 219 53 sunt
1380 1413 329 53 communia
1627 1413 165 53 ad
1709 1413 247 53 omnia
1874 1413 192 53 per
1983 1413 165 53 se
2038 1413 247 53 extrema

1247 1488 231 55 illius
1408 1488 392 55 proportionis.
1731 1488 138 55 Et
1801 1488 185 55 haec
1916 1488 323 55 propositio
2147 1488 138 55 pro¬-

1246 1564 242 54 lixius
1415 1564 169 54 est
1512 1564 290 54 exposita
1730 1564 145 54 in
1802 1564 145 54 2.
1875 1564 218 54 dist.
2020 1564 145 54 9.
2092 1564 169 54 ubi
2165 1564 121 54 ad¬-

1248 1641 222 57 duxit
1396 1641 246 57 multas
1569 1641 345 57 instantias
1840 1641 172 57 pro
1938 1641 246 57 majori
2086 1641 197 57 decla¬-

1246 1719 249 53 ratione
1428 1719 385 53 proportionis,
1745 1719 181 53 vide
1835 1719 136 53 ibi.

1300 1797 146 53 In
1373 1797 342 53 proposito,
1641 1797 293 53 objectum
1861 1797 146 53 ad
1934 1797 269 53 habitum
2105 1797 171 53 prae¬-

1249 1872 202 51 cise
1375 1872 152 51 se
1451 1872 227 51 habet
1603 1872 152 51 ut
1678 1872 227 51 causa
1830 1872 152 51 ad
1906 1872 329 51 effectum,
2133 1872 152 51 ideo

1247 1950 182 52 non
1351 1950 313 52 sequitur
1586 1950 208 52 quod
1716 1950 156 52 si
1794 1950 234 52 causa
1950 1950 313 52 communis
2159 1950 130 52 po¬-

1251 2027 197 52 test
1375 2027 272 52 causare
1572 2027 272 52 aliquem
1770 2027 321 52 effectum,
2016 2027 197 52 quod
2115 2027 173 52 etiam

1255 2103 212 53 causa
1397 2103 377 53 particularis
1703 2103 235 53 possit
1867 2103 212 53 illum
2009 2103 282 53 causare.
2197 2103 94 53 Et

1251 2179 292 53 accipit
1464 2179 292 53 habitum
1677 2179 186 53 non
1783 2179 266 53 tantum
1969 2179 186 53 pro
2049 2179 239 53 notitia

1253 2256 405 51 conclusionis
1582 2256 430 51 demonstratae,
1936 2256 177 51 sed
2037 2256 228 51 etiam
2164 2256 127 51 pro

1253 2333 185 53 illa
1368 2333 324 53 habitudine
1623 2333 324 53 necessaria
1877 2333 300 53 passionis
2108 2333 139 53 ad
2154 2333 139 53 sub¬-

1245 2409 295 54 jectum.
1460 2409 188 54 Non
1567 2409 215 54 enim
1701 2409 322 54 sequitur
1943 2409 215 54 quod
2077 2409 161 54 si
2131 2409 161 54 homo

1250 2485 168 50 in
1334 2485 337 50 communi,
1587 2485 337 50 mediante
1839 2485 196 50 sua
1923 2485 365 50 differentia

1255 2561 337 54 specifica,
1520 2561 241 54 potest
1689 2561 313 54 adaequate
1930 2561 265 54 causare
2098 2561 193 54 passi¬-

1255 2638 196 54 onem
1378 2638 147 54 et
1452 2638 393 54 inhaerenliam
1771 2638 245 54 illius
1942 2638 147 54 ad
1992 2638 294 54 subjectum,

1255 2715 213 52 quod
1389 2715 293 52 Joannes
1602 2715 266 52 possit
1788 2715 240 52 illam
1948 2715 320 52 causare;
2161 2715 133 52 nec

1254 2790 348 54 similiter
1522 2790 321 54 sequitur
1762 2790 214 54 quod
1896 2790 160 54 si
1976 2790 214 54 homo
2083 2790 214 54 potest

1258 2867 271 42 causare
1456 2867 321 42 evidentem
1702 2867 296 42 notitiam
1924 2867 247 42 illius
2072 2867 222 42 conclu¬-

1258 2944 271 52 sionis,
1455 2944 197 52 quod
1579 2944 271 52 Joannes
1776 2944 271 52 possit.
1973 2944 222 52 Patet
2121 2944 148 52 ut
2170 2944 123 52 su¬-

1257 3020 203 53 pra,
1383 3020 203 53 quia
1510 3020 431 53 circumscripto
1864 3020 203 53 omni
1991 3020 203 53 alio
2118 3020 152 53 ab
2168 3020 127 53 ho¬-

1267 3095 350 51 mine,stante
1547 3095 257 51 ratione
1733 3095 257 51 formali
1920 3095 233 51 illius
2060 3095 233 51 hominis,

1258 3173 248 54 potest
1432 3173 272 54 causare
1630 3173 347 54 evidentiam
1902 3173 223 54 hujus
2050 3173 223 54 :homo
2174 3173 124 54 est

1262 3250 328 52 risibilis;
1519 3250 141 52 et
1589 3250 234 52 posito
1753 3250 187 52 omni
1870 3250 187 52 alio
1988 3250 141 52 et
2058 3250 187 52 ipso
2151 3250 141 52 cir¬-

1261 3326 346 53 cumscripto
1533 3326 173 53 non
1632 3326 247 53 potest
1805 3326 321 53 evidenter
2052 3326 247 53 sciri,
2200 3326 99 53 ut

1262 3400 217 57 supra
1406 3400 289 57 exposui.
1623 3400 145 57 Et
1696 3400 193 57 ideo
1816 3400 169 57 non
1888 3400 410 57 valet,inferiora

1265 3478 276 54 possunt
1466 3478 276 54 causare
1667 3478 301 54 notitiam
1892 3478 377 54 superiorum,
2169 3478 126 54 er¬-

1264 3554 144 54 go
1336 3554 265 54 habitum
1529 3554 481 54 scienlificum,non
1938 3554 313 54 sequitur,
2155 3554 144 54 quia

1263 3629 217 53 licet
1407 3629 265 53 possint
1600 3629 265 53 causare
1793 3629 289 53 notitiam
1986 3629 313 53 incomplexam
