2682 3979
339 401 240 56 istius
507 401 240 56 minime
674 401 359 56 concludunt,
962 401 240 56 essent
1129 401 192 56 enim
1225 401 144 56 alia

340 482 318 55 argumenta
584 482 220 55 multo
706 482 342 55 efficaciora.

393 553 233 60 Ultimo
556 553 233 60 arguit
719 553 326 60 Gregorius,
976 553 187 60 quia
1069 553 303 60 splirvrici¬-

341 631 161 57 tas
433 631 161 57 est
525 631 230 57 passio
685 631 138 57 de
754 631 207 57 coelo
892 631 138 57 et
961 631 230 57 astris
1099 631 275 57 demonstra¬-

342 705 207 48 bilis
480 705 138 48 2.
549 705 230 48 Coeli.
710 705 207 48 text.
848 705 138 48 c.
916 705 161 48 22.
1008 705 138 48 et
1077 705 161 48 48.
1169 705 138 48 et
1215 705 161 48 tamen

342 779 245 55 coelum
514 779 172 55 non
612 779 172 55 est
711 779 221 55 causa
858 779 319 55 effectiva
1103 779 172 55 sum
1177 779 196 55 sphse-

345 858 280 52 ricitatis
561 858 151 52 cum
647 858 173 52 illa
755 858 151 52 sit
842 858 259 52 aeterna,
1036 858 129 52 et
1101 858 151 52 res
1165 858 216 52 aeterna;

341 932 337 48 secundum
594 932 422 48 Aristotelem
931 932 197 48 non
1044 932 281 48 habent
1212 932 169 48 cau¬-

343 1017 198 50 sam
428 1017 283 50 agentem.

396 1081 435 60 Respondetur
744 1081 290 60 primo,
948 1081 232 60 quod
1064 1081 319 60 subjectum

349 1157 172 60 non
448 1157 172 60 est
546 1157 270 60 proprie
743 1157 246 60 causa,
915 1157 148 60 ut
989 1157 197 60 dixi
1112 1157 246 60 supra.
1259 1157 123 60 Se¬-

344 1232 290 61 cundo,
547 1232 232 61 quod
692 1232 319 61 etiamsi
923 1232 319 61 ponatur
1126 1232 261 61 propria

348 1311 274 57 causa,
539 1311 191 57 non
649 1311 328 57 sequitur
895 1311 219 57 quod
1031 1311 328 57 aeternum
1250 1311 137 57 non

347 1387 275 59 habeat
539 1387 330 59 propriam
786 1387 275 59 causam
978 1387 412 59 effectivam,
1280 1387 110 59 ut

354 1462 202 60 patet
488 1462 112 60 a
533 1462 202 60 Scoto
668 1462 135 60 in
735 1462 112 60 2
780 1462 135 60 d.
848 1462 135 60 1.
915 1462 135 60 q.
983 1462 135 60 3.
1050 1462 135 60 et
1117 1462 135 60 in
1185 1462 135 60 1.
1230 1462 157 60 dist.

353 1536 138 61 8.
422 1536 253 61 qusest.
606 1536 184 61 ult.
721 1536 207 61 etiam
859 1536 138 61 ad
927 1536 230 61 mentem
1065 1536 322 61 Aristotelis.

351 1614 239 59 Verum
511 1614 213 59 est,
644 1614 213 59 quod
777 1614 239 59 causa
937 1614 346 59 effectiva
1203 1614 186 59 est
1283 1614 106 59 in

353 1689 272 62 duplici
551 1689 272 62 genere.
749 1689 272 62 Quaedam
946 1689 173 62 est
1045 1689 198 62 quae
1144 1689 247 62 producit

350 1768 240 58 aliud
510 1768 187 58 per
617 1768 240 58 motum
777 1768 187 58 vel
884 1768 187 58 per
991 1768 400 58 mutationem,
1284 1768 107 58 et

356 1843 194 59 talis
486 1843 151 59 non
572 1843 151 59 est
658 1843 258 59 alicujus
852 1843 258 59 aeterni,
1045 1843 172 59 quia
1153 1843 172 59 esse
1239 1843 151 59 talis

355 1920 283 59 producti
567 1920 141 59 de
638 1920 353 59 necessitate
921 1920 330 59 praecessit
1180 1920 165 59 non
1251 1920 141 59 esse

354 1998 231 56 illius
516 1998 324 56 duratione,
770 1998 139 56 ut
839 1998 208 56 patet
978 1998 116 56 a
1024 1998 208 56 Scoto
1163 1998 139 56 in
1209 1998 185 56 secun¬-

356 2072 173 59 do.
455 2072 198 59 Alia
579 2072 173 59 est
677 2072 198 59 quae
801 2072 296 59 producit
1023 2072 247 59 aliud,
1196 2072 173 59 non
1270 2072 124 59 per

355 2147 240 60 motum
515 2147 187 60 vel
622 2147 187 60 per
729 2147 400 60 mutationem,
1048 2147 160 60 et
1128 2147 213 60 tale
1235 2147 160 60 pro¬-

357 2229 252 59 ductum
533 2229 252 59 potest
710 2229 202 59 esse
836 2229 328 59 aeternum,
1088 2229 151 59 ut
1139 2229 252 59 singula¬-

359 2304 217 62 riter
503 2304 241 62 probat
672 2304 241 62 Scotus
840 2304 144 62 in
913 2304 144 62 1.
985 2304 144 62 d.
1057 2304 144 62 8.
1129 2304 144 62 q.
1201 2304 193 62 ult.
1298 2304 96 62 et

362 2386 126 55 in
425 2386 126 55 2.
488 2386 126 55 d.
550 2386 126 55 1.
613 2386 126 55 q.
676 2386 126 55 3.
739 2386 126 55 et
781 2386 167 55 alibi.

414 2457 277 60 Secundo
615 2457 428 60 principaliter
968 2457 252 60 arguit
1119 2457 277 60 Alphonsus

359 2532 330 60 Toletanus
612 2532 330 60 inproloj.
866 2532 152 60 q.
942 2532 152 60 6.
1018 2532 330 60 probando,
1246 2532 152 60 quod

359 2609 328 61 subjectum
611 2609 177 61 non
712 2609 303 61 continet
939 2609 378 61 virtualiter
1216 2609 177 61 prae¬-

361 2684 265 61 dicatum
554 2684 193 61 sive
674 2684 289 61 propriam
892 2684 314 61 passionem
1133 2684 169 61 sic
1229 2684 121 61 :
1253 2684 145 61 quia

358 2760 322 62 quandoque
606 2760 371 62 praedicatum
902 2760 173 62 est
1001 2760 346 62 perfectius
1249 2760 148 62 sub¬-

349 2837 261 61 jecto,
532 2837 235 61 sicut
689 2837 235 61 patet
845 2837 261 61 quando
1002 2837 392 61 demonstratur,

357 2911 198 63 quod
481 2911 223 63 forma
630 2911 421 63 substantialis
976 2911 248 63 potest
1125 2911 272 63 informare

353 2989 349 59 materiam,
622 2989 161 59 et
702 2989 429 59 imperfectius
1051 2989 188 59 non
1132 2989 268 59 continet

360 3064 331 62 virtualiter
625 3064 331 62 perfectius.
890 3064 177 62 Haec
1000 3064 199 62 ille.
1132 3064 154 62 Sed
1198 3064 199 62 judicio

357 3140 191 61 meo
466 3140 164 61 in
548 3140 191 61 hac
657 3140 246 61 parte
821 3140 191 61 non
930 3140 246 61 habet
1094 3140 273 61 mentem
1258 3140 137 61 ve¬-

360 3216 272 62 ctoris;
558 3216 198 62 mens
682 3216 198 62 enim
805 3216 223 62 Scoti
954 3216 198 62 est,
1077 3216 198 62 quod
1176 3216 223 62 propria

359 3292 253 65 passio
536 3292 456 65 demonstrabilis
916 3292 152 65 de
992 3292 304 65 subjecto
1194 3292 203 65 conti¬-

364 3366 224 58 neatur
520 3366 336 58 virtualiter
789 3366 134 58 in
856 3366 202 58 illo,
991 3366 134 58 et
1058 3366 157 58 sic
1148 3366 202 58 patet
1260 3366 134 58 quod

359 3445 272 64 propria
557 3445 247 64 passio
730 3445 173 64 non
829 3445 173 64 est
928 3445 222 64 forma
1076 3445 247 64 ipsius
1224 3445 173 64 mate¬-

358 3519 217 59 riae.
503 3519 145 59 Et
575 3519 169 59 cum
672 3519 241 59 dicit,
841 3519 193 59 quod
961 3519 386 59 demonstratur
1251 3519 145 59 for¬-

357 3596 181 58 mam
461 3596 441 58 substantialem
824 3596 233 58 posse
979 3596 337 58 informare
1213 3596 181 58 mate¬-

356 3672 228 61 riam,
508 3672 228 61 dico,
660 3672 203 61 quod
787 3672 203 61 haec
914 3672 178 61 est
1015 3672 279 61 propria
1193 3672 203 61 passio

1422 385 304 64 materiae,
1656 385 187 64 quod
1773 385 164 64 sit
1867 385 375 64 informabilis
2171 385 258 64 mediate
2335 385 117 64 vel

1422 467 269 48 immediate
1629 467 186 48 forma
1753 467 352 48 substantiali-
2043 467 124 48 Et
2105 467 165 48 dico
2208 467 145 48 me-
2291 467 124 48 in
2332 467 145 48 eodem

1427 545 175 58 diate
1543 545 214 58 propter
1699 545 312 58 pluralitatem
1952 545 253 58 formarum,
2147 545 156 58 quae
2244 545 156 58 esse
2322 545 156 58 forma¬-

1426 622 236 57 possunt
1597 622 172 57 esse
1705 622 129 57 in
1769 622 215 57 eodem,
1920 622 129 57 ut
1984 622 193 57 patet
2113 622 107 57 a
2156 622 193 57 Scoto
2285 622 193 57 ntas.
2392 622 86 57 i.

1427 698 137 58 in
1496 698 137 58 4.
1564 698 137 58 d.
1632 698 160 58 12.
1724 698 182 58 Ista
1838 698 274 58 aptitudo
2043 698 182 58 quod
2157 698 160 58 est
2248 698 182 58 esse
2339 698 114 58 in¬-

1428 772 344 58 formabile,
1698 772 172 58 est
1797 772 270 58 propria
1993 772 245 58 passio
2165 772 294 58 materiae
2361 772 98 58 et

1428 849 442 57 demonstrabilis
1797 849 147 57 de
1870 849 221 57 ipsa,
2017 849 147 57 et
2091 849 172 57 non
2189 849 221 57 forma
2312 849 147 57 sub¬-

1429 927 361 54 stantialis,
1718 927 144 54 ut
1790 927 216 54 patet
1934 927 313 54 intuenti;
2174 927 216 54 sicut
2295 927 168 54 etiam

1432 1002 284 56 dicimus
1639 1002 206 56 quod
1768 1002 206 56 esse
1897 1002 439 56 bealificabile
2232 1002 232 56 objecto

1433 1078 329 57 beatifico,
1691 1078 164 57 est
1785 1078 235 57 passio
1949 1078 305 57 creaturae
2161 1078 305 57 rationalis,

1437 1154 187 58 ergo
1553 1154 280 58 objectum
1764 1154 327 58 beatificum
2021 1154 164 58 est
2114 1154 234 58 passio
2255 1154 210 58 illius,

1435 1231 161 47 non
1527 1231 229 47 valet.
1687 1231 298 47 Similiter
1917 1231 183 47 esse
2031 1231 390 47 beatificabile
2329 1231 138 47 bea-

1438 1306 287 58 titudine
1653 1306 287 58 formali,
1868 1306 167 58 est
1964 1306 239 58 passio
2131 1306 239 58 ipsius
2298 1306 119 58 ;
2322 1306 143 58 ergo

1438 1382 291 57 bealitudo
1662 1382 202 57 illa,
1796 1382 179 57 puta
1908 1382 269 57 fruitio,
2110 1382 157 57 est
2200 1382 224 57 passio
2334 1382 135 57 pro¬-

1436 1460 196 56 prie
1559 1460 270 56 sumpta,
1755 1460 441 56 demonstrabilis
2123 1460 147 56 de
2196 1460 294 56 subjecto
2392 1460 74 56 ;

1436 1535 239 58 patet
1595 1535 186 58 hoc
1701 1535 212 58 esse
1833 1535 292 58 falsum,
2045 1535 212 58 quia
2178 1535 265 58 quando
2337 1535 133 58 de¬-

1438 1614 344 56 monstratur
1709 1614 246 56 passio
1881 1614 148 56 de
1955 1614 320 56 subjecto,
2176 1614 295 56 demonstra¬-

1439 1689 165 54 tur
1534 1689 329 54 necessitas
1792 1689 376 54 inhaerentiae
2098 1689 212 54 unius
2239 1689 141 54 ad
2286 1689 188 54 aliud,

1438 1765 196 58 cum
1550 1765 448 58 demonstratio
1914 1765 308 58 proprie
2138 1765 280 58 sumpta
2334 1765 168 58 et
2390 1765 84 58 a

1441 1840 265 55 priori,
1634 1840 169 55 sit
1730 1840 144 55 de
1802 1840 385 55 necessariis,
2115 1840 241 55 saltem
2283 1840 144 55 de
2332 1840 144 55 com¬-

1440 1917 272 58 plexis,
1638 1917 222 58 patet
1786 1917 123 58 a
1835 1917 222 58 Scoto
1983 1917 148 58 in
2057 1917 296 58 prologo.
2280 1917 173 58 Sic
2354 1917 123 58 est

1439 1993 159 55 in
1519 1993 346 55 proposito
1785 1993 159 55 de
1865 1993 319 55 materia.
2104 1993 186 55 Hoc
2210 1993 213 55 idem
2317 1993 159 55 dico

1444 2068 144 60 de
1516 2068 240 60 forma,
1684 2068 168 60 nam
1780 2068 216 60 forma
1924 2068 408 60 substantialis
2260 2068 168 60 est
2332 2068 144 60 apta

1440 2146 197 58 nata
1563 2146 320 58 informare
1810 2146 320 58 materiam,
2056 2146 148 58 et
2129 2146 197 58 haec
2253 2146 172 58 est
2326 2146 148 58 pas¬-

1443 2222 172 58 sio
1542 2222 443 58 demonstrabilis
1911 2222 148 58 de
1984 2222 197 58 illa
2107 2222 123 58 ;
2156 2222 197 58 ergo
2255 2222 221 58 materia

1443 2298 165 58 est
1538 2298 236 58 passio
1703 2298 236 58 ipsius
1867 2298 259 58 formae,
2056 2298 212 58 patet
2197 2298 188 58 esse
2292 2298 188 58 falsum

1445 2375 148 47 et
1519 2375 173 47 sic
1618 2375 222 47 nihil
1766 2375 247 47 contra
1939 2375 321 47 Doctorem.
2187 2375 222 47 Multi
2310 2375 173 47 etiam

1445 2448 203 61 alii
1571 2448 253 61 contra
1749 2448 253 61 primam
1926 2448 405 61 conclusionem
2230 2448 253 61 arguunt»

1444 2525 153 60 ut
1520 2525 331 60 Gulielmus
1774 2525 254 60 Occham
1952 2525 153 60 in
2028 2525 305 60 prologo,
2257 2525 153 60 q.
2333 2525 153 60 6.
2384 2525 102 60 et

1446 2601 228 59 multi
1598 2601 202 59 alii
1724 2601 405 59 posteriores,
2053 2601 253 59 quorum
2205 2601 278 59 argumenta

1446 2676 148 60 ex
1520 2676 247 60 dictis
1693 2676 222 60 supra
1842 2676 321 60 facillime
2089 2676 346 60 solvuntur,
2336 2676 148 60 quia

1443 2755 254 58 parum
1612 2755 197 58 vel
1725 2755 282 58 minime
1922 2755 394 58 discrepant
2232 2755 169 58 ab
2288 2755 197 58 argu¬-

1448 2832 240 56 mentis
1616 2832 288 56 Gregorii
1831 2832 144 56 et
1879 2832 264 56 Alphonsi.

1499 2903 254 63 Contra
1676 2903 304 63 secundam
1904 2903 406 63 conclusionem
2234 2903 254 63 arguit
2386 2903 127 63 20.

1447 2980 362 62 Gregorius,
1731 2980 181 62 ubi
1835 2980 258 62 supra,
2016 2980 310 62 probando
2248 2980 207 62 quod
2352 2980 129 62 no¬-

1446 3056 228 59 titia
1598 3056 305 59 subjecti
1826 3056 178 59 non
1928 3056 330 59 contineat
2156 3056 330 59 virtualiter

1447 3134 312 61 notitiam
1681 3134 364 61 passionis,
1967 3134 156 61 et
2044 3134 182 61 sic
2148 3134 338 61 deinceps,
2382 3134 104 61 ut

1452 3208 170 65 dixi
1558 3208 127 65 in
1622 3208 318 65 conclusione
1876 3208 212 65 supra.
2025 3208 127 65 Et
2089 3208 191 65 primo
2216 3208 212 65 arguit
2343 3208 170 65 Primum

1449 3282 152 70 sic
1536 3282 109 70 :
1580 3282 195 70 Omnis
1710 3282 239 70 notitia
1883 3282 195 70 primo
2014 3282 282 70 continens
2231 3282 174 70 vir-
2318 3282 195 70 arf“™e'

1447 3362 311 64 tualiler
1680 3362 233 64 aliam
1836 3362 337 64 notitiam,
2095 3362 311 64 continet
2302 3362 181 64 primo

1443 3438 371 66 virtualiter
1740 3438 223 66 omnem
1888 3438 223 66 aliam
2037 3438 297 66 notitiam
2259 3438 198 66 sine
2358 3438 124 66 qua

1449 3515 338 60 causaliter
1714 3515 193 60 illa
1835 3515 241 60 haberi
2004 3515 169 60 non
2101 3515 266 60 potest;
2294 3515 169 60 sed
2366 3515 121 60 no¬-

1448 3590 227 57 titia
1599 3590 303 57 subjecti
1826 3590 177 57 non
1927 3590 177 57 sic
2028 3590 303 57 continet
2230 3590 252 57 notitiam

1446 3667 345 64 passionis,
1718 3667 222 64 patet
1866 3667 148 64 de
1940 3667 271 64 multis,
2137 3667 197 64 quia
2260 3667 197 64 esse
2359 3667 123 64 in-
