2653 3979
144 313 329 63 formabile
397 313 177 63 est
498 313 253 63 passio
676 313 329 63 materiae;
929 313 203 63 esse
1030 313 152 63 bea-

149 392 321 60 tificabile
402 392 230 60 passio
562 392 321 60 rationalis
815 392 321 60 creaturae;
1044 392 138 60 esse

143 470 297 54 risibile
366 470 247 54 passio
539 470 297 54 hominis,
762 470 148 54 et
836 470 173 54 sic
935 470 148 54 de
984 470 198 54 aliis.

147 546 233 61 Istae
302 546 207 61 sunt
432 546 337 61 passiones
691 546 440 61 connotativae,
1028 546 155 61 quia

145 625 300 59 connotant
375 625 161 59 res
468 625 323 59 distinctas
721 625 115 59 a
767 625 300 59 subjecto,
998 625 138 59 ut
1044 625 138 59 esse

143 699 381 50 informabile
447 699 305 50 connotat
676 699 254 50 formam
853 699 355 50 distinctam
1107 699 76 50 a

145 777 283 51 materia;
358 777 189 51 esse
476 777 401 51 beatificabile
806 777 283 51 connotat
994 777 189 51 beati-

147 851 319 52 ludinem,
387 851 160 52 ut
467 851 186 52 rem
573 851 372 52 distinctam
866 851 133 52 a
892 851 293 52 rationali

150 932 282 48 creatura
361 932 117 48 ;
408 932 188 48 esse
525 932 282 48 risibile
737 932 282 48 connotat
948 932 211 48 actum
1066 932 117 48 ri¬-

149 1005 240 60 dendi,
317 1005 144 60 et
389 1005 168 60 sic
484 1005 144 60 de
556 1005 240 60 aliis.
724 1005 263 60 Constat
916 1005 216 60 autem
1035 1005 144 60 quod

146 1082 259 50 notitia
335 1082 282 50 materiae
547 1082 165 50 non
641 1082 282 50 continet
853 1082 282 50 notitiam
1041 1082 141 50 for¬-

146 1156 169 56 mae
242 1156 217 56 primo
387 1156 386 56 Virtual!ter,
701 1156 217 56 cujus
845 1156 217 56 tamen
966 1156 217 56 notitia

147 1239 336 55 causaliter
411 1239 384 55 praeexigitur
724 1239 144 55 ad
796 1239 288 55 notitiam
988 1239 192 55 illius

146 1315 330 53 passionis;
406 1315 330 53 similiter,
665 1315 165 53 nec
759 1315 259 53 notitia
924 1315 259 53 creaturae

145 1390 330 54 rationalis
405 1390 212 54 primo
547 1390 354 54 virlualiter
830 1390 283 54 continet
1019 1390 165 54 noti¬-

146 1467 208 51 tiam
276 1467 415 51 beatitudinis
613 1467 130 51 ,
665 1467 182 51 nec
769 1467 285 51 notitia
950 1467 234 51 hominis

146 1542 233 58 actum
301 1542 311 58 ridendi.
535 1542 155 58 Et
612 1542 207 58 haec
742 1542 233 58 omnia
871 1542 311 58 probantur,

149 1622 188 58 quia
266 1622 211 58 nulla
407 1622 258 58 notitia
595 1622 211 58 unius
736 1622 164 58 rei
830 1622 282 58 continet
1018 1622 164 58 primo

145 1698 354 57 virtualiler
429 1698 283 57 notitiam
641 1698 307 57 alterius,
877 1698 189 57 quia
995 1698 165 57 aut
1066 1698 118 57 in-

150 1775 241 58 tuitiva
325 1775 263 58 continet
523 1775 351 58 intuitivam';
807 1775 131 58 et
873 1775 153 58 hoc
961 1775 175 58 non,
1049 1775 131 58 quia

147 1852 173 57 per
246 1852 296 57 notitiam
468 1852 346 57 intuitivam
740 1852 222 57 unius
889 1852 173 57 rei
987 1852 173 57 non
1061 1852 124 57 po¬-

145 1928 208 46 test
275 1928 260 46 haberi
457 1928 338 46 intuitiva
716 1928 312 46 alterius
950 1928 208 46 rei.
1054 1928 130 46 Tum

146 2006 213 56 quia
279 2006 239 56 multo
439 2006 239 56 magis
598 2006 346 56 hujusmodi
864 2006 292 56 notitia
1050 2006 133 56 po¬-

150 2082 184 55 test
265 2082 253 55 causari
449 2082 138 55 ab
518 2082 253 55 ipsamet
702 2082 161 55 re,
794 2082 207 55 cujus
932 2082 161 55 est
1001 2082 184 55 intui¬-

148 2161 222 52 tiva,
296 2161 148 52 et
370 2161 173 52 per
469 2161 345 52 consequens
740 2161 173 52 non
839 2161 222 52 primo
962 2161 222 52 virlua-

149 2236 198 51 titer
281 2236 308 51 continetur
523 2236 110 51 a
567 2236 242 51 notitia
744 2236 286 51 intuitiva
942 2236 242 51 alterius;

148 2311 169 46 aut
244 2311 265 46 notitia
437 2311 361 46 abstractiva
726 2311 217 46 unius
871 2311 289 46 continet
1064 2311 120 46 no¬-

149 2388 242 55 titiam
318 2388 339 55 intuitivam
585 2388 315 55 alterius,
827 2388 145 55 et
899 2388 170 55 hoc
996 2388 194 55 non,
1093 2388 97 55 ut

144 2466 268 54 patet.
332 2466 187 54 Tum
439 2466 214 54 quia
572 2466 401 54 abstractiva
894 2466 187 54 non
974 2466 214 54 potest

145 2542 226 55 esse
286 2542 282 55 prima,
483 2542 198 55 nec
596 2542 198 55 per
709 2542 395 55 consequens
991 2542 198 55 primo

147 2618 406 56 continere.
466 2618 203 56 Tum
582 2618 232 56 quia
728 2618 261 56 multo
902 2618 261 56 minus
1047 2618 145 56 per

153 2694 378 54 abstractivam
460 2694 212 54 unius
602 2694 165 54 rei
696 2694 236 54 potent
862 2694 236 54 haberi
1003 2694 189 54 intui¬-

156 2770 198 54 tiva
280 2770 296 54 alterius
502 2770 198 54 quam
626 2770 173 54 per
725 2770 371 54 intuitivam,
1021 2770 148 54 et
1070 2770 124 54 se¬-

160 2839 272 55 cundum
350 2839 190 55 non
459 2839 190 55 est
568 2839 381 55 possibile,
867 2839 163 55 ut
921 2839 272 55 probatum

162 2911 188 53 est,
279 2911 211 53 ergo.
419 2911 164 53 Aut
513 2911 305 53 intuitiva
748 2911 211 53 unius
888 2911 281 53 continet
1076 2911 117 53 ab¬-

158 2980 346 56 stractivam
430 2980 322 56 alterius,
678 2980 148 56 et
752 2980 173 56 hoc
851 2980 198 56 non,
974 2980 198 56 quia
1073 2980 124 56 vel

156 3051 427 51 abstractivam
504 3051 321 51 communem
744 3051 347 51 confusam,
1011 3051 160 51 et
1064 3051 134 51 hoc

157 3122 185 54 non,
272 3122 185 54 quia
388 3122 208 54 talis
526 3122 208 54 etiam
665 3122 139 54 ab
734 3122 185 54 alio
850 3122 254 54 poterit
1011 3122 185 54 causa¬-

159 3191 165 53 ri,
254 3191 165 53 vel
348 3191 284 53 propriam
561 3191 142 53 et
632 3191 354 53 distinctam,
915 3191 142 53 et
986 3191 165 53 hoc
1057 3191 142 53 non,

161 3260 180 57 quia
274 3260 203 57 nulla
409 3260 203 57 talis
545 3260 225 57 potest
702 3260 248 57 haberi,
883 3260 180 57 nisi
973 3260 225 57 praelia-

156 3330 214 57 bita
290 3330 348 57 intuitiva
558 3330 294 57 ejusdem
772 3330 214 57 rei.
906 3330 187 57 Aut
986 3330 214 57 quarto

161 3402 390 46 abstractiva
473 3402 234 46 unius
629 3402 312 46 continet
838 3402 364 46 abstractivam

163 3473 330 56 alterius,
416 3473 152 56 et
492 3473 177 56 hoc
594 3473 203 56 non,
720 3473 279 56 propter
923 3473 254 56 causas
1075 3473 127 56 jam

164 3542 301 50 dictas,
383 3542 192 50 hoc
492 3542 192 50 est
602 3542 246 50 eorum
766 3542 329 50 Achilles
985 3542 219 50 contra

138 3616 252 42 Scotum,

1287 316 319 88 Respondetur
1542 316 106 88 :
1584 316 149 88 sed
1669 316 255 88 antequam
1861 316 234 88 respon-
2010 316 276 88 Exp201sjtio

1236 399 201 54 deam,
1370 399 223 54 expono
1526 399 358 54 conclusionem
1817 399 291 54 Doctoris,
2018 399 268 54 conclusio¬-

1236 476 268 54 conclusio
1442 476 165 54 enim
1545 476 206 54 nostra
1689 476 226 54 secunda
1854 476 206 54 potest
1998 476 185 54 Scoti
2101 476 185 54 tripii-

1234 551 304 57 triplicem
1467 551 234 57 habere
1631 551 257 57 sensum.
1818 551 257 57 Primum,
2005 551 187 57 quod
2099 551 187 57 potest

1232 632 242 52 notitia
1408 632 307 52 habitualis
1649 632 198 52 unius
1781 632 263 52 continet
1979 632 263 52 notitiam
2154 632 132 52 gUm,

1230 707 336 49 habitualem
1494 707 312 49 alterius.
1734 707 144 49 Et
1807 707 168 49 hic
1903 707 240 49 sensus
2071 707 168 49 est
2143 707 120 49 ve¬-

1233 784 188 56 rus,
1350 784 141 56 et
1420 784 164 56 hoc
1514 784 211 56 patet
1655 784 117 56 a
1702 784 211 56 Scoto
1843 784 164 56 ubi
1937 784 235 56 supra,
2102 784 141 56 et
2149 784 117 56 per

1231 861 227 57 illud
1382 861 202 57 quod
1508 861 303 57 scripsit
1735 861 151 57 in
1811 861 277 57 margine
2013 861 202 57 manu
2114 861 151 57 pro¬-

1232 939 218 58 pria,
1377 939 169 58 sic
1474 939 242 58 expono
1643 939 387 58 conclusionem
1933 939 193 58 istam.

1284 1013 337 59 Subjectum
1543 1013 207 59 enim
1673 1013 311 59 propriae
1906 1013 363 59 passionis,
2165 1013 104 59 ex

1234 1092 177 60 quo
1335 1092 303 60 continet
1562 1092 429 60 essentialiter
1890 1092 378 60 definitionem,

1232 1170 240 60 potest
1400 1170 265 60 causare
1593 1170 265 60 speciem
1785 1170 433 60 intelligibilem
2122 1170 144 60 sui,

1233 1245 459 62 repraesentantem
1620 1245 145 62 se
1692 1245 145 62 et
1765 1245 218 62 omnia
1910 1245 338 62 superiora;
2151 1245 121 62 vel

1234 1323 247 60 potest
1407 1323 272 60 causare
1605 1323 222 60 aliam
1753 1323 148 60 et
1827 1323 222 60 aliam
1976 1323 272 60 speciem
2148 1323 124 60 re¬-

1233 1399 242 60 spectu
1402 1399 291 60 alterius
1621 1399 145 60 et
1693 1399 291 60 alterius
1911 1399 364 60 superioris,
2178 1399 97 60 ut

1236 1476 194 59 satis
1366 1476 194 59 patet
1495 1476 108 59 a
1538 1476 237 59 vectore
1711 1476 129 59 in
1776 1476 129 59 1.
1841 1476 194 59 dist.
1970 1476 129 59 3.
2035 1476 237 59 qusest.
2186 1476 86 59 1.

1234 1552 307 59 Similiter
1471 1552 213 59 dico,
1613 1552 189 59 quod
1731 1552 284 59 respectu
1944 1552 284 59 propriae
2133 1552 142 59 pas¬-

1229 1629 310 57 sionis,
1454 1629 254 57 habet
1624 1629 226 57 unam
1765 1629 169 57 et
1849 1629 282 57 eamdem
2018 1629 254 57 speciem

1230 1705 471 62 intelligibilem,
1627 1705 471 62 repraesentantem
2023 1705 223 62 ipsam
2147 1705 124 62 sub

1234 1782 255 59 ratione
1419 1782 255 59 objecti
1604 1782 440 59 intelligibilis,
1974 1782 162 59 vel
2067 1782 208 59 aliam
2182 1782 93 59 et

1234 1863 242 52 aliam,
1403 1863 291 52 causatas
1622 1863 218 52 tamen
1767 1863 145 52 ab
1815 1863 170 52 ipso.

1286 1935 278 58 Secundo
1488 1935 303 58 suppono,
1715 1935 202 58 quod
1841 1935 278 58 notitia
2018 1935 252 58 habitua-

1237 2009 138 61 lis
1316 2009 177 61 nihil
1434 2009 177 61 aliud
1552 2009 138 61 est
1631 2009 158 61 quam
1730 2009 236 61 objectum
1907 2009 118 61 in
1966 2009 118 61 se
2025 2009 138 61 vel
2104 2009 158 61 quid
2183 2009 118 61 sit-

1233 2088 135 59 in
1301 2088 226 59 specie
1459 2088 383 59 intelligibili
1775 2088 271 59 perfecte
1978 2088 271 59 praesens
2158 2088 113 59 in¬-

1236 2164 329 59 tellectui,
1495 2164 165 59 ita
1589 2164 188 59 quod
1707 2164 282 59 objectum
1919 2164 141 59 in
1990 2164 141 59 se
2037 2164 235 59 perfecte

1234 2241 291 62 praesens
1452 2241 364 62 intellectui
1743 2241 145 62 et
1815 2241 145 62 in
1888 2241 170 62 sua
1961 2241 315 62 existentia,

1236 2318 280 55 dicitur
1439 2318 229 55 notum
1592 2318 408 55 habitualiter
1923 2318 127 55 ,
1974 2318 204 55 quia
2076 2318 204 55 statim

1236 2393 350 56 intellectus
1516 2393 164 56 cum
1609 2393 187 56 illo
1726 2393 280 56 objecto,
1937 2393 140 56 ut
2007 2393 187 56 duae
2100 2393 187 56 causae

1236 2470 377 60 partiales,
1532 2470 296 60 possunt
1748 2470 296 60 causare
1937 2470 350 60 cognitionem

1238 2544 359 57 intuitivam
1520 2544 128 57 ;
1572 2544 154 57 et
1648 2544 256 57 quando
1828 2544 231 57 illud
1982 2544 308 57 objectum
2187 2544 103 57 in

1240 2620 143 62 se
1312 2620 286 62 praesens
1526 2620 286 62 continet
1741 2620 215 62 plura
1884 2620 191 62 alia
1980 2620 310 62 virtualiter

1244 2700 139 59 et
1313 2700 301 59 perfecte,
1545 2700 185 59 illa
1661 2700 185 59 alia
1777 2700 278 59 contenta
1986 2700 162 59 per
2055 2700 232 59 praesen¬-

1242 2772 203 61 tiam
1368 2772 279 61 objecti
1571 2772 304 61 dicuntur
1799 2772 203 61 nota
1900 2772 380 61 habitualiter,

1243 2850 214 61 quia
1377 2850 241 61 ipsum
1538 2850 321 61 objectum
1778 2850 401 61 partialiter
2073 2850 214 61 potest

1247 2926 254 53 causare
1431 2926 277 53 notitiam
1639 2926 323 53 intuitivam
1893 2926 277 53 illorum,
2100 2926 138 53 si
2147 2926 138 53 nata

1245 3001 193 61 sint
1366 3001 290 61 cognosci
1583 3001 338 61 intuitive.
1849 3001 338 61 Similiter,
2091 3001 193 61 quando

1249 3078 276 61 objectum
1456 3078 161 61 non
1548 3078 161 61 est
1640 3078 276 61 praesens
1847 3078 138 61 in
1916 3078 138 61 se
1962 3078 322 61 intellectui,

1245 3156 169 57 sed
1342 3156 145 57 in
1414 3156 242 57 specie
1583 3156 411 57 intelligibili
1898 3156 387 57 repraesentante

1247 3231 250 61 ipsum,
1422 3231 275 61 dicitur
1622 3231 225 61 notum
1772 3231 400 61 habitualiter
2071 3231 225 61 notitia

1251 3307 389 50 abstractiva.
1567 3307 146 50 Et
1640 3307 316 50 similiter
1883 3307 292 50 contenta
2102 3307 146 50 in
2150 3307 146 50 illo

1254 3384 387 55 essentialiter
1573 3384 159 55 vel
1664 3384 341 55 virtualiter
1937 3384 296 55 perfecte,
2142 3384 159 55 sunt,

1251 3458 191 53 nota
1370 3458 381 53 habitualiter
1680 3458 262 53 notitia
1870 3458 381 53 abstractiva,
2156 3458 143 53 quia

1253 3529 230 55 talis
1407 3529 281 55 species
1611 3529 179 55 una
1713 3529 179 55 cum
1816 3529 383 55 intellectu,
2097 3529 204 55 potest

1257 3602 273 58 causare
1456 3602 298 58 notitiam
1680 3602 497 58 abstractivam,tam
2077 3602 224 58 objecti
