2653 3979
175 326 211 61 tinet
315 326 351 61 cognitionem
596 326 164 61 sui
689 326 328 61 habitualem
947 326 164 61 vel
1017 326 187 61 actua¬-

170 403 172 59 lem
269 403 147 59 ut
342 403 221 59 causa
489 403 343 59 partialis,
759 403 147 59 et
832 403 368 59 contentorum
1102 403 98 59 in

167 479 147 59 ea
241 479 368 59 virlualiler
536 479 123 59 ,
585 479 196 59 quod
707 479 196 59 ipsa
830 479 221 59 causa
953 479 245 59 partiali

163 556 167 57 non
259 556 359 57 concurrente
546 556 239 57 primo,
713 556 263 57 notitia
904 556 215 57 talis
1024 556 167 57 obje¬-

162 630 192 58 cti,
282 630 168 58 nec
378 630 359 58 contentorum
665 630 359 58 virlualiler
952 630 144 58 et
1000 630 192 58 perfe-

122 706 124 57 .
172 706 174 57 cte
271 706 149 57 in
345 706 198 57 illo
470 706 248 57 posset
643 706 273 57 causari
842 706 174 57 vel
941 706 248 57 haberi
1090 706 99 57 ab

157 781 240 61 aliquo
325 781 336 61 intellectu
589 781 264 61 creato,
782 781 144 61 ut
854 781 216 61 satis
974 781 216 61 probavi

156 858 147 59 in
229 858 147 59 2.
302 858 147 59 d.
376 858 122 59 3
425 858 147 59 q.
498 858 171 59 10.
596 858 318 59 glossando
841 858 171 59 ibi
914 858 269 59 Doctorem.

149 932 186 61 Non
256 932 292 61 debemus
468 932 212 61 ergo
600 932 186 61 sic
707 932 424 61 inlelligere,
1025 932 159 61 quod

151 1010 335 52 continens
409 1010 387 52 virtualiler
719 1010 310 52 notitiam
925 1010 258 52 alterius

146 1087 207 64 quod
276 1087 181 64 sic
379 1087 337 64 contineat
639 1087 156 64 ut
716 1087 233 64 causa
872 1087 311 64 totalis,
1079 1087 104 64 ut

146 1164 211 56 nulla
286 1164 188 56 alia
404 1164 329 56 concurrat,
662 1164 164 56 sed
756 1164 164 56 sic
849 1164 282 56 continet
1037 1164 141 56 par¬-

141 1240 313 60 tialiter,
382 1240 193 60 quod
502 1240 193 60 ejus
622 1240 337 60 causalilas
887 1240 313 60 partialis
1104 1240 72 60 a

135 1314 227 61 nullo
286 1314 253 61 possit
463 1314 329 61 suppleri,
716 1314 202 61 nisi
842 1314 227 61 forte
994 1314 126 61 a
1019 1314 152 61 Deo.

130 1391 238 58 Addo
279 1391 298 58 etiam,
487 1391 238 58 quod
636 1391 298 58 quando
845 1391 208 58 est
934 1391 238 58 aliqua

134 1466 240 61 passio
302 1466 385 61 connotativa,
615 1466 192 61 quae
735 1466 216 61 dicit
855 1466 313 61 relationem,

136 1542 297 61 cujusmodi
365 1542 160 61 est
456 1542 365 61 risibilitas,
730 1542 434 61 beatificabilitas,

136 1619 446 58 informabilitas,
511 1619 399 58 tristabililas
839 1619 141 58 et
886 1619 282 58 hujusmodi,

132 1697 182 57 non
236 1697 259 57 potest
417 1697 259 57 haberi
599 1697 208 57 nisi
703 1697 467 57 praecognoscantur

129 1771 432 49 fundamentum
475 1771 173 49 et
562 1771 375 49 terminus.
850 1771 231 49 Ideo
965 1771 202 49 dicit

130 1846 246 59 Doctor
303 1846 172 59 r'n
401 1846 148 59 L.
475 1846 320 59 l.prolog.
722 1846 197 59 quod
845 1846 172 59 via
919 1846 246 59 naturali

126 1923 191 60 non
235 1923 328 60 possumus
481 1923 383 60 cognoscere
781 1923 383 60 relationem
1055 1923 109 60 ad

124 1999 208 56 Deum
254 1999 182 56 sub
358 1999 286 56 ratione
566 1999 338 56 Deitatis,
825 1999 208 56 nisi
929 1999 234 56 praeco¬-

118 2076 348 62 gnoscamus
386 2076 241 62 ipsam
546 2076 348 62 Deitatem.
814 2076 187 62 Non
921 2076 214 62 vult
1028 2076 134 62 er¬-

120 2151 165 61 go
202 2151 274 61 Doctor
394 2151 219 61 quod
531 2151 329 61 objectum
778 2151 192 61 sic
860 2151 302 61 contineat

125 2227 361 56 virtualiter
414 2227 289 56 notitiam
631 2227 289 56 alterius
848 2227 120 56 ,
896 2227 193 56 quod
992 2227 169 56 nihil

126 2303 216 54 aliud
270 2303 313 54 concurrat
511 2303 144 54 ab
583 2303 216 54 illo,
727 2303 168 54 sed
823 2303 168 54 sic
920 2303 216 54 habet
1040 2303 120 54 de¬-

127 2381 352 55 terminatam
403 2381 402 55 causalitatem
730 2381 302 55 respectu
931 2381 226 55 illius,

128 2455 141 61 et
198 2455 235 61 primo,
362 2455 188 61 quod
480 2455 117 61 a
527 2455 211 61 nullo
668 2455 235 61 potest
832 2455 282 61 suppleri
1020 2455 141 61 nisi

125 2533 211 46 forte
265 2533 117 46 a
289 2533 141 46 Deo.

175 2606 144 56 Ex
247 2606 169 56 his
343 2606 361 56 declaratis,
632 2606 385 56 intelligendo
921 2606 241 56 scilicet

95 2679 217 73 ctionis
253 2679 158 73 huod
352 2679 217 73 notitia
510 2679 276 73 habitualis
727 2679 217 73 objecti
885 2679 237 73 continet
1043 2679 118 73 vir-

93 2756 200 53 3sor-
226 2756 267 53 tualiter
426 2756 267 53 notitiam
626 2756 267 53 actualem
826 2756 156 53 vel
893 2756 267 53 habitualem

92 2831 204 65 •tum.
228 2831 272 65 propriae
432 2831 317 65 passionis,
681 2831 204 65 patet
817 2831 181 65 quod
930 2831 204 65 totum
1043 2831 113 65 ar¬-

121 2909 304 63 gumentum
348 2909 304 63 Gregorii
576 2909 329 63 totaliter
829 2909 228 63 ruit,
981 2909 152 63 et
1032 2909 127 63 se¬-

122 2986 289 63 quentia,
338 2986 240 63 quando
507 2986 240 63 dicit,
675 2986 168 63 aut
771 2986 289 63 cognitio
964 2986 192 63 intui¬-

121 3064 141 52 ti
192 3064 141 52 va
263 3064 283 52 continet
475 3064 354 52 intuitivam,
758 3064 189 52 etc.
876 3064 165 52 non
970 3064 189 52 sunt
1065 3064 94 52 ad

119 3139 423 62 propositum.
457 3139 254 62 Patet
626 3139 254 62 etiam
795 3139 282 62 quando
964 3139 197 62 dicit

122 3216 212 62 quod
255 3216 292 62 materia
468 3216 186 62 non
574 3216 266 62 potest
760 3216 292 62 causare
946 3216 212 62 cogni¬-

123 3291 259 57 tionem
305 3291 285 57 formae,
512 3291 207 57 quod
642 3291 181 57 non
745 3291 363 57 intelligit
1004 3291 156 57 men¬-

125 3369 176 55 tem
226 3369 328 55 Doctoris,
478 3369 151 55 ut
553 3369 227 55 supra
704 3369 302 55 exposui,
931 3369 202 55 quia
1032 3369 126 55 non

122 3443 300 62 negamus
340 3443 218 62 quod
476 3443 191 62 non
585 3443 272 62 possit
776 3443 272 62 haberi
939 3443 218 62 perfe¬-

129 3518 163 61 cta
222 3518 280 61 cognitio
432 3518 489 61 informabilitatis,
851 3518 186 61 nisi
944 3518 210 61 concur¬-

125 3595 190 62 rat
234 3595 218 62 ipsa
370 3595 272 62 forma,
560 3595 190 62 sed
669 3595 218 62 bene
805 3595 299 62 dicimus
995 3595 163 62 quod

1249 335 197 59 ipsa
1373 335 272 59 materia
1570 335 173 59 sic
1669 335 321 59 concurrit
1916 335 370 59 partialiter
2187 335 99 59 ad

1249 413 387 59 cognitionem
1559 413 258 59 illius
1740 413 439 59 proprietatis,
2101 413 207 59 quod
2205 413 77 59 a

1249 489 202 57 nullo
1383 489 202 57 talis
1518 489 315 57 causalilas
1766 489 270 57 suppleri
1946 489 202 57 potest.

1298 565 137 61 Si
1367 565 342 61 instaretur,
1640 565 228 61 (licet
1800 565 182 61 ipse
1914 565 160 61 non
2005 565 228 61 dicat)
2142 565 137 61 ergo

1240 641 218 59 forma
1385 641 290 59 continet
1602 641 363 59 virlualiler
1892 641 363 59 partialiter
2158 641 121 59 co¬-

1241 719 311 60 gnitionem
1481 719 240 60 illius
1648 719 407 60 proprietatis,
1960 719 311 60 conceditur;

1239 795 188 61 ergo
1357 795 165 61 sic
1451 795 235 61 potest
1616 795 353 61 demonstrari
1898 795 188 61 illa
1992 795 282 61 informabi¬-

1235 873 216 53 litas
1379 873 144 53 de
1451 873 216 53 forma
1596 873 216 53 sicut
1740 873 144 53 de
1812 873 289 53 materia,
2029 873 144 53 et
2101 873 168 53 sic
2173 873 96 53 de

1234 950 240 59 aliis.
1402 950 265 59 Negatur
1595 950 409 59 consequentia,
1931 950 192 59 quia
2052 950 192 59 tunc
2148 950 120 59 se¬-

1231 1025 337 60 queretur,
1490 1025 207 60 quod
1620 1025 233 60 magis
1775 1025 259 60 posset
1930 1025 337 60 demonstrari

1230 1101 144 59 de
1302 1101 336 59 intellectu
1566 1101 168 59 cum
1662 1101 384 59 principalius
1975 1101 312 59 concurrat
2191 1101 72 59 5

1232 1171 168 62 dico
1337 1171 190 62 ergo,
1464 1171 168 62 quod
1569 1171 126 62 ad
1632 1171 274 62 subjectum
1843 1171 295 62 demonstra-
2053 1171 232 62 A-dsubje-

1231 1253 203 60 tionis
1373 1253 142 60 duo
1454 1253 324 60 requiruntur.
1717 1253 182 60 Primo
1839 1253 162 60 quod
1940 1253 182 60 ratio
2042 1253 243 60 demonstra¬-

1227 1332 231 58 formalis
1400 1332 192 58 ipsius
1535 1332 231 58 subjecti
1708 1332 135 58 sit
1785 1332 173 58 ratio
1900 1332 250 58 continen-
2073 1332 212 58 requirun-

1221 1407 148 58 di
1295 1407 371 58 virlualiler
1592 1407 420 58 proprietatem.
1938 1407 272 58 Secundo
2111 1407 148 58 quod

1219 1483 177 57 sit
1320 1483 228 57 ratio
1472 1483 279 57 proxima
1675 1483 152 57 et
1751 1483 304 57 formalis
1953 1483 304 57 recipiendi

1215 1559 233 57 illam
1370 1559 155 57 in
1448 1559 336 57 subjecto,
1707 1559 155 57 de
1784 1559 181 57 quo
1862 1559 388 57 demonstratur.

1219 1634 212 58 Licet
1361 1634 188 58 ergo
1479 1634 212 58 ratio
1620 1634 283 58 formalis
1832 1634 236 58 ipsius
1997 1634 236 58 formae
2138 1634 118 58 sit

1217 1711 208 57 ratio
1356 1711 324 57 continendi
1610 1711 347 57 virtualiter
1888 1711 347 57 partialiter
2142 1711 116 57 co¬-

1215 1788 330 60 gnitionem
1468 1788 254 60 illius
1646 1788 431 60 proprietatis,
2000 1788 177 60 non
2077 1788 177 60 tamen

1213 1859 185 58 illa
1329 1859 325 58 proprietas
1584 1859 232 58 potest
1746 1859 348 58 demonstrari
2024 1859 139 58 de
2071 1859 185 58 forma,

1214 1936 173 58 cum
1313 1936 148 58 in
1387 1936 222 58 forma
1535 1936 173 58 non
1634 1936 173 58 sit
1733 1936 247 58 aliqua
1906 1936 222 58 ratio
2030 1936 222 58 proxima

1211 2012 323 59 recipiendi
1464 2012 207 59 ipsam
1603 2012 138 59 in
1672 2012 184 59 ipsa
1787 2012 230 59 forma.
1948 2012 138 59 Et
2018 2012 161 59 sic
2087 2012 161 59 patet

1208 2084 218 58 quod
1344 2084 191 58 hoc
1453 2084 381 58 argumentum
1752 2084 218 58 quod
1888 2084 191 58 est
1970 2084 272 58 Achilles

1212 2160 252 55 eorum,
1388 2160 151 55 ac
1464 2160 303 55 multorum
1691 2160 277 55 aliorum
1868 2160 378 55 praecedentium

1205 2236 168 58 et
1289 2236 421 58 sequentium,
1626 2236 253 58 nihil
1794 2236 281 58 contra
1962 2236 281 58 Doctorem

1188 2314 275 42 concludit.

1264 2390 137 54 Si
1333 2390 182 54 vero
1447 2390 274 54 teneatur
1652 2390 274 54 secundus
1857 2390 251 54 sensus,
2017 2390 228 54 scilicet

1214 2465 179 59 quod
1325 2465 246 59 notitia
1504 2465 268 59 actualis
1705 2465 246 59 objecti
1884 2465 224 59 possit
2018 2465 224 59 contine¬-

1208 2542 144 55 re
1280 2542 360 55 virtualiter
1568 2542 288 55 notitiam
1785 2542 288 55 alterius
1977 2542 264 55 actualem,

1213 2617 188 60 dico
1330 2617 234 60 (licet
1494 2617 211 60 forte
1635 2617 164 60 non
1728 2617 141 60 ad
1799 2617 234 60 mentem
1963 2617 234 60 Scoti,
2103 2617 141 60 quia

1211 2695 232 59 verba
1366 2695 258 59 illius
1547 2695 181 59 hoc
1650 2695 310 59 expresse
1882 2695 181 59 non
1959 2695 284 59 asserunt)

1208 2770 212 58 quod
1341 2770 186 58 non
1447 2770 239 58 habet
1606 2770 186 58 pro
1712 2770 477 58 inconvenienti,
2084 2770 159 58 quod

1208 2846 253 59 notitia
1392 2846 276 59 actualis
1599 2846 253 59 objecti
1782 2846 161 59 sub
1874 2846 253 59 ratione
2035 2846 207 59 propria

1212 2920 137 58 et
1281 2920 389 58 perfectissima
1601 2920 298 58 contineat
1830 2920 343 58 virtualiter
2082 2920 160 58 noti¬-

1212 2998 179 58 tiam
1323 2998 380 58 proprietatis,
1636 2998 179 58 etc.
1748 2998 156 58 ita
1838 2998 179 58 quod
1949 2998 179 58 illa
2039 2998 201 58 notitia

1209 3074 288 58 actualis
1425 3074 168 58 una
1521 3074 168 58 cum
1617 3074 336 58 intellectu
1882 3074 240 58 potest
2026 3074 216 58 causare

1210 3151 282 58 notitiam
1421 3151 329 58 passionis,
1679 3151 282 58 loquendo
1891 3151 141 58 de
1938 3151 305 58 causalitate

1208 3227 315 59 competente
1456 3227 203 59 sibi,
1591 3227 203 59 licet
1726 3227 180 59 alia
1839 3227 225 59 aliqua
1974 3227 270 59 causalilas

1207 3304 382 60 concurrat,
1507 3304 246 60 sicut
1671 3304 164 60 ad
1753 3304 409 60 cognitionem
2053 3304 191 60 hujus

1208 3379 400 56 proprietatis,
1538 3379 188 56 quae
1655 3379 165 56 est
1749 3379 447 56 informabilitas,
2102 3379 141 56 con¬-

1208 3454 241 58 currit
1377 3454 217 58 forma
1521 3454 169 58 vel
1618 3454 265 58 notitia
1810 3454 241 58 ipsius
1979 3454 265 58 formae.
2148 3454 96 58 Et

1212 3530 164 58 cum
1305 3530 234 58 dicis,
1469 3530 164 58 aut
1563 3530 304 58 inluitiva
1797 3530 234 58 potest
1961 3530 258 58 causare
2125 3530 117 58 in-

1224 3607 266 62 uitivam
1418 3607 412 62 proprietatis,
1757 3607 194 62 dico
1878 3607 194 62 quod
1999 3607 194 62 sic,
2096 3607 145 62 quia
