2682 3979
405 349 250 57 notitia
587 349 295 57 intuiliva
814 349 272 57 subjecti
1018 349 227 57 potest
1154 349 272 57 causarein-

398 425 309 53 tuilivam
630 425 360 53 passionis,
913 425 360 53 sustinendo
1171 425 257 53 secundum

395 501 265 56 mentem
581 501 318 56 Doctoris
820 501 159 56 et
899 501 345 56 veritatem
1165 501 212 56 quod
1271 501 159 56 ipsa

394 575 273 58 passio
585 575 191 58 est
694 575 245 58 eadem
857 575 191 58 res
966 575 191 58 cum
1075 575 355 58 subjecto.
1321 575 109 58 Et

397 651 172 57 cum
496 651 221 57 dicis
643 651 196 57 quod
766 651 294 57 cognitio
986 651 319 57 intuiliva
1232 651 172 57 non
1305 651 123 57 po¬-

398 729 201 52 test
524 729 277 52 causare
725 729 226 52 aliam
876 729 377 52 intuitivam,
1178 729 226 52 habes
1303 729 126 52 hoc

370 804 246 50 probare.

378 878 160 61 25i
470 878 160 61 Cum
561 878 183 61 vero
675 878 206 61 addis
813 878 183 61 quod
927 878 183 61 illa
1041 878 297 61 intuitiva
1247 878 183 61 potest

397 956 245 58 haberi
569 956 147 58 ab
643 956 270 58 objecto
839 956 319 58 intuilive
1084 956 294 58 cognito,
1280 956 147 58 dico

397 1033 196 57 quod
520 1033 147 57 si
594 1033 270 57 accipis
790 1033 295 57 objectum
1011 1033 319 57 inluitive
1233 1033 196 57 cogni¬-

392 1109 219 54 tum
517 1109 282 54 ipsam
705 1109 407 54 passionem
1019 1109 345 54 seorsum
1238 1109 188 54 sum¬-

391 1185 240 53 ptam,
551 1185 186 53 hoc
658 1185 186 53 non
764 1185 266 53 potest
951 1185 240 53 dari,
1110 1185 186 53 cum
1217 1185 186 53 sit
1297 1185 133 53 ea¬-

395 1259 187 60 dem
502 1259 187 60 res
609 1259 160 60 et
689 1259 373 60 exislenlia
982 1259 187 60 cum
1088 1259 347 60 subjecto.
1328 1259 107 60 Et

391 1334 338 59 objectum
644 1334 366 59 inquantum
926 1334 338 59 existens
1179 1334 169 59 ac
1235 1334 197 59 prae¬-

395 1414 213 53 sens
528 1414 293 53 propria
741 1414 372 53 existentia
1034 1414 160 53 ut
1114 1414 213 53 sic,
1220 1414 213 53 causat

398 1487 378 58 cognitionem
700 1487 378 58 intuitivam,
1002 1487 151 58 ut
1078 1487 227 58 patet
1229 1487 126 58 a
1254 1487 176 58 Scoto

394 1563 122 49 in
455 1563 122 49 1.
515 1563 183 49 dist.
637 1563 101 49 1
678 1563 142 49 .et
759 1563 122 49 d.
820 1563 122 49 3.
880 1563 122 49 in
941 1563 122 49 2.
1002 1563 183 49 dist.
1124 1563 122 49 3.
1185 1563 122 49 et
1245 1563 122 49 9.
1306 1563 122 49 in
1347 1563 81 49 4.

398 1639 179 58 dist.
517 1639 139 58 10.
597 1639 119 58 et
656 1639 139 58 49.
735 1639 119 58 et
795 1639 119 58 in
855 1639 198 58 quodl.
993 1639 218 58 qusest.
1152 1639 139 58 13.
1232 1639 119 58 et
1271 1639 159 58 alibi.

399 1714 138 64 Si
468 1714 253 64 dicatur
652 1714 184 64 hic,
767 1714 230 64 (licet
927 1714 161 64 non
1019 1714 184 64 ipse
1134 1714 230 64 dicat)
1272 1714 161 64 sicut

395 1793 271 58 notitia
592 1793 320 58 intuitiva
839 1793 296 58 subjecti
1060 1793 246 58 potest
1208 1793 222 58 causare

396 1868 336 58 intuitivam
660 1868 336 58 passionis,
924 1868 144 58 et
996 1868 240 58 passio
1164 1868 216 58 dicit
1284 1868 144 58 eam-

396 1941 196 62 dem
508 1941 196 62 rem
620 1941 196 62 cum
731 1941 363 62 subjecto,
1011 1941 224 62 ergo
1123 1941 307 62 intuitiva

399 2019 326 56 passionis
650 2019 251 56 potest
826 2019 276 56 causare
1026 2019 351 56 intuitivam
1277 2019 151 56 sub¬-

393 2093 228 62 jecti
545 2093 127 62 ;
595 2093 279 62 negatur
798 2093 431 62 consequentia,
1153 2093 203 62 quia
1255 2093 177 62 licet

396 2168 207 64 sint
525 2168 233 64 eadem
680 2168 207 64 res,
810 2168 233 64 tamen
965 2168 336 64 subjectum
1197 2168 233 64 proprie

396 2245 318 60 continet
635 2245 345 60 passionem
900 2245 186 60 per
1007 2245 424 60 identitatem,
1325 2245 106 60 et

394 2325 186 49 non
501 2325 133 49 e
554 2325 292 49 contra.
767 2325 239 49 Sicut
926 2325 319 49 essentia
1165 2325 266 49 divina
1325 2325 106 49 et

397 2397 354 57 paternitas
675 2397 177 57 per
776 2397 177 57 eos
877 2397 253 57 etiam,
1053 2397 202 57 sunt
1180 2397 227 57 eadem
1306 2397 126 57 res

395 2472 448 64 simpliciter,
759 2472 252 64 tamen
927 2472 308 64 dicimus
1151 2472 224 64 quod
1263 2472 168 64 ipsa

400 2550 295 59 essentia
622 2550 246 59 divina
794 2550 295 59 continet
1015 2550 418 59 paternitatem,
1335 2550 98 59 et

397 2631 172 54 non
496 2631 123 54 e
545 2631 246 54 contra
717 2631 123 54 ;
767 2631 172 54 sic
865 2631 148 54 in
939 2631 345 54 proposito.
1210 2631 172 54 Hoc
1283 2631 148 54 sub¬-

401 2701 257 60 tiliter
588 2701 211 60 patet
728 2701 117 60 a
775 2701 257 60 Doclore
962 2701 140 60 in
1032 2701 234 60 primo,
1196 2701 140 60 in
1243 2701 187 60 secun¬-

400 2779 139 56 do
469 2779 139 56 et
538 2779 139 56 in
608 2779 323 56 quodlibelo
862 2779 139 56 in
931 2779 231 56 multis
1069 2779 185 56 locis.

449 2859 218 59 Dico
585 2859 245 59 etiam
748 2859 218 59 quod
884 2859 300 59 posito,
1102 2859 218 59 quod
1211 2859 218 59 passio

395 2935 158 59 sit
486 2935 293 59 distincta
711 2935 270 59 realiter
913 2935 293 59 (loquendo
1138 2935 135 59 de
1183 2935 248 59 passioni¬-

401 3013 176 55 bus
501 3013 427 55 connolativis,
853 3013 201 55 quse
979 3013 327 55 includunt
1205 3013 226 55 relati¬-

402 3086 206 55 onem,
539 3086 137 55 ut
608 3086 481 55 beatificabililas,
1020 3086 412 55 informabilitas
1340 3086 92 55 et

395 3162 382 59 hujusmodi)
695 3162 300 59 notitia
913 3162 327 59 subjecti
1131 3162 300 59 intuitiva

398 3240 240 58 potest
566 3240 264 58 causare
758 3240 384 58 partialiter,
1070 3240 144 58 ut
1142 3240 216 58 supra
1262 3240 168 58 expo¬-

398 3315 206 59 sui,
527 3315 309 59 notitiam
759 3315 360 59 intuitivam
1042 3315 335 59 hujusmodi
1274 3315 154 59 pas-

388 3385 208 61 Reiatio
540 3385 133 61 non
615 3385 208 61 Lionis.
767 3385 114 61 Et
824 3385 133 61 cum
900 3385 171 61 dicis
1013 3385 152 61 quod
1108 3385 246 61 intuitiva
1278 3385 152 61 illius

387 3466 216 56 causare
545 3466 275 56 passionis,
761 3466 157 56 puta
859 3466 393 56 informabilitatis
1194 3466 197 56 potest
1312 3466 118 56 lia-

383 3544 166 56 nem
478 3544 190 56 beri
597 3544 142 56 ab
668 3544 214 56 ipsa,
811 3544 285 56 negatur,
1024 3544 190 56 quia
1143 3544 261 56 relatio
1309 3544 119 56 non

383 3620 195 59 vam.
504 3620 243 59 potest
675 3620 268 59 causare
869 3620 365 59 cognitionem
1137 3620 292 59 intuitivam

1476 350 200 57 sui,
1601 350 150 57 ut
1676 350 225 57 palet
1826 350 125 57 a
1876 350 225 57 Scoto
2027 350 150 57 in
2102 350 300 57 pluribus
2302 350 200 57 locis.

1527 428 154 56 Si
1604 428 231 56 etiam
1759 428 283 56 dicatur
1964 428 231 56 (quod
2118 428 231 56 tamen
2273 428 206 56 ipse
2375 428 129 56 non

1475 505 216 57 forte
1619 505 288 57 cogitat)
1835 505 192 57 quod
1955 505 312 57 subjectum
2195 505 216 57 sicut
2315 505 192 57 potest

1479 580 263 57 causare
1670 580 359 57 cognitionem
1957 580 335 57 intuitivam
2220 580 191 57 sui,
2340 580 167 57 ita
2411 580 96 57 et

1479 655 379 57 proprietatis,
1790 655 134 57 et
1857 655 156 57 sic
1946 655 245 57 notitia
2124 655 289 57 intuitiva
2325 655 178 57 subje¬-

1477 732 172 53 cti
1576 732 172 53 non
1674 732 294 53 causabit
1895 732 294 53 notitiam
2115 732 344 53 intuitivam
2361 732 147 53 pas¬-

1475 807 251 56 sionis
1651 807 126 56 ;
1701 807 226 56 dico,
1851 807 201 56 quod
1977 807 176 56 hoc
2077 807 176 56 non
2178 807 176 56 est
2253 807 251 56 inconve¬-

1475 882 265 55 niens.
1660 882 265 55 Possum
1845 882 238 55 etiam
2004 882 291 55 dicere,
2216 882 212 55 quod
2322 882 185 55 imme¬-

1480 958 210 55 diate
1620 958 164 55 non
1713 958 234 55 potest
1877 958 280 55 causare,
2087 958 187 55 nisi
2204 958 210 55 prius
2321 958 187 55 causet

1476 1034 335 55 intuitivam
1739 1034 191 55 sui,
1859 1034 143 55 ut
1930 1034 215 55 etiam
2074 1034 215 55 patet
2217 1034 143 55 in
2289 1034 239 55 simili
2432 1034 72 55 a

1478 1113 261 42 Doctore
1668 1113 142 42 in
1739 1113 142 42 d.
1810 1113 142 42 9.
1858 1113 237 42 secundi.

1526 1187 273 55 Tertio
1717 1187 273 55 possum
1908 1187 273 55 dicere
2099 1187 218 55 quod
2208 1187 300 55 subjectum

1476 1262 186 56 non
1583 1262 266 56 potest
1769 1262 292 56 causare
1981 1262 319 56 notitiam
2193 1262 319 56 intuitivam

1479 1338 319 54 passionis
1725 1338 196 54 nisi
1848 1338 295 54 mediante
2069 1338 319 54 intuitiva
2315 1338 196 54 sui.
2413 1338 98 54 Si

1475 1414 319 56 loquamur
1714 1414 159 56 de
1794 1414 292 56 notitia
2007 1414 425 56 abslractiva,
2325 1414 186 56 eodem

1477 1489 207 55 modo
1606 1489 258 55 possum
1787 1489 258 55 dicere
1968 1489 207 55 quod
2097 1489 284 55 notitia
2278 1489 232 55 abslra¬-

1483 1566 220 55 ctiva
1629 1566 294 55 subjecti
1849 1566 245 55 potest
2021 1566 367 55 partialiter
2290 1566 220 55 causare

1478 1642 423 54 abstractivam
1821 1642 370 54 passionis.
2112 1642 159 54 Et
2192 1642 185 54 hoc
2297 1642 185 54 non
2377 1642 132 54 im¬-

1476 1717 279 56 probat
1671 1717 223 56 ipse
1810 1717 390 56 Gregorius,
2117 1717 195 56 nec
2201 1717 306 56 improbare

1479 1792 283 56 posset;
1685 1792 155 56 et
1763 1792 258 56 eaedem
1943 1792 438 56 difficultates
2278 1792 232 56 possent

1478 1867 216 54 fieri
1622 1867 144 54 de
1694 1867 264 54 notitia
1886 1867 384 54 abslractiva,
2199 1867 216 54 sicut
2343 1867 144 54 de
2391 1867 120 54 in¬-

1483 1943 258 57 tuitiva
1670 1943 234 57 faclse
1834 1943 211 57 sunt,
1974 1943 141 57 et
2045 1943 258 57 applica
2232 1943 141 57 ad
2279 1943 234 57 proposi¬

1456 2024 150 35 tum.

1529 2100 192 57 Cum
1638 2100 246 57 etiam
1802 2100 274 57 dicit,
1994 2100 219 57 quod
2131 2100 356 57 intuitiva
2377 2100 137 57 non

1475 2178 266 53 potest
1661 2178 292 53 causare
1874 2178 452 53 abstractivam,
2246 2178 186 53 hoc
2326 2178 186 53 credo

1477 2252 345 59 manifeste
1742 2252 292 59 falsum,
1954 2252 212 59 quia
2086 2252 265 59 aliqua
2245 2252 265 59 cognitio

1479 2328 304 56 intuitiva
1713 2328 234 56 potest
1876 2328 351 56 partialiter
2157 2328 257 56 causare
2321 2328 187 56 intui¬-

1480 2404 239 55 tivam
1639 2404 186 55 sui
1745 2404 159 55 et
1824 2404 239 55 etiam
1983 2404 451 55 abstractivam;
2328 2404 186 55 sicut

1481 2481 227 57 etiam
1632 2481 303 57 essentia
1860 2481 253 57 Angeli
2036 2481 253 57 potest
2188 2481 328 57 partialiter

1480 2558 277 55 causare
1681 2558 151 55 in
1757 2558 352 55 intellectu
2034 2558 252 55 ipsius
2185 2558 327 55 cognitionem

1480 2634 168 52 sui
1576 2634 336 52 intuitivam
1840 2634 144 52 et
1912 2634 408 52 abstractivam,
2248 2634 144 52 ut
2320 2634 216 52 patet
2440 2634 72 52 a

1478 2707 238 56 Scoto
1636 2707 159 56 in
1716 2707 159 56 2.
1795 2707 238 56 dist.
1954 2707 159 56 3.
2033 2707 212 56 Quod
2166 2707 238 56 etiam
2298 2707 212 56 dicit,

1479 2787 197 55 quod
1602 2787 295 55 cognitio
1824 2787 369 55 abstractiva
2119 2787 172 55 non
2217 2787 246 55 potest
2364 2787 148 55 cau¬-

1478 2862 202 55 sare
1604 2862 378 55 intuitivam,
1906 2862 227 55 verum
2057 2862 202 55 est,
2183 2862 202 55 quod
2284 2862 227 55 abstra¬-

1480 2940 221 56 ctiva
1628 2940 294 56 alicujus
1849 2940 270 56 objecti
2045 2940 172 56 non
2143 2940 245 56 potest
2290 2940 221 56 causare

1478 3014 353 57 intuitivam
1755 3014 277 57 ejusdem
1957 3014 302 57 objecti,
2183 3014 176 57 sed
2284 3014 202 57 bene
2385 3014 126 57 po¬-

1479 3090 206 54 test
1608 3090 283 54 causare
1814 3090 360 54 intuitivam
2097 3090 180 54 sui
2200 3090 283 54 ipsius,
2380 3090 129 54 cum

1479 3166 233 57 habeat
1642 3166 279 57 propriam
1851 3166 349 57 existenliam
2131 3166 140 57 in
2177 3166 326 57 int-ellectu.

1479 3241 191 58 Idem
1598 3241 215 58 dico,
1742 3241 191 58 quod
1861 3241 310 58 intuitiva
2099 3241 286 58 alicujus
2290 3241 215 58 objecti

1477 3319 220 55 forte
1623 3319 171 55 non
1721 3319 244 55 potest
1891 3319 268 55 causare
2086 3319 390 55 abstractivam
2379 3319 122 55 il¬-

1476 3395 221 55 lius,
1624 3395 172 55 sed
1722 3395 196 55 bene
1845 3395 295 55 respecta
2066 3395 172 55 sui
2164 3395 246 55 ipsius
2312 3395 196 55 potest

1482 3472 256 52 causare
1668 3472 373 52 abstractivam
1971 3472 140 52 et
2041 3472 350 52 intuitivam,
2321 3472 140 52 ut
2367 3472 140 52 dixi

1475 3548 257 57 supra,
1655 3548 154 57 in
1733 3548 257 57 simili
1913 3548 180 57 per
2016 3548 257 57 Scotum
2196 3548 154 57 de
2248 3548 257 57 essentia

1476 3623 269 61 Angeli.
1671 3623 147 61 Et
1745 3623 171 61 sic
1842 3623 220 61 patet
1989 3623 269 61 solutio
2185 3623 245 61 istius
2332 3623 171 61 argu-
