2653 3979
177 317 257 55 menti,
357 317 205 55 quod
485 317 231 55 tamen
639 317 334 55 videbatur
870 317 334 55 insolubile.

157 391 171 59 26-
254 391 268 59 Secundo
449 391 414 59 principaliter
791 391 244 59 arguit
937 391 268 59 probando,

179 471 201 56 quod
304 471 276 56 notitia
505 471 301 56 subjecti
731 471 176 56 non
831 471 326 56 contineat
1057 471 150 56 vir-

156 546 125 56 .
206 546 300 56 lualiter
431 546 325 56 passionis
681 546 325 56 notitiam,
932 546 150 56 et
1007 546 175 56 dat
1082 546 125 56 duo

176 624 318 55 exempla,
414 624 212 55 quia
547 624 239 55 posse
706 624 292 55 causare
918 624 292 55 calorem
1103 624 106 55 in

176 699 271 53 corpore
373 699 394 53 illuminabit!
694 699 148 53 et
768 699 419 53 calefactibili
1088 699 123 53 est

174 775 259 54 passio
356 775 311 54 corporis
589 775 311 54 radiosi.
822 775 337 54 Secundum,
1055 775 156 54 esse

177 852 371 54 purgativum
468 852 318 54 cholerae
707 852 186 54 est
813 852 265 54 passio
972 852 239 54 reubar-

177 928 227 54 bari.
328 928 152 54 Et
404 928 253 54 addit,
581 928 202 54 quod
707 928 328 54 quaelibet
960 928 227 54 harum
1086 928 126 54 est

174 1004 382 50 immediata,
474 1004 328 50 scilicet
720 1004 218 50 omne
856 1004 328 50 radiosum
1075 1004 136 50 est

176 1080 464 53 calefaclivum,
558 1080 164 53 et
640 1080 218 53 omne
776 1080 409 53 reubarbarum
1077 1080 136 53 est

175 1157 381 53 purgativum
474 1157 354 53 cholerae,
747 1157 163 53 et
829 1157 245 53 tamen
965 1157 245 53 notitia

174 1232 345 55 corporis
433 1232 316 55 radiosi
663 1232 201 55 non
778 1232 345 55 continet
1008 1232 201 55 primo

174 1307 327 57 notitiam
419 1307 382 57 passionis,
719 1307 218 57 quia
855 1307 191 57 non
937 1307 273 57 continet

179 1390 221 52 primo
327 1390 295 52 notitiam
548 1390 295 52 calorum.
769 1390 320 52 Similiter
991 1390 221 52 notitia

177 1467 371 55 reubarbari
468 1467 186 55 non
574 1467 318 55 continet
813 1467 239 55 primo
945 1467 265 55 notitiam

179 1542 328 56 cholerae,
431 1542 202 56 ergo
557 1542 176 56 nec
658 1542 328 56 passionem
910 1542 277 56 illius.
1086 1542 126 56 Re¬-

177 1617 363 60 spondetur,
462 1617 259 60 (licet
644 1617 181 60 sit
747 1617 337 60 responsum
981 1617 233 60 supra,)

178 1693 239 58 eodem
338 1693 213 58 enim
471 1693 213 58 modo
604 1693 266 58 potest
790 1693 399 58 responderi,
1082 1693 133 58 vel

175 1770 297 58 loquendo
398 1770 149 58 de
472 1770 272 58 notitia
670 1770 322 58 habituali
918 1770 272 58 objecti
1091 1770 124 58 vel

177 1845 222 55 etiam
325 1845 148 55 de
399 1845 272 55 notitia
597 1845 272 55 actuali
794 1845 272 55 ipsius,
992 1845 148 55 et
1041 1845 173 55 eodem

175 1923 219 58 modo
312 1923 301 58 dicatur
531 1923 246 58 sicut
695 1923 164 58 ad
777 1923 274 58 primum
941 1923 274 58 argumen¬-

178 2001 212 56 tum.
311 2001 265 56 Posset
497 2001 239 56 tamen
656 2001 239 56 addi,
815 2001 212 56 quod
948 2001 159 56 si
1001 2001 212 56 passio

175 2076 337 56 subjecti
427 2076 196 56 est
540 2076 224 56 quid
680 2076 393 56 absolutum,
989 2076 168 56 ut
1045 2076 168 56 puta

179 2154 352 56 purgativum
456 2154 327 56 cholerae,
707 2154 277 56 notitia
908 2154 252 56 ipsius
1059 2154 151 56 pas¬-

180 2229 240 53 sionis
348 2229 168 53 non
444 2229 288 53 dependet
660 2229 120 53 a
709 2229 264 53 notitia
901 2229 288 53 cholerae
1093 2229 120 53 vel

181 2305 114 56 a
227 2305 275 56 cholera,
433 2305 206 56 patet
570 2305 137 56 in
639 2305 252 56 simili.
822 2305 160 56 Est
913 2305 229 56 aliqua
1051 2305 160 56 albe-

178 2380 155 60 do
256 2380 207 60 vere
385 2380 284 60 causata
591 2380 129 60 a
643 2380 232 60 causa
798 2380 361 60 effectiva,
1056 2380 155 60 ergo

180 2458 168 53 non
276 2458 240 53 potest
444 2458 288 53 cognosci
660 2458 144 53 in
731 2458 168 53 se;
827 2458 168 53 vel
923 2458 192 53 ipsa
1019 2458 192 53 albedo

177 2536 186 53 non
284 2536 265 53 potest
469 2536 292 53 causare
681 2536 398 53 cognitionem
1000 2536 186 53 sui
1079 2536 133 53 ab¬-

182 2609 264 55 solutam
374 2609 144 55 in
446 2609 240 55 aliquo
614 2609 360 55 intellectu,
901 2609 192 55 nisi
997 2609 216 55 concur¬-

182 2685 171 58 rat
279 2685 220 58 causa
426 2685 245 58 illius
597 2685 342 58 albedinis?
867 2685 171 58 non
940 2685 269 58 sequitur.

180 2762 253 57 Potest
357 2762 202 57 enim
483 2762 303 57 absolute
711 2762 278 57 causare
887 2762 329 57 partialiter

182 2840 295 56 notitiam
404 2840 197 56 sui,
527 2840 246 56 aliter
699 2840 345 56 sequeretur
970 2840 197 56 qucd
1068 2840 148 56 nul¬-

179 2916 190 57 lum
288 2916 190 57 ens
396 2916 299 57 creatum
614 2916 272 57 posset
804 2916 299 57 causare
994 2916 218 57 cogni¬-

185 2992 234 54 tionem
349 2992 188 54 sui,
466 2992 188 54 nisi
583 2992 211 54 simul
724 2992 164 54 vel
817 2992 211 54 prius
935 2992 281 54 causaretur

184 3068 294 58 cognitio
405 3068 368 58 cujuscumque
700 3068 270 58 causae,
896 3068 147 58 et
970 3068 172 58 sic
1043 3068 172 58 opor¬-

185 3143 185 57 tet
290 3143 238 57 simul
449 3143 185 57 vel
555 3143 238 57 prius
714 3143 371 57 cognoscere
1005 3143 212 57 Deum
1111 3143 106 57 in

186 3219 164 56 86,
279 3219 187 56 etc.
396 3219 164 56 sic
490 3219 187 56 dico
607 3219 140 56 in
677 3219 328 56 proposito.
934 3219 140 56 Et
1004 3219 164 56 hoc
1075 3219 140 56 est,

184 3295 206 57 quia
313 3295 284 57 notitia
520 3295 335 57 albedinis
777 3295 181 57 non
881 3295 310 57 dependet
1087 3295 129 57 es¬-

190 3372 318 45 sentialiter
444 3372 106 45 a
486 3372 233 45 notitia
656 3372 169 45 suae
740 3372 191 45 causae.

173 3449 167 58 27.
268 3449 190 58 Dico
387 3449 214 58 etiam
530 3449 190 58 quod
649 3449 214 58 licet
792 3449 285 58 cognitio
982 3449 238 58 cholerae

191 3527 463 55 praerequiralur
577 3527 154 55 ad
654 3527 386 55 cognitionem
937 3527 283 55 passionis

189 3604 386 58 reubarbari,
498 3604 206 58 ergo
627 3604 206 58 tunc
756 3604 309 58 sequitur
987 3604 206 58 quod
1090 3604 129 58 no¬

1259 308 220 50 titia
1405 308 343 50 reubarbari
1675 308 171 50 non
1773 308 294 50 continet
1969 308 318 50 virtualiter

1257 385 302 57 notitiam
1483 385 352 57 passionis,
1760 385 201 57 nisi
1886 385 227 57 etiam
2012 385 277 57 contineat

1256 461 378 56 virtualiter
1558 461 303 56 notitiam
1786 461 328 56 cholerae;
2038 461 227 56 patet
2164 461 126 56 hoc

1258 536 206 58 esse
1387 536 283 58 falsum,
1593 536 206 58 quia
1722 536 206 58 ista
1851 536 283 58 possunt
2057 536 206 58 esse
2160 536 129 58 duo

1263 616 281 56 ordinati
1474 616 305 56 effectus,
1708 616 188 56 puta
1825 616 258 56 notitia
2013 616 281 56 cholerae
2200 616 94 56 et

1256 690 278 58 notitia
1458 690 329 58 passionis
1711 690 380 58 reubarbari,
2015 690 127 58 a
2040 690 253 58 diversis

1256 766 233 58 tamen
1411 766 285 58 causis.
1619 766 155 58 Et
1696 766 181 58 sic
1800 766 233 58 patet
1955 766 207 58 quod
2059 766 233 58 notitia

1256 844 311 58 subjecti
1489 844 155 58 si
1567 844 311 58 continet
1800 844 311 58 notitiam
2007 844 285 58 passionis

1254 919 420 58 reubarbari,
1590 919 168 58 ex
1674 919 196 58 hoc
1787 919 196 58 non
1899 919 336 58 sequitur
2123 919 168 58 quod

1257 995 345 52 virtualiter
1533 995 299 52 contineat
1763 995 276 52 notitiam
1969 995 299 52 cholerae,
2176 995 115 52 sed

1255 1073 239 57 solum
1415 1073 319 57 sequitur
1654 1073 213 57 quod
1788 1073 186 57 non
1894 1073 372 57 praehabita
2160 1073 133 57 no¬-

1260 1149 227 57 titia
1411 1149 328 57 cholerae,
1664 1149 177 57 non
1765 1149 253 57 potest
1942 1149 328 57 immediate
2169 1149 126 57 ha¬-

1257 1223 198 58 bere
1381 1223 296 58 notiliam
1603 1223 321 58 passionis
1850 1223 346 58 reubarbari
2097 1223 198 58 perfe¬-

1260 1302 221 56 ctam.
1408 1302 148 56 Et
1482 1302 221 56 patet
1629 1302 148 56 in
1703 1302 270 56 exemplo
1900 1302 172 56 pro
1998 1302 221 56 statu
2121 1302 172 56 isto,

1259 1378 208 59 quia
1389 1378 390 59 intellectus
1701 1378 234 59 agens
1857 1378 182 59 non
1961 1378 260 59 potest
2117 1378 182 59 imme¬-

1262 1455 221 55 diate
1410 1455 271 55 causare
1607 1455 271 55 speciem
1804 1455 443 55 intelligibilem
2148 1455 148 55 ali-

1262 1531 232 58 cujus
1417 1531 309 58 objecti,
1648 1531 206 58 quam
1777 1531 232 58 tamen
1932 1531 232 58 habet
2086 1531 154 58 in
2138 1531 154 58 vir¬-

1260 1609 224 54 tute
1400 1609 196 54 sua
1512 1609 196 54 cum
1623 1609 447 54 phantasmate,
1987 1609 168 54 ut
2070 1609 252 54 patet
2210 1609 84 54 a

1260 1685 270 54 Doctore
1457 1685 148 54 in
1531 1685 148 54 1.
1605 1685 148 54 d-
1678 1685 148 54 3.
1752 1685 148 54 q.
1826 1685 320 54 penultim.
2072 1685 148 54 et
2145 1685 148 54 in
2195 1685 98 54 3.

1261 1761 164 57 d-
1343 1761 164 57 8.
1424 1761 218 57 ergo
1561 1761 328 57 continet
1807 1761 246 57 etiam
1943 1761 355 57 virtualiter

1263 1838 278 56 speciem
1465 1838 354 56 sensibilem
1743 1838 354 56 exteriorem
2020 1838 253 56 illius
2172 1838 126 56 ob¬-

1256 1914 243 59 jecti?
1426 1914 170 59 Non
1523 1914 316 59 sequitur,
1766 1914 194 59 quia
1887 1914 267 59 species
2057 1914 243 59 sensibi¬-

1262 1990 169 57 lis
1359 1990 242 57 tantum
1528 1990 411 57 praeexigitur,
1867 1990 145 57 ut
1939 1990 290 57 effectus
2133 1990 169 57 prior

1264 2067 169 58 qui
1360 2067 169 58 est
1457 2067 289 58 alterius
1674 2067 241 58 causae
1843 2067 145 58 ad
1915 2067 289 58 effectum
2108 2067 193 58 poste¬-

1260 2142 246 58 riorem
1433 2142 172 58 qui
1531 2142 172 58 est
1630 2142 296 58 alterius
1852 2142 271 58 causae.
2024 2142 271 58 Similiter

1262 2218 252 59 species
1445 2218 435 59 intelligibilis,
1812 2218 183 59 puta
1926 2218 321 59 albedinis,
2156 2218 137 59 con¬-

1262 2297 222 48 tinet
1410 2297 370 48 virtualiter
1706 2297 296 48 notitiam
1928 2297 247 48 illius
2101 2297 173 48 una
2175 2297 123 48 cum

1262 2374 329 56 intellectu
1521 2374 235 56 agente
1686 2374 165 56 vel
1780 2374 329 56 possibili,
2038 2374 188 56 quae
2132 2374 165 56 tamen

1260 2449 173 56 non
1359 2449 247 56 potest
1532 2449 247 56 haberi
1705 2449 197 56 nisi
1828 2449 395 56 praehabealur
2124 2449 173 56 actus

1258 2526 399 57 phantasiae,
1577 2526 213 57 quia
1710 2526 292 57 oportet
1896 2526 399 57 intelligentem

1258 2601 388 57 phantasmata
1569 2601 337 57 speculari
1828 2601 155 57 3.
1906 2601 155 57 de
1983 2601 259 57 Anima;
2139 2601 155 57 ergo

1261 2677 296 58 sequitur
1483 2677 197 58 quod
1607 2677 272 58 species
1804 2677 469 58 intelligibilis,
2175 2677 123 58 vel

1264 2755 201 57 quod
1390 2755 277 57 notitia
1591 2755 277 57 objecti
1793 2755 201 57 quae
1918 2755 176 57 non
2019 2755 252 57 potest
2170 2755 126 57 ha¬-

1259 2838 223 53 beri
1398 2838 223 53 sine
1537 2838 223 53 actu
1677 2838 418 53 phantasiae,
1983 2838 306 53 contineat

1264 2914 377 54 virtualiter
1566 2914 302 54 notitiam
1792 2914 226 54 illam
1918 2914 377 54 phantasticam.

1263 2990 202 55 Haec
1389 2990 227 55 etiam
1541 2990 328 55 responsio
1793 2990 253 55 potest
1970 2990 328 55 applicari
2197 2990 101 55 ad

1258 3072 294 52 primum
1434 3072 382 52 argumentum.

1316 3143 146 56 Et
1389 3143 195 56 quod
1511 3143 219 56 dicit
1657 3143 195 56 iste
1779 3143 244 56 Doctor
1949 3143 195 56 quod
2071 3143 219 56 istae
2193 3143 122 56 28,

1263 3220 441 56 propositiones
1626 3220 208 56 sunt
1756 3220 389 56 immediatae,
2042 3220 259 56 scilicet

1263 3294 207 54 omne
1392 3294 310 54 radiosum
1625 3294 181 54 est
1728 3294 439 54 calefaclivum,
2090 3294 155 54 et
2142 3294 155 54 omne

1264 3373 378 55 reubarbarum
1566 3373 176 55 est
1667 3373 352 55 purgativum
1944 3373 327 55 cholerae,
2170 3373 126 55 ha¬-

1265 3450 181 57 bet
1369 3450 310 57 probare.
1601 3450 181 57 Aut
1705 3450 207 57 enim
1834 3450 207 57 sunt
1963 3450 233 57 notae
2118 3450 181 57 per
2196 3450 103 57 se

1269 3524 147 54 ex
1342 3524 269 54 notitia
1538 3524 318 54 distincta
1783 3524 367 54 terminorum,
2077 3524 171 54 aut
2150 3524 147 54 con¬-

1267 3603 196 56 fusa
1389 3603 122 56 ;
1438 3603 171 56 sed
1536 3603 171 56 nec
1633 3603 196 56 sic,
1756 3603 171 56 nec
1854 3603 196 56 sic,
1976 3603 220 56 ergo.
2123 3603 171 56 Nam
2196 3603 98 56 si
