2653 3979
150 353 309 53 voluntas
382 353 257 53 divina
562 353 309 53 causando
793 353 231 53 talem
922 353 257 53 speciem,

146 427 259 65 supplet
335 427 212 65 vicem
477 427 259 65 objecti
665 427 354 65 Theologici,
948 427 189 65 quia
1043 427 141 65 nisi

150 503 211 63 talis
290 503 258 63 species
477 503 351 63 causaretur,
758 503 211 63 esset
876 503 304 63 impossibile

148 583 368 58 intellectum
443 583 246 58 Angeli
615 583 368 58 naturaliter
885 583 295 58 cognoscere

154 664 194 42 Deum
251 664 291 42 distincte.

127 728 206 62 .J5*,
264 728 252 62 Secunda
447 728 343 62 difficultas
722 728 160 62 est
813 728 137 62 in
882 728 160 62 hoc
973 728 183 62 quod
1065 728 114 62 di-

127 809 210 59 tas2.
267 809 187 59 cil,
383 809 187 59 quod
500 809 280 59 effeclus
710 809 163 59 non
804 809 350 59 demonstrat,
1060 809 117 59 nam

150 883 189 61 per
258 883 323 61 effectum
500 883 350 61 devenimus
770 883 162 61 in
824 883 350 61 cognitionem

140 960 284 59 plurium
347 960 335 59 veritatum
605 960 439 59 necessariarum
966 960 155 59 de
1017 960 155 59 Deo;

135 1038 273 59 patet,
326 1038 218 59 quia
462 1038 191 59 per
571 1038 328 59 effectum
790 1038 382 59 demonstramus

137 1116 259 55 primam
318 1116 259 55 causam
499 1116 207 55 esse
629 1116 155 55 et
706 1116 233 55 ipsam
862 1116 207 55 esse
965 1116 207 55 neces-

137 1193 168 52 se
221 1193 252 52 esse,
389 1193 168 52 et
473 1193 224 52 esse
613 1193 280 52 summum
808 1193 224 52 ens,
948 1193 168 52 et
1004 1193 168 52 esse

138 1267 370 57 simpliciter
434 1267 443 57 independentem,
803 1267 148 57 et
877 1267 222 57 omnes
1001 1267 172 57 istae

139 1346 297 41 veritates
368 1346 183 41 sunt
459 1346 320 41 necessariae,

111 1417 260 57 sponsio.
307 1417 130 57 Ad
372 1417 152 57 hoc
458 1417 195 57 dico,
588 1417 174 57 quod
697 1417 282 57 veritates
892 1417 282 57 necessariae

135 1493 290 58 quaesunt
352 1493 145 58 de
425 1493 266 58 Deo.non
618 1493 266 58 possunt
811 1493 217 58 sciri
956 1493 169 58 per
1028 1493 145 58 ali¬-

132 1570 208 57 quem
262 1570 338 57 effectum;
522 1570 156 57 ex
600 1570 182 57 quo
704 1570 208 57 enim
834 1570 182 57 per
912 1570 260 57 effectum

131 1645 181 57 non
235 1645 311 57 possumus
468 1645 363 57 cognoscere
753 1645 207 57 Deum
856 1645 311 57 distincte,

132 1725 304 55 sequitur
360 1725 203 55 quod
487 1725 177 55 nec
588 1725 228 55 etiam
740 1725 380 55 praedicatum
1019 1725 152 55 com-

109 1781 145 78 ST
181 1781 241 78 petens
350 1781 145 78 ei
423 1781 338 78 necessario
688 1781 241 78 potest
857 1781 314 78 cognosci.
1074 1781 97 78 Et

111 1873 263 68 stincteS
308 1873 154 68 cum
396 1873 241 68 dicitur
572 1873 132 68 de
638 1873 197 68 prima
769 1873 219 68 causa,
923 1873 175 68 etc.
1010 1873 154 68 dico,

108 1953 197 51 ■eum
232 1953 197 51 quod
355 1953 197 51 bene
478 1953 444 51 demonstratione
848 1953 222 51 quia,
996 1953 148 51 et
1046 1953 123 51 per

132 2027 355 57 effectum
398 2027 355 57 possumus
665 2027 443 57 cognoscere,
990 2027 177 57 quod

132 2103 278 56 aliquod
334 2103 177 56 ens
435 2103 177 56 est
536 2103 278 56 summum,
738 2103 177 56 vel
839 2103 202 56 quod
940 2103 227 56 aliquod

128 2178 191 56 ens
237 2178 191 56 est
346 2178 246 56 prima
510 2178 273 56 causa,
701 2178 191 56 vel
811 2178 219 56 quod
920 2178 246 56 aliquod

128 2255 173 54 ens
227 2255 173 54 est
326 2255 272 54 necesse
523 2255 197 54 esse
647 2255 173 54 vel
745 2255 395 54 independens,
1042 2255 123 54 sed

126 2331 197 55 quid
250 2331 173 55 sit
348 2331 222 55 illud
497 2331 173 55 ens
595 2331 148 55 in
669 2331 173 55 se,
768 2331 370 55 naturaliter
1040 2331 123 55 non

126 2408 241 53 potest
270 2408 265 53 cognosci.

177 2475 168 57 (b)
273 2475 263 57 Secunda
464 2475 216 57 ratio
608 2475 168 57 est
704 2475 168 57 ibi
800 2475 120 57 :
848 2475 263 57 Secundo
1015 2475 144 57 sic.

126 2552 203 54 Ilaec
262 2552 203 54 ratio
397 2552 158 54 est
487 2552 203 54 salis
622 2552 270 54 evidens,
825 2552 158 54 sed
915 2552 158 54 est
983 2552 180 54 ponde¬-

121 2627 248 55 randa.
295 2627 198 55 Haec
419 2627 223 55 ratio
567 2627 322 55 concludit
815 2627 322 55 Theologo,
1038 2627 124 55 qui

121 2703 234 55 habet
277 2703 338 55 concedere
537 2703 208 55 quod
667 2703 234 55 multa
823 2703 156 55 in
875 2703 286 55 Theologia

123 2779 480 55 considerantur,
524 2779 213 55 quae
657 2779 240 55 nullo
817 2779 213 55 modo
924 2779 240 55 possunt

126 2856 184 50 esse
241 2856 345 50 intellectui
517 2856 230 50 creato
678 2856 345 50 naturaliter
954 2856 207 50 nota,
1069 2856 92 50 ut

121 2931 141 55 ly
192 2931 353 55 naturaliter
475 2931 377 55 distinguitur
781 2931 236 55 contra
922 2931 236 55 superna-

121 3006 353 55 luraliter;
398 3006 202 55 quia
524 3006 227 55 prima
676 3006 353 55 substantia
953 3006 126 55 a
978 3006 177 55 nullo

121 3082 322 55 intellectu
374 3082 230 55 creato
535 3082 230 55 potest
696 3082 276 55 cognosci
880 3082 276 55 distincte,

120 3158 233 56 quoad
276 3158 207 56 ejus
405 3158 415 56 proprietates
742 3158 415 56 incomplexas,
1053 3158 104 56 ut

116 3233 258 57 probat
297 3233 258 57 Doctor
478 3233 155 57 in
556 3233 362 57 quodlibet,
840 3233 284 57 quaest.
1021 3233 129 57 14.

122 3309 171 56 ari.
229 3309 128 56 2.
293 3309 128 56 et
357 3309 235 56 patebit
528 3309 192 56 etiam
656 3309 192 56 infra
784 3309 128 56 d.
849 3309 128 56 3.
913 3309 235 56 quaest.
1062 3309 86 56 1.

102 3384 178 53 ectum
221 3384 119 53 et
280 3384 119 53 si
339 3384 158 53 ista
438 3384 277 53 Theologica
655 3384 178 53 fiant
774 3384 296 53 intellectui
991 3384 158 53 creato

99 3461 114 55 t
145 3461 159 55 ob-
236 3461 205 55 nola,
373 3461 159 55 hoc
464 3461 182 55 erit
578 3461 228 55 tantum
737 3461 159 55 per
805 3461 342 55 revelationem.

98 3536 215 54 tivum
241 3536 310 54 Concludit
480 3536 215 54 etiam
623 3536 143 54 ex
694 3536 191 54 hoc,
813 3536 191 54 quia
909 3536 238 54 objectum

100 3612 223 60 irini.
256 3612 334 60 Theologicum
523 3612 267 60 respectu
724 3612 334 60 intellectus
969 3612 178 60 divini

1234 351 359 52 naturaliter
1521 351 168 52 est
1617 351 263 52 motivum
1808 351 263 52 illius,
2000 351 144 52 et
2072 351 168 52 est
2143 351 120 52 im¬-

1234 427 305 53 possibile
1468 427 211 53 ipsum
1609 427 235 53 movere
1774 427 352 53 naturaliter
2032 427 235 53 intelle¬-

1232 504 206 51 ctum
1361 504 284 51 creatum
1568 504 129 51 ;
1619 504 181 51 sed
1722 504 155 51 si
1800 504 258 51 movet,
1980 504 258 51 tantum
2135 504 129 51 vo¬-

1227 579 328 54 luntarie
1472 579 273 54 movet,
1663 579 164 54 ul
1745 579 246 54 palet
1909 579 136 54 a
1964 579 300 54 Doctore
2155 579 109 54 in

1236 657 274 57 Quodlibet
1447 657 232 57 quaest.
1615 657 148 57 14.
1700 657 126 57 et
1763 657 169 57 ideo
1868 657 274 57 Theologia
2058 657 232 57 Tneoiogia

1231 720 125 63 in
1294 720 125 63 se
1356 720 125 63 et
1418 720 125 63 in
1480 720 311 63 intellectui
1729 720 228 63 divino,
1896 720 145 63 est
1979 720 125 63 de
2041 720 166 63 ali-
2145 720 125 63 in
2186 720 104 63 £e*

1228 810 235 53 quibus
1392 810 188 53 quae
1509 810 188 53 soli
1626 810 329 53 intellectu
1885 810 235 53 divino
2049 810 188 53 sunt
2143 810 117 53 na¬-

1230 885 291 55 turaliter
1454 885 202 55 nota;
1588 885 134 55 et
1655 885 134 55 si
1722 885 224 55 aliqua
1879 885 179 55 soli
1991 885 179 55 illi
2081 885 179 55 intel¬-

1224 960 230 56 lectui
1385 960 184 56 sunt
1500 960 345 56 naturaliter
1777 960 207 56 nota,
1915 960 184 56 erit
2007 960 253 56 subjectum

1222 1036 254 54 illius
1399 1036 355 54 scientiae,
1678 1036 177 54 cum
1779 1036 177 54 sit
1855 1036 406 54 perfectissimum

1225 1112 360 50 consideratum
1517 1112 135 50 in
1584 1112 180 50 tali
1697 1112 292 50 scientia,
1922 1112 135 50 et
1989 1112 157 50 sic
2079 1112 180 50 erit
2169 1112 90 50 de

1225 1187 164 56 Deo
1318 1187 141 56 ut
1389 1187 141 56 de
1459 1187 305 56 subjecto.
1694 1187 211 56 Dicit
1835 1187 188 56 ergo
1952 1187 164 56 sic
2046 1187 117 56 •
2069 1187 188 56 Primo,

1222 1263 201 56 quod
1348 1263 352 56 Theologia,
1625 1263 252 56 supple
1801 1263 151 56 in
1876 1263 176 56 se,
1977 1263 176 56 est
2078 1263 151 56 de
2128 1263 126 56 his

1222 1339 211 53 rebus
1362 1339 188 53 quae
1480 1339 188 53 soli
1597 1339 164 53 Deo
1691 1339 188 53 sunt
1808 1339 352 53 naturaliter
2066 1339 188 53 notae,

1221 1416 216 54 patet
1365 1416 216 54 ista,
1509 1416 192 54 quia
1629 1416 144 54 ex
1701 1416 168 54 quo
1797 1416 288 54 cognitio
1989 1416 264 54 Theologi¬-

1221 1493 144 54 ca
1293 1493 168 54 est
1389 1493 264 54 suprema
1581 1493 288 54 cognitio
1797 1493 144 54 et
1845 1493 408 54 supernaturalis,

1220 1568 281 57 respectu
1430 1568 211 57 omnis
1571 1568 351 57 intellectus
1851 1568 257 57 creati,
2015 1568 234 57 sequitur

1219 1642 206 58 quod
1348 1642 206 58 erit
1476 1642 154 58 de
1554 1642 257 58 aliquo
1734 1642 283 58 objecto
1914 1642 334 58 intellectui

1222 1721 239 56 creato
1390 1721 168 56 non
1485 1721 359 56 naturaliter
1772 1721 191 56 noto
1892 1721 120 56 ;
1940 1721 191 56 ergo
2060 1721 191 56 erit
2155 1721 96 56 de

1220 1795 258 54 objecto
1407 1795 188 54 soli
1525 1795 352 54 intellectui
1806 1795 282 54 increato
1994 1795 258 54 naturali¬-

1220 1873 163 52 ter
1313 1873 210 52 noto.
1453 1873 140 52 Et
1523 1873 280 52 probatio
1733 1873 140 52 in
1803 1873 257 52 littera
1990 1873 210 52 clara
2107 1873 140 52 est.

1217 1946 216 48 Addit
1361 1946 240 48 Doctor
1530 1946 120 48 :
1578 1946 168 48 Sed
1674 1946 216 48 solus
1818 1946 192 48 Deus
1938 1946 168 48 est
2035 1946 192 48 sibi
2131 1946 120 48 na¬-

1220 2024 274 57 turaliter
1431 2024 211 57 notus,
1578 2024 126 57 ut
1641 2024 190 57 satis
1768 2024 190 57 patet
1894 2024 126 57 in
1957 2024 232 57 quaest.
2126 2024 126 57 1.
2168 2024 84 57 et

1217 2099 132 57 in
1283 2099 198 57 dist.
1415 2099 154 57 39.
1503 2099 132 57 et
1569 2099 132 57 in
1635 2099 264 57 Quodlib.
1833 2099 242 57 quaest.
2009 2099 154 57 14.
2075 2099 176 57 Tertia

1219 2178 182 40 ratio
1340 2178 142 40 est
1401 2178 121 40 ibi.

1269 2246 144 55 (c)
1351 2246 205 55 Tertio
1494 2246 164 55 sic,
1597 2246 123 55 et
1658 2246 226 55 deducit
1822 2246 164 55 ista
1925 2246 185 55 ratio
2048 2246 123 55 ad
2109 2246 144 55 hoc
2171 2246 103 55 36.

1210 2321 441 62 inconveniens,
1573 2321 311 62 scilicet
1807 2321 208 62 quod
1937 2321 156 62 si
2014 2321 208 62 Deus
2118 2321 130 62 non

1215 2401 207 57 esset
1353 2401 299 57 subjectum
1583 2401 322 57 Theologiae
1837 2401 138 57 in
1906 2401 161 57 se,
1998 2401 207 57 esset
2113 2401 138 57 sub¬-

1204 2475 243 61 jectum
1374 2475 146 61 in
1447 2475 194 61 alia
1568 2475 316 61 scientia,
1811 2475 243 61 patet,
1981 2475 194 61 quia
2078 2475 170 61 solus

1209 2554 192 55 Deus
1329 2554 168 55 est
1425 2554 192 55 sibi
1546 2554 361 55 naturaliter
1834 2554 240 55 notus,
2003 2554 144 55 et
2051 2554 192 55 multae

1207 2630 392 60 proprietates
1526 2630 147 60 de
1600 2630 196 60 salo
1722 2630 172 60 Deo
1820 2630 417 60 vocificantur;
2139 2630 98 60 et

1208 2704 176 65 sic
1309 2704 202 65 ista
1435 2704 302 65 scientia
1661 2704 227 65 esset
1813 2704 252 65 semper
1964 2704 277 65 Theologia

1208 2781 152 57 in
1284 2781 177 57 se,
1385 2781 202 57 quod
1511 2781 177 57 est
1612 2781 278 57 falsum.
1814 2781 202 57 Quod
1941 2781 227 57 autem
2067 2781 177 57 esset

1207 2859 328 62 superior,
1459 2859 253 62 patet,
1636 2859 202 62 quia
1762 2859 328 62 subjectum
2015 2859 202 62 quod
2116 2859 126 62 est

1208 2934 204 54 Deus,
1345 2934 159 54 est
1435 2934 341 54 simpliciter
1685 2934 250 54 nobilius.

1259 3010 155 57 Si
1337 3010 309 57 dicatur,
1568 3010 206 57 quod
1697 3010 283 57 quamvis
1903 3010 180 57 non
2006 3010 180 57 sit
2083 3010 155 57 sub¬-

1196 3086 249 57 jectum
1370 3086 348 57 Theologiae
1644 3086 149 57 in
1718 3086 174 57 se,
1817 3086 224 57 tamen
1967 3086 273 57 notitia
2141 3086 99 57 de

1202 3164 181 60 Deo
1305 3164 310 60 traditur
1538 3164 155 60 in
1615 3164 335 60 Theologia
1873 3164 155 60 in
1950 3164 181 60 se.
2028 3164 206 60 Contra

1199 3239 173 68 hoc
1298 3239 248 68 arguit
1472 3239 272 68 Doctor,
1670 3239 198 68 quia
1793 3239 297 68 cognitio
1991 3239 248 68 subjecti

1200 3315 141 68 in
1270 3315 235 68 aliqua
1434 3315 282 68 scientia
1645 3315 164 68 est
1739 3315 211 68 magis
1880 3315 305 68 distincta
2091 3315 141 68 quam

1202 3393 276 56 cognitio
1409 3393 276 56 alterius
1616 3393 345 56 considerati
1891 3393 138 56 in
1960 3393 184 56 illa
2052 3393 184 56 scien¬-

1197 3468 196 62 tia,
1320 3468 196 62 quod
1443 3468 172 62 non
1541 3468 172 62 est
1640 3468 221 62 primo
1787 3468 319 62 subjectum
2008 3468 221 62 illius.

1196 3545 176 61 Hoc
1297 3545 252 61 patet,
1473 3545 202 61 quia
1599 3545 151 61 ex
1675 3545 176 61 quo
1775 3545 328 61 subjectum
2027 3545 176 61 vel
2103 3545 126 61 no¬-

1199 3620 206 62 titia
1337 3620 275 62 subjecti
1543 3620 344 62 virtualiler
1818 3620 275 62 continet
2002 3620 229 62 notitiam
