2682 3979
383 354 381 52 cujuseutnque
692 354 357 52 considerati
978 354 143 52 in
1049 354 190 52 illa
1144 354 262 52 scientia,

380 430 301 53 sequitur
605 430 200 53 quod
731 430 301 53 cognitio
956 430 301 53 subjecti
1182 430 200 53 erit
1282 430 125 53 di¬-

383 506 291 51 stinctior,
612 506 125 51 et
674 506 145 51 sic
757 506 187 51 patet
861 506 208 51 littera.

433 580 152 52 (d)
520 580 238 52 Praeter
693 580 195 52 autem
823 580 195 52 istas
953 580 173 52 tres
1061 580 282 52 rationes.
1256 580 152 52 Dein¬-

379 656 151 52 de
454 656 252 52 Doctor
631 656 252 52 probat
807 656 302 52 intentum
1033 656 352 52 principale
1285 656 126 52 per

375 732 308 52 quasdam
599 732 476 52 persuasiones.
990 732 168 52 Et
1074 732 252 52 prima
1214 732 196 52 salis

378 808 226 52 clara
529 808 201 52 est.
654 808 151 52 Et
730 808 201 52 quod
855 808 251 52 dicit,
1031 808 201 52 quod
1132 808 276 52 Theologia

381 883 171 51 pro
478 883 245 51 aliqua
650 883 220 51 parte
796 883 171 51 sui
894 883 171 51 est
992 883 342 51 sapientia,
1237 883 171 51 verum

380 958 183 52 est,
494 958 137 52 ut
563 958 274 52 cognitio
769 958 320 52 Theologica
1020 958 160 52 est
1112 958 137 52 de
1158 958 252 52 aeternis,

380 1035 137 51 et
449 1035 160 51 pro
540 1035 229 51 aliqua
701 1035 206 51 parte
838 1035 160 51 sui
929 1035 160 51 est
1021 1035 298 51 scientia,
1250 1035 137 51 et
1296 1035 114 51 hoc

376 1111 232 50 verum
531 1111 206 50 est,
660 1111 155 50 ut
737 1111 181 50 est
841 1111 310 50 cognitio
1047 1111 361 50 temporalium,

377 1185 250 40 etiam
544 1185 167 40 ut
627 1185 278 40 habent
822 1185 473 40 attributionem
1211 1185 167 40 ad
1267 1185 139 40 ae¬

361 1265 180 36 terna.

428 1335 283 50 Secunda
634 1335 360 50 persuasio.
917 1335 206 50 Quod
1046 1335 232 50 dicit
1200 1335 154 50 de
1252 1335 154 50 por¬-

381 1410 215 51 tione
525 1410 335 51 superiori,
788 1410 191 51 etc.
908 1410 168 51 nam
1003 1410 311 51 perfectio
1219 1410 191 51 porti¬-

377 1486 192 51 onis
497 1486 336 51 superioris
761 1486 144 51 in
833 1486 336 51 intellectu
1097 1486 168 51 est
1169 1486 240 51 cognitio

375 1562 352 51 aeternorum,
656 1562 188 51 quia
774 1562 352 51 intellectus
1056 1562 258 51 dicitur
1220 1562 188 51 portio

380 1638 318 51 superior,
624 1638 269 51 stricte
820 1638 318 51 loquendo,
1065 1638 318 51 inquantum
1285 1638 122 51 re¬-

374 1713 225 51 spicit
532 1713 270 51 aeterna.
735 1713 135 51 De
802 1713 158 51 hoc
892 1713 180 51 vide
1005 1713 248 51 diffuse
1185 1713 135 51 in
1230 1713 180 51 Docto-

375 1790 127 41 re
438 1790 127 41 in
502 1790 127 41 2.
565 1790 190 41 dist.
692 1790 148 41 24.
776 1790 127 41 et
840 1790 127 41 in
903 1790 127 41 3.
966 1790 190 41 dist.
1093 1790 148 41 15.
1178 1790 127 41 et
1220 1790 190 41 littera

353 1869 179 48 patet.

432 1928 167 54 (e)
527 1928 238 54 Tertia
694 1928 309 54 persuasio
932 1928 167 54 est
1027 1928 214 54 haec.
1146 1928 262 54 Persuasio

384 2004 154 52 ex
461 2004 179 52 hoc
564 2004 256 52 tenet,
743 2004 205 52 quia
872 2004 231 52 fides
1025 2004 231 52 habet
1179 2004 205 52 Deum
1282 2004 128 52 sub

380 2088 284 50 ratione
587 2088 310 50 Deitatis
819 2088 181 50 pro
922 2088 310 50 objecto,
1154 2088 155 50 ut
1206 2088 206 50 probat

378 2164 221 50 Doctor
532 2164 132 50 in
599 2164 132 50 3.
665 2164 199 50 dist.
797 2164 155 50 22.
886 2164 243 50 Caelera
1040 2164 199 50 patent.

713 2313 325 36 SGHOLIUM.

413 2446 224 45 Quoad
563 2446 299 45 secundam
787 2446 274 45 qusest.
986 2446 199 45 num.
1111 2446 150 45 3.
1161 2446 249 45 impugnat

368 2507 339 47 sententiam
634 2507 339 47 asserentem
901 2507 194 47 Deum
1022 2507 170 47 qua
1118 2507 170 47 ens
1191 2507 218 47 infini¬-

367 2570 189 48 tum,
486 2570 166 48 vel
580 2570 260 48 necesse
769 2570 189 48 esse
888 2570 166 48 vel
982 2570 189 48 quid
1101 2570 260 48 simile,
1266 2570 142 48 esse

371 2633 314 51 subjectum
612 2633 362 51 Theologiae,
902 2633 193 51 quia
1022 2633 338 51 sequeretur
1263 2633 145 51 quod

374 2699 361 45 naturaliter
663 2699 289 45 sciremus
880 2699 217 45 omnia
1024 2699 361 45 Theologica.
1290 2699 120 45 Se¬-

376 2764 219 45 cundo,
529 2764 197 45 nihil
661 2764 197 45 esset
792 2764 175 45 soli
902 2764 153 45 Deo
990 2764 329 45 naturaliter
1231 2764 175 45 notum.

372 2828 284 38 Refutat
579 2828 232 38 etiam
734 2828 232 38 aliam
889 2828 361 38 sententiam
1147 2828 258 38 tenentem

373 2891 183 45 Deum
488 2891 161 45 sub
579 2891 252 45 ratione
763 2891 344 45 attributali
1038 2891 183 45 esse
1130 2891 275 45 subjectum,

373 2955 224 45 tribus
529 2955 336 45 rationibus.
798 2955 201 45 Item,
932 2955 201 45 aliis
1066 2955 224 45 tribus
1201 2955 201 45 rejici,

369 3019 351 45 asserentes
645 3019 201 45 Deum
771 3019 201 45 esse
896 3019 301 45 objectum
1097 3019 301 45 Theologiae

366 3082 169 49 per
463 3082 314 49 respectum
704 3082 145 49 ad
777 3082 242 49 extra,
946 3082 145 49 ut
1019 3082 363 49 reparatoris
1285 3082 121 49 vel

365 3146 432 49 gubernatoris.
721 3146 331 49 Concludit
975 3146 203 49 Deum
1102 3146 178 49 non
1204 3146 178 49 sub
1280 3146 127 49 ra¬-

367 3209 203 51 tione
503 3209 338 51 universali,
773 3209 338 51 attributali
1043 3209 158 51 vel
1111 3209 293 51 respectiva,

367 3272 169 48 sed
464 3272 169 48 qua
560 3272 194 48 haec
681 3272 314 48 essentia,
923 3272 194 48 esse
1044 3272 290 48 objectum
1238 3272 169 48 Theo¬

355 3351 170 45 logiae.

428 3467 168 61 Ex
512 3467 196 61 his
624 3467 196 61 (a)
737 3467 281 61 dictis
933 3467 365 61 respondeo
1214 3467 168 61 ad
1270 3467 140 61 se¬-

368 3542 325 63 cundam
596 3542 521 63 quaestionem.
1019 3542 195 63 Ad
1085 3542 325 63 intelle¬-

365 3619 261 64 ctum
528 3619 293 64 cujus
724 3619 261 64 pono
887 3619 391 64 exemplum
1180 3619 163 64 :
1213 3619 195 64 Homo

1464 353 365 57 intelligitur
1761 353 137 57 ut
1829 353 228 57 animal
1989 353 319 57 rationale,
2239 353 182 57 utid
2331 353 182 57 Prol°?

1461 430 376 54 substantia,
1762 430 150 54 ut
1837 430 326 54 mansuetum
2087 430 276 54 natura,
2288 430 225 54 Henr.
2413 430 100 54 in

1451 510 208 46 ut
1555 510 553 46 nobilissimum
2005 510 484 46 animalium.
2351 510 138 46 In

1458 582 251 62 primo
1625 582 390 62 intellectu
1932 582 446 62 intelligitur
2266 582 223 62 secun¬-

1451 657 227 63 dum
1580 657 390 63 rationem
1873 657 552 63 quidditativam
2295 657 195 63 pro¬-

1456 733 314 60 priam;
1675 733 188 60 in
1769 733 345 60 secundo
2020 733 188 60 in
2115 733 377 60 communi;
2366 733 126 60 in

1456 808 287 63 tertio
1657 808 201 63 per
1772 808 374 63 accidens,
2060 808 172 63 id
2146 808 201 63 est
2261 808 172 63 in
2319 808 172 63 pro¬-

1455 882 237 63 pria
1603 882 385 63 passione;
1899 882 178 63 in
1988 882 296 63 quarto
2195 882 178 63 in
2254 882 237 63 respe¬-

1450 960 228 60 ctu
1581 960 195 60 ad
1678 960 325 60 aliud.
1906 960 228 60 Sed
2003 960 488 60 perfectissima

1454 1035 334 61 notitia
1697 1035 182 61 de
1788 1035 304 61 homine
2000 1035 213 61 non
2122 1035 304 61 potest
2304 1035 182 61 esse

1457 1111 163 62 in
1538 1111 326 62 respectu
1783 1111 163 62 ad
1865 1111 272 62 aliud,
2055 1111 218 62 quia
2191 1111 218 62 ista
2300 1111 190 62 prse-

1454 1186 356 59 supponit
1721 1186 356 59 notitiam
1988 1186 385 59 absoluti;
2284 1186 208 59 nec
2373 1186 119 59 de

1453 1261 297 63 homine
1661 1261 208 63 sub
1780 1261 326 63 ratione
2017 1261 415 63 passionis,
2314 1261 178 63 quia

1454 1338 326 62 notitia
1691 1338 385 62 passionis
1988 1338 474 62 praesupponit
2343 1338 148 62 no¬-

1455 1413 305 61 titiam
1668 1413 396 61 subjecti;
1973 1413 213 61 nec
2095 1413 183 61 de
2186 1413 305 61 homine
2369 1413 122 61 in

1451 1490 443 60 universali,
1806 1490 236 60 quia
1954 1490 236 60 illa
2102 1490 207 60 est
2190 1490 296 60 confusa;

1453 1566 237 60 ergo
1601 1566 444 60 nobilissima
1956 1566 355 60 cognitio
2223 1566 178 60 de
2282 1566 207 60 homi¬-

1453 1643 178 59 ne
1542 1643 207 59 est
1661 1643 355 59 secundum
1927 1643 355 59 rationem
2164 1643 326 59 quiddita¬-

1456 1719 287 60 tivam.
1657 1719 201 60 Ita
1772 1719 259 60 etiam
1945 1719 287 60 posset
2146 1719 230 60 poni
2261 1719 230 60 aliqua

1455 1795 355 61 scientia
1722 1795 178 61 de
1811 1795 207 61 Deo
1929 1795 207 61 sub
2048 1795 326 61 ratione
2255 1795 237 61 respe¬-

1456 1871 230 60 ctus
1600 1871 172 60 ad
1686 1871 287 60 extra,
1887 1871 172 60 ut
1974 1871 287 60 aliqui
2175 1871 287 60 ponunt
2347 1871 144 60 sub

1459 1947 298 59 ratione
1676 1947 407 59 reparatoris
2002 1947 190 59 vel
2083 1947 407 59 gubernatoris,

1458 2022 186 60 vel
1564 2022 292 60 capitis
1776 2022 371 60 Ecclesice.
2067 2022 186 60 Vel
2173 2022 265 60 posset
2332 2022 159 60 poni

1455 2097 178 61 de
1544 2097 207 61 Deo
1663 2097 207 61 sub
1781 2097 296 61 aliqua
1988 2097 325 61 ratione
2195 2097 296 61 attribu¬-

1454 2172 266 63 tali,
1632 2172 237 63 quae
1780 2172 207 63 est
1898 2172 266 63 quasi
2076 2172 325 63 passio,
2283 2172 207 63 sicut

1454 2249 314 63 aliqui
1673 2249 314 63 ponunt
1893 2249 188 63 de
1988 2249 220 63 Deo
2113 2249 251 63 hanc
2239 2249 251 63 scien¬-

1451 2325 260 50 tiam
1614 2325 260 50 esse
1777 2325 228 50 sub
1907 2325 358 50 ratione
2167 2325 293 50 boni.
2329 2325 163 50 Vel

1450 2402 336 63 posset
1686 2402 269 63 poni
1854 2402 202 63 de
1954 2402 235 63 Deo
2089 2402 235 63 sub
2190 2402 302 63 ratione

1450 2478 357 53 communi
1709 2478 195 53 et
1807 2478 487 53 universali,
2196 2478 195 53 ut
2261 2478 227 53 entis

1456 2553 177 58 vel
1557 2553 227 58 entis
1708 2553 328 58 infiniti,
1961 2553 177 58 vel
2062 2553 278 58 necesse
2264 2553 202 58 esse
2365 2553 126 58 vel

1455 2632 314 60 alicujus
1664 2632 210 60 talis.

1510 2702 294 63 Contra
1715 2702 264 63 istas
1891 2702 264 63 omnes
2068 2702 411 63 positiones
2361 2702 147 63 io*

1454 2764 351 80 arguitur,
1724 2764 162 80 et
1805 2764 243 80 primo
1967 2764 324 80 arguitur
2211 2764 216 80 con-
2319 2764 189 80 Ir?Si

1451 2847 206 63 tra
1568 2847 264 63 istam
1744 2847 176 63 de
1832 2847 323 63 ratione
2067 2847 352 63 communi.
2302 2847 206 63 Henr’

1444 2933 360 63 Nullus
1696 2933 468 63 conceptus
2057 2933 432 63 communis
2345 2933 144 63 de

1445 3008 236 51 Deo
1580 3008 404 51 continet
1883 3008 505 51 virtualiter
2253 3008 236 51 omnes

1451 3084 386 63 veritates
1748 3084 326 63 proprie
1986 3084 445 63 Theologicas
2312 3084 178 63 per¬-

1448 3161 390 61 tinentes
1741 3161 195 61 ad
1839 3161 520 61 pluralitatem
2229 3161 260 61 perso¬-

1443 3234 373 54 narum.
1704 3234 261 54 Nam
1853 3234 224 54 si
1965 3234 299 54 sic,
2152 3234 261 54 cum
2264 3234 224 54 illi

1447 3310 436 65 conceptus
1783 3310 402 65 communes
2051 3310 436 65 naturaliter

1451 3384 503 64 concipiantur
1859 3384 157 64 a
1922 3384 283 64 nobis
2111 3384 157 64 ;
2174 3384 252 64 ergo
2299 3384 189 64 pro¬-

1450 3458 469 66 positiones
1818 3458 469 66 immediatae
2187 3458 201 66 de
2254 3458 235 66 illis

1452 3535 458 64 conceptibus
1819 3535 336 64 possent
2063 3535 153 64 a
2124 3535 275 64 nobis
2276 3535 214 64 natu¬-

1457 3610 300 64 raliter
1675 3610 300 64 concipi
1893 3610 191 64 vel
2002 3610 381 64 intelligi,
2301 3610 163 64 et
2356 3610 136 64 per
