2653 3979
166 368 299 57 Doctor,
383 368 217 57 quod
519 368 190 57 ens
628 368 353 57 infinitum
899 368 190 57 est
981 368 217 57 primum

167 441 216 58 notum
311 441 216 58 nobis
455 441 144 58 de
527 441 168 58 Deo
623 441 120 58 ;
671 441 168 58 aut
768 441 192 58 enim
864 441 336 58 intelligitur

164 520 167 56 de
248 520 251 56 primo
415 520 223 56 noto
555 520 335 56 secundum
806 520 223 56 quid
917 520 279 56 nominis,

163 596 191 55 aut
272 596 327 55 secundum
517 596 218 55 quid
653 596 218 55 rei.
789 596 163 55 Si
871 596 300 55 primum,
1062 596 136 55 cum

164 673 155 56 in
242 673 337 56 Theologia
501 673 259 56 nostra
682 673 466 56 priesupponatur
1045 673 155 56 quid

163 747 284 58 nominis
370 747 207 58 Dei,
499 747 310 58 sequitur
732 747 207 58 quod
861 747 207 58 Deus
990 747 181 58 sub
1068 747 129 58 ra¬-

168 823 211 59 tione
308 823 281 59 Deitatis
519 823 188 59 erit
636 823 305 59 subjectum
871 823 141 59 in
918 823 281 59 Theologia,

165 898 276 57 nostra.
366 898 151 57 Si
441 898 276 57 secundo
642 898 226 57 modo,
793 898 176 57 hoc
894 898 176 57 est
969 898 226 57 falsum,

169 976 191 57 quia
289 976 310 57 definitio
527 976 287 57 infiniti
742 976 143 57 in
814 976 358 57 perfectione
1077 976 119 57 non

167 1052 168 57 est
263 1052 312 57 capibilis
503 1052 144 57 ab
575 1052 336 57 intellectu
838 1052 264 57 nostro;
1030 1052 144 57 et
1078 1052 120 57 hoc

166 1129 168 57 est
262 1129 240 57 contra
430 1129 263 57 naturam
621 1129 311 57 subjecti,
861 1129 192 57 quia
956 1129 240 57 cognitio

162 1207 197 54 quid
285 1207 270 54 nominis
482 1207 221 54 solum
605 1207 418 54 prjesupponitur.

217 1281 234 58 Tertio
380 1281 234 58 arguit
544 1281 164 58 sic
638 1281 117 58 :
684 1281 211 58 Illud
825 1281 164 58 est
918 1281 211 58 prius
1035 1281 164 58 notum

162 1357 253 57 nobis
330 1357 168 57 de
414 1357 196 57 quo
527 1357 337 57 formatur
779 1357 365 57 quseslio,
1032 1357 168 57 quam

166 1433 216 58 illud
310 1433 192 58 quod
430 1433 336 58 quaeritur.
694 1433 168 58 Sed
790 1433 144 58 de
862 1433 168 58 Deo
934 1433 264 58 quaerimus

167 1508 140 60 in
237 1508 328 60 Theologia,
494 1508 211 60 utrum
635 1508 164 60 sit
728 1508 304 60 infinitus
962 1508 140 60 in
1009 1508 187 60 perfe¬-

167 1585 252 59 ctione
343 1585 151 59 et
419 1585 277 59 vigore;
621 1585 177 59 sed
722 1585 328 59 conceptus
949 1585 252 59 infiniti

167 1663 172 57 non
266 1663 172 57 est
364 1663 246 57 primus
536 1663 344 57 conceptus,
807 1663 221 57 sicut
930 1663 270 57 conceptus

165 1740 207 56 Dei.
295 1740 233 56 Palet
450 1740 259 56 major,
632 1740 207 56 quia
761 1740 156 56 in
839 1740 207 56 omni
943 1740 259 56 proposi¬-

167 1816 245 58 tione
330 1816 245 58 prius
493 1816 381 58 concipimus
792 1816 353 58 subjectum
1037 1816 163 58 quam

168 1892 385 59 praedicatum,
481 1892 192 59 quod
601 1892 144 59 de
673 1892 192 59 illo
793 1892 385 59 praedicamus;
1082 1892 120 59 sed

163 1969 246 57 illud
327 1969 164 57 de
409 1969 191 57 quo
518 1969 355 57 quaerimus
791 1969 191 57 est
873 1969 328 57 subjectum,

167 2045 212 60 quod
300 2045 345 60 quaeritur
566 2045 186 60 est
672 2045 425 60 praedicatum,
1017 2045 159 60 ut
1070 2045 133 60 cum

171 2119 336 60 quaeritur,
435 2119 216 60 utrum
579 2119 192 60 Deus
699 2119 168 60 sit
794 2119 312 60 infinitus
1034 2119 120 60 :
1058 2119 144 60 haec

158 2197 122 42 ille.

228 2262 170 57 Pro
325 2262 365 57 responsione
617 2262 146 57 ad
690 2262 194 57 ista
811 2262 316 57 argumenta
1030 2262 170 57 prae¬-

173 2338 244 57 mitto
336 2338 217 57 duo.
472 2338 299 57 Primum,
689 2338 217 57 quod
825 2338 272 57 quando
988 2338 217 57 Doctor

1248 361 211 58 senii
1388 361 258 58 quaesi,
1576 361 164 58 sic
1670 361 211 58 illud
1810 361 188 58 quod
1927 361 258 58 ponitur
2091 361 188 58 subje¬-

1248 437 211 59 ctum,
1388 437 164 59 vel
1482 437 211 59 ratio
1623 437 281 59 subjecti
1834 437 141 59 in
1904 437 234 59 aliqua
2045 437 234 59 scientia

1245 513 176 55 non
1346 513 277 55 habente
1547 513 353 55 evidentiam
1824 513 151 55 ex
1900 513 202 55 tali
2001 513 277 55 subjecto,

1246 588 264 59 ponitur
1438 588 336 59 perfectius
1702 588 216 59 inter
1847 588 216 59 omnia
1967 588 312 59 considerata

1245 667 144 57 ab
1317 667 337 57 intellectu
1582 667 265 57 habente
1774 667 313 57 hujusmodi
1990 667 289 57 scientiam,

1247 742 151 61 et
1322 742 252 61 patet,
1499 742 201 61 quia
1624 742 151 61 eo
1700 742 201 61 modo
1826 742 176 61 quo
1927 742 277 61 ponitur
2103 742 176 61 ratio

1244 818 337 60 subjecti,
1503 818 155 60 eo
1581 818 207 60 modo
1710 818 181 60 per
1814 818 233 60 illam
1943 818 337 60 demonstran¬-

1247 895 181 59 tur
1351 895 414 59 proprietates
1687 895 155 59 de
1765 895 336 59 subjecto,
2023 895 233 59 cujus
2153 895 129 59 est

1252 971 201 60 talis
1386 971 224 60 ratio.
1542 971 201 60 Sicut
1676 971 179 60 ergo
1788 971 201 60 ratio
1922 971 268 60 formalis
2101 971 179 60 conti¬-

1244 1048 233 51 nendi
1400 1048 389 51 virtualiter
1711 1048 363 51 veritates,
1996 1048 181 51 est
2074 1048 207 51 medium

1245 1122 404 60 demonstrandi
1573 1122 404 60 proprietates
1901 1122 151 60 de
1976 1122 303 60 subjecto
2178 1122 101 60 in

1247 1200 303 48 scientia
1474 1200 278 48 habente
1676 1200 354 48 evidentiam
1954 1200 152 48 ex
2030 1200 202 48 tali
2131 1200 152 48 sub¬-

1240 1276 223 58 jecto
1389 1276 174 58 vel
1488 1276 273 58 ratione
1687 1276 298 58 formali,
1910 1276 223 58 sicut
2059 1276 223 58 patet
2183 1276 99 58 de

1247 1354 271 58 ratione
1445 1354 296 58 subjecti
1667 1354 345 58 Theologiae
1938 1354 148 58 in
2012 1354 173 58 se;
2110 1354 173 58 sic
2184 1354 99 58 in

1246 1429 312 48 scientia
1480 1429 182 48 non
1584 1429 286 48 habente
1791 1429 364 48 evidentiam
2077 1429 156 48 ex
2129 1429 156 48 sub¬-

1240 1504 242 59 jecto,
1409 1504 218 59 sicut
1555 1504 170 59 est
1652 1504 315 59 Theologia
1894 1504 145 59 in
1967 1504 242 59 nobis,
2112 1504 170 59 ratio

1248 1581 283 60 formalis
1460 1581 283 60 subjecti
1672 1581 212 60 talis
1814 1581 330 60 scientiae,
2073 1581 188 60 etsi
2167 1581 118 60 non

1250 1661 157 46 sit
1339 1661 180 46 vera
1452 1661 202 46 ratio
1587 1661 315 46 continendi
1834 1661 337 46 virtualiter
2081 1661 202 46 verita¬-

1250 1737 169 57 tes
1346 1737 145 57 in
1419 1737 193 57 tali
1539 1737 289 57 scientia
1756 1737 337 57 Theologica
1997 1737 289 57 considera¬-

1250 1814 202 53 tas,
1376 1814 227 53 tamen
1528 1814 202 53 erit
1654 1814 227 53 nobis
1805 1814 227 53 ratio
1932 1814 354 53 demonstrandi

1248 1889 322 58 hujusmodi
1496 1889 346 58 veritates,
1768 1889 198 58 quia
1891 1889 223 58 nobis
2040 1889 223 58 nihil
2163 1889 124 58 est

1249 1966 241 56 notius
1418 1966 145 56 et
1490 1966 362 56 perfectius,
1780 1966 169 56 per
1877 1966 193 56 quod
1997 1966 266 56 possint
2166 1966 121 56 de¬-

1250 2041 337 58 monstrari,
1514 2041 192 58 quam
1635 2041 216 58 ratio
1779 2041 216 58 talis
1923 2041 313 58 subjecti,
2140 2041 144 58 ideo

1248 2118 202 54 ipsa
1374 2118 177 54 est
1475 2118 227 54 ratio
1627 2118 429 54 demonstrandi,
1980 2118 202 54 etc.
2106 2118 152 54 Ex
2157 2118 126 54 hoc

1249 2193 259 57 infero,
1438 2193 165 57 cum
1532 2193 212 57 ratio
1673 2193 212 57 entis
1814 2193 282 57 infiniti
2026 2193 165 57 sit
2097 2193 188 57 perfe¬-

1251 2269 221 58 ctior
1399 2269 320 58 conceptus
1645 2269 393 58 consideratus
1964 2269 148 58 in
2014 2269 270 58 Theologia

1247 2345 272 46 nostra
1437 2345 191 46 non
1546 2345 299 46 habente
1764 2345 381 46 evidentiam
2063 2345 163 46 ex
2118 2345 163 46 sub-
