2682 3979
355 340 152 53 de
431 340 254 53 aliquo
608 340 228 53 ente.
761 340 152 53 Et
837 340 178 53 cum
938 340 228 53 dicit
1091 340 127 53 :
1141 340 228 53 Illud
1268 340 127 53 est

351 417 339 52 subjectum
611 417 339 52 scientiae
872 417 443 52 Philosophorum
1237 417 130 52 ;
1263 417 130 52 cum

351 494 480 50 supportalione,
751 494 187 50 hoc
858 494 293 50 indiget
1044 494 347 50 probatione,

354 569 219 52 quia
490 569 355 52 subjectum
764 569 164 52 in
846 569 410 52 Metaphysica
1173 569 191 52 est
1255 569 137 52 ens

349 644 347 52 inquantum
616 644 213 52 ens,
750 644 213 52 nisi
883 644 320 52 accipiat
1096 644 294 52 subjectum

355 721 164 50 pro
448 721 305 50 nobiliori
683 721 352 50 considerato
965 721 141 50 in
1036 721 188 50 tali
1130 721 258 50 scientia,

358 796 144 41 et
430 796 168 41 sic
526 796 168 41 ens
622 796 312 41 infinitum
862 796 168 41 est
957 796 384 41 nobilissimum
1245 796 144 41 con¬-

354 874 336 50 sideratum
613 874 155 50 in
690 874 310 50 scientia
923 874 466 50 Philosophorum.
1286 874 103 50 Et

355 949 195 53 cum
467 949 363 53 infertur,
746 949 223 53 ergo
885 949 195 53 non
997 949 195 53 est
1080 949 307 53 subjectum

354 1026 344 51 Theologiae
624 1026 294 51 nostrae,
845 1026 270 51 negatur
1017 1026 368 51 consequentia,

352 1102 155 51 Et
430 1102 181 51 cum
533 1102 259 51 dicit,
715 1102 207 51 quod
844 1102 337 51 Theologia
1103 1102 259 51 nostra
1259 1102 129 51 est

356 1177 295 50 scientia
578 1177 467 50 supernaluralis,
971 1177 295 50 concedo,
1192 1177 197 50 ergo
1291 1177 98 50 et

358 1253 302 51 cognitio
584 1253 302 51 subjecti
811 1253 352 51 Theologice
1087 1253 277 51 nostrae
1263 1253 126 51 est

355 1328 515 51 supernaluralis.
789 1328 298 51 Negatur
978 1328 407 51 consequentia,

358 1404 196 52 quia
481 1404 319 52 Theologia
727 1404 246 52 nostra
899 1404 172 52 non
997 1404 172 52 est
1095 1404 147 52 de
1144 1404 246 52 terminis

351 1480 415 50 incomplexis,
688 1480 181 50 sed
792 1480 156 50 de
870 1480 518 50 propositionibus,
1284 1480 104 50 ut

354 1557 226 50 patuit
512 1557 203 50 supra
648 1557 248 50 quaesi.
806 1557 90 50 1.

405 1633 151 53 Si
480 1633 302 53 arguatur
706 1633 176 53 sic
807 1633 176 53 per
908 1633 352 53 argumentum
1184 1633 226 53 Docto
1310 1633 75 53 -

347 1708 192 53 ris
456 1708 274 53 factum
648 1708 274 53 contra
840 1708 356 53 opinionem
1114 1708 274 53 primam
1278 1708 110 53 de

350 1784 259 56 ratione
539 1784 259 56 formali
728 1784 307 56 subjecti,
964 1784 165 56 qui
1058 1784 165 56 sic
1152 1784 236 56 arguit
1294 1784 94 56 in

349 1863 328 51 sententia
601 1863 126 51 :
652 1863 354 51 Cognoscens
930 1863 379 51 naturaliter
1207 1863 177 51 rati¬-

347 1937 224 56 onem
487 1937 336 56 formalem
739 1937 336 56 alicujus
991 1937 364 56 subjecti,
1243 1937 140 56 per

351 2015 216 51 illam
495 2015 361 51 naturaliter
784 2015 240 51 potest
952 2015 216 51 scire
1096 2015 216 51 omnes
1217 2015 168 51 veri¬-

354 2091 202 54 tates
488 2091 135 54 in
556 2091 180 54 tali
668 2091 270 54 scientia
871 2091 112 54 ;
916 2091 180 54 ergo
1028 2091 135 54 si
1096 2091 157 54 via
1163 2091 225 54 naturali

348 2169 327 49 possumus
593 2169 382 49 cognoscere
893 2169 327 49 rationem
1111 2169 273 49 formalem

353 2243 288 55 subjecti
569 2243 336 55 Theologiae
833 2243 288 55 nostrae,
1050 2243 288 55 sequitur
1242 2243 144 55 quod

351 2323 296 50 possumus
573 2323 345 50 cognoscere
845 2323 370 50 naturaliter
1116 2323 271 50 veritates

354 2397 385 54 consideratas
667 2397 144 54 in
739 2397 313 54 Theologia
979 2397 265 54 nostra,
1172 2397 192 54 quod
1268 2397 120 54 est

347 2473 293 53 falsum.
561 2473 240 53 Dico,
721 2473 213 53 quod
854 2473 187 53 hoc
960 2473 240 53 verum
1120 2473 267 53 esset,
1280 2473 107 53 si

358 2552 196 52 tale
480 2552 318 52 subjectum
725 2552 343 52 contineret
994 2552 367 52 virtualiter
1264 2552 122 52 hu¬-

353 2627 258 53 jusmodi
540 2627 376 53 veritates,et
846 2627 141 53 ut
916 2627 164 53 sic
1010 2627 211 53 esset
1151 2627 211 53 notum
1269 2627 117 53 no¬-

355 2704 229 53 bis,ut
515 2704 206 53 patet
653 2704 115 53 a
699 2704 275 53 Doctore,
905 2704 160 53 ubi
997 2704 229 53 supra,
1157 2704 137 53 et
1203 2704 183 53 potest

358 2780 201 54 elici
492 2780 134 54 ex
558 2780 223 54 dictis
715 2780 223 54 ipsius
871 2780 134 54 in
938 2780 245 54 qnaest.
1116 2780 134 54 1.
1161 2780 223 54 prologi,

358 2858 131 51 et
424 2858 197 51 dist.
555 2858 131 51 3.
621 2858 241 51 quaest.
796 2858 131 51 1.
861 2858 219 51 primi.
1014 2858 153 51 Sed
1102 2858 131 51 in
1145 2858 241 51 proposito

358 2933 216 54 ratio
502 2933 288 54 formalis
718 2933 288 54 subjecti
933 2933 336 54 Theologiae
1173 2933 216 54 nostrae

359 3012 147 44 ut
432 3012 293 44 nostrae,
652 3012 171 44 non
750 3012 171 44 est
847 3012 220 44 ratio
994 3012 342 44 continendi
1238 3012 147 44 vir¬-

365 3088 276 52 tualiter
572 3088 299 52 veritates
802 3088 368 52 Theologicas,
1101 3088 138 52 ut
1147 3088 161 52 dixi.

333 3162 164 52 52.
426 3162 141 52 Si
497 3162 258 52 dicatur
685 3162 117 52 :
732 3162 141 52 Si
802 3162 164 52 per
896 3162 282 52 rationem
1084 3162 305 52 infinitatis

359 3241 371 49 demonstro
645 3241 228 49 Deum
787 3241 228 49 esse
930 3241 285 49 trinum
1129 3241 171 49 et
1186 3241 200 49 unum,

352 3317 195 50 vel
464 3317 307 50 aliquod
687 3317 195 50 ens
798 3317 223 50 esse
938 3317 279 50 trinum
1133 3317 167 50 et
1189 3317 195 50 unum,

353 3392 226 52 quare
503 3392 376 52 Philosophi,
804 3392 176 52 qui
905 3392 351 52 perfectius
1180 3392 176 52 hoc
1256 3392 125 52 co¬-

349 3470 391 52 gnoverunt,
656 3470 195 52 non
768 3470 363 52 potuerunt
1019 3470 363 52 demonstrare

349 3545 353 54 hujusmodi
621 3545 435 54 infinitatem?
974 3545 245 54 Dico,
1137 3545 218 54 quod
1246 3545 136 54 nec

351 3622 232 56 etiam
506 3622 180 56 nos
609 3622 309 56 absolute
840 3622 309 56 possumus
1046 3622 335 56 demonstrare

1446 342 219 51 talem
1591 342 316 51 veritatem
1834 342 170 51 per
1932 342 292 51 rationem
2126 342 340 51 infinitatis,

1441 416 180 56 sed
1544 416 257 56 habita
1724 416 386 56 revelatione
2033 416 257 56 hujus,
2214 416 206 56 quod
2317 416 154 56 Deus

1445 496 160 47 est
1536 496 228 47 trinus
1696 496 137 47 et
1764 496 205 47 unus,
1901 496 137 47 si
1970 496 251 47 volumus
2152 496 228 47 alicui
2289 496 182 47 fideli

1443 568 171 52 hoc
1540 568 366 52 persuadere,
1833 568 220 52 nihil
1980 568 244 52 notius
2151 568 171 52 est
2248 568 220 52 nobis
2370 568 98 52 ad

1438 646 176 52 hoc
1538 646 402 52 persuadendum
1865 646 201 52 quam
1990 646 326 52 infinitas
2216 646 251 52 intensi-

1439 723 144 53 va
1511 723 216 53 talis
1655 723 240 53 entis,
1823 723 168 53 ita
1919 723 192 53 quod
2039 723 384 53 demonstratio
2327 723 144 53 Tri¬-

1438 798 263 50 nitatis
1630 798 168 50 per
1725 798 287 50 rationem
1941 798 287 50 infiniti
2156 798 239 50 tantum
2300 798 168 50 vale¬-

1434 874 185 54 ret
1539 874 317 54 credenti
1777 874 344 54 articulis
2042 874 264 54 fidei,
2227 874 185 54 sed
2306 874 159 54 puro

1438 950 335 54 Philosopho
1701 950 215 54 nihil
1845 950 287 54 valeret,
2060 950 168 54 sed
2156 950 263 54 diceret
2323 950 144 54 quod

1436 1022 251 52 omnino
1611 1022 351 52 repugnaret
1887 1022 201 52 tali
2013 1022 276 52 naturae
2213 1022 201 52 esse
2314 1022 150 52 for-

1437 1099 247 51 maliter
1616 1099 135 51 in
1683 1099 224 51 Iribus
1818 1099 292 51 suppositis.

1481 1174 179 51 Si
1571 1174 268 51 etiam
1750 1174 268 51 detur
1928 1174 358 51 secundum
2167 1174 298 51 membrum,

1438 1249 284 52 videlicet
1656 1249 175 52 quod
1766 1249 262 52 cognitio
1962 1249 196 52 entis
2093 1249 262 52 infiniti
2289 1249 153 52 sit
2355 1249 109 52 su-

1433 1328 464 54 pernaturalis,
1815 1328 245 54 adhuc
1978 1328 191 54 non
2087 1328 327 54 sequitur
2305 1328 164 54 quod

1439 1403 245 55 dicit,
1610 1403 196 55 quod
1732 1403 171 55 ita
1830 1403 196 55 bene
1952 1403 245 55 posset
2124 1403 294 55 cognosci
2319 1403 147 55 Deus

1437 1482 164 52 sub
1530 1482 257 52 ratione
1717 1482 304 52 Deitatis,
1951 1482 140 52 et
2021 1482 164 52 sic
2115 1482 187 52 esse
2209 1482 257 52 subjectum

1432 1558 344 52 Theologiae
1703 1558 295 52 nostrae.
1924 1558 221 52 Dico,
2071 1558 196 52 quod
2194 1558 147 52 si
2243 1558 221 52 aliquis

1434 1635 358 51 intellectus
1721 1635 263 51 haberet
1912 1635 358 51 cognitionem
2174 1635 287 51 distinctam

1430 1711 503 51 supernaluralem
1849 1711 279 51 ipsius
2044 1711 363 51 Deitatis,
2296 1711 168 51 quod

1433 1787 318 52 Theologia
1677 1787 147 52 in
1751 1787 196 52 tali
1873 1787 342 52 intellectu
2142 1787 269 52 haberet
2313 1787 147 52 Deum

1433 1866 171 50 sub
1530 1866 269 50 ratione
1726 1866 293 50 Deitatis
1946 1866 171 50 pro
2044 1866 318 50 subjecto,
2288 1866 147 50 ut
2337 1866 122 50 pa¬-

1430 1941 190 51 tet
1538 1941 136 51 a
1593 1941 299 51 Doctore
1810 1941 407 51 respondendo
2136 1941 163 51 ad
2190 1941 272 51 secundam

1432 2019 434 52 quaestionem.
1785 2019 190 52 Sed
1893 2019 217 52 quia
2029 2019 163 52 de
2110 2019 298 52 communi
2300 2019 163 52 lege

1433 2093 176 53 non
1533 2093 302 53 traditur
1760 2093 302 53 cognitio
1986 2093 452 53 supernaluralis
2337 2093 126 53 di¬-

1435 2172 263 51 stincta
1627 2172 239 51 ipsius
1794 2172 311 51 Deitatis,
2033 2172 144 51 et
2105 2172 168 51 per
2177 2172 287 51 consequens

1440 2246 135 60 non
1517 2246 155 60 erit
1614 2246 174 60 ratio
1729 2246 232 60 formalis
1903 2246 232 60 subjecti
2077 2246 270 60 Theologiae
2270 2246 213 60 Conceptus

1441 2324 232 59 nostrae;
1614 2324 116 59 et
1672 2324 154 59 quia
1769 2324 347 59 perfectissimus
2058 2324 270 59 conceptus,
2251 2324 232 59 perfectior

1437 2392 190 72 quem
1556 2392 285 72 possumus
1770 2392 238 72 habere
1936 2392 143 72 de
2008 2392 238 72 aliquo
2174 2392 190 72 ente
2269 2392 214 72 p0Jumus

1440 2463 133 72 via
1516 2463 247 72 naturali,
1706 2463 152 72 sive
1800 2463 171 72 etiam
1914 2463 133 72 via
1990 2463 341 72 supernaturali,
2255 2463 228 72 habg[®t5r'

1431 2552 336 57 loquendo
1683 2552 280 57 semper
1879 2552 168 57 de
1964 2552 308 57 communi
2188 2552 252 57 lege,
2328 2552 140 57 est

1440 2628 289 56 conceptus
1662 2628 200 56 entis
1795 2628 289 56 infiniti,
2017 2628 178 56 ideo
2128 2628 200 56 magis
2261 2628 155 56 per
2328 2628 155 56 ente,

1432 2704 353 57 hujusmodi
1703 2704 407 57 infinitatem
2029 2704 326 57 cognitam
2247 2704 217 57 demon¬-

1433 2781 292 50 stramus
1646 2781 345 50 veritates
1911 2781 398 50 Theologicas
2229 2781 212 50 quam
2335 2781 133 50 per

1437 2855 281 49 rationem
1647 2855 281 49 Deitatis
1858 2855 140 49 in
1928 2855 164 49 se,
2021 2855 164 49 cum
2115 2855 187 49 illa
2232 2855 164 49 sit
2302 2855 164 49 nobis

1428 2932 319 59 .ignota.
1668 2932 399 59 Concludimus
1987 2932 213 59 enim
2119 2932 239 59 multa
2279 2932 159 59 de
2332 2932 133 59 Deo

1439 3009 159 58 per
1530 3009 273 58 rationem
1735 3009 364 58 infinitatis,
2031 3009 182 58 quia
2145 3009 137 58 si
2191 3009 273 58 quaeratur,

1439 3084 220 59 quare
1585 3084 171 59 est
1683 3084 244 59 trinus
1853 3084 146 59 et
1926 3084 220 59 unus?
2073 3084 195 59 quia
2170 3084 293 59 infinitus;

1438 3161 230 57 quare
1592 3161 179 57 est
1694 3161 281 57 necesse
1899 3161 230 57 esse?
2053 3161 205 57 quia
2155 3161 307 57 infinitus;

1434 3235 266 57 quare
1611 3235 443 57 omnipotens?
1965 3235 236 57 sive
2112 3235 354 57 loquendo
2348 3235 118 57 de

1435 3311 412 57 omnipotentia
1770 3311 283 57 mediate
1976 3311 206 57 sive
2105 3311 361 57 immediate,
2363 3311 103 57 de

1436 3385 171 58 qua
1533 3385 244 58 Doctor
1704 3385 147 58 7;
1778 3385 269 58 quaest.
1973 3385 293 58 Quodlib.
2193 3385 196 58 quia
2291 3385 171 58 infi¬-

1433 3468 215 49 nitus
1577 3468 143 49 et
1648 3468 167 49 non
1744 3468 191 49 quia
1840 3468 167 49 Deus.

1486 3522 133 63 Si
1552 3522 244 63 dicatur
1730 3522 111 63 :
1774 3522 133 63 An
1840 3522 155 63 ens
1929 3522 288 63 infinitum
2151 3522 177 63 sive
2261 3522 199 63 enti-
2372 3522 111 63 53’

1436 3620 163 55 •as
1529 3620 304 55 infinita,
1763 3620 304 55 distincte
1996 3620 350 55 cognoscatur
2276 3620 140 55 an
2323 3620 140 55 cop-
