2653 3979
524 473 439 54 QUJESTIO
817 473 146 54 I.

253 601 208 59 Utrum
391 601 162 59 (a)
484 601 231 59 homini
645 601 162 59 pro
738 601 231 59 slcitu
900 601 185 59 isto
1015 601 162 59 sit
1084 601 185 59 neces¬-

294 678 279 60 sarium
489 678 307 60 aliquam
712 678 362 60 doctrinam
963 678 307 60 specialem

292 757 543 57 supernaturaliler
754 757 380 57 inspirari,
1053 757 163 57 ad
1107 757 163 57 quam

297 831 185 55 non
402 831 264 55 possit
587 831 343 55 attingere
850 831 264 55 lumine
1008 831 264 55 naturali

303 904 318 44 intellectus
536 904 64 44 ?

234 1344 137 60 .
288 1344 165 60 i.
371 1344 137 60 .
426 1344 302 60 Videtur
645 1344 247 60 quocl
810 1344 220 60 non,
947 1344 192 60 sic
1057 1344 137 60 :
1085 1344 192 60 Omnis

236 1420 280 60 sumitur
439 1420 305 60 potentia
668 1420 178 60 (b)
770 1420 254 60 habens
947 1420 280 60 aliquod
1125 1420 153 60 com-

239 1477 389 82 aabdee°qbuati°
563 1477 173 82 mune
671 1477 151 82 pro
758 1477 194 82 primo
887 1477 238 82 objecto
1038 1477 238 82 naturali,

238 1561 324 71 potentiae,
493 1561 232 71 potest
655 1561 139 71 in
724 1561 301 71 quodlibet
956 1561 301 71 contentum
1164 1561 116 71 sub

247 1649 252 60 illo,
415 1649 252 60 sicut
582 1649 168 60 in
666 1649 196 60 per
778 1649 168 60 se
862 1649 335 60 objectum
1085 1649 196 60 natu¬-

245 1723 292 61 rale.
439 1723 227 61 Hoc
569 1723 292 61 patet
763 1723 227 61 per
893 1723 389 61 exemplum
1152 1723 130 61 de

243 1800 275 59 primo
427 1800 336 59 objecto
671 1800 275 59 visus
855 1800 183 59 et
947 1800 275 59 aliis
1100 1800 183 59 con¬-

246 1875 281 53 tentis
442 1875 196 53 sub
555 1875 253 53 illo,
723 1875 168 53 et
807 1875 196 53 ita
919 1875 365 53 inductive
1172 1875 112 53 in

245 1950 259 62 aliis
418 1950 345 62 objectis
677 1950 288 62 primis
878 1950 173 62 et
936 1950 345 62 potentiis.

242 2026 302 61 Patet
444 2026 302 61 etiam
646 2026 235 61 per
780 2026 437 61 rationem,
1082 2026 202 61 quia

244 2101 306 61 primum
458 2101 367 61 objectum
734 2101 367 61 dicitur,
1009 2101 245 61 quod
1131 2101 153 61 est

246 2179 455 59 adaequatum
603 2179 455 59 potentiae;
960 2179 227 59 sed
1090 2179 195 59 si
1155 2179 130 59 in

250 2255 288 61 aliquo
452 2255 259 61 esset
625 2255 259 61 ratio
797 2255 259 61 ejus,
970 2255 259 61 circa
1114 2255 173 61 quod

247 2331 221 60 non
373 2331 315 60 posset
593 2331 378 60 potentia
877 2331 315 60 habere
1066 2331 221 60 actum

248 2407 504 61 naturaliter,
657 2407 220 61 non
783 2407 283 61 esset
940 2407 346 61 potentiae

247 2484 473 60 adaequatum,
625 2484 221 60 sed
751 2484 410 60 excederet
1034 2484 252 60 poten¬-

244 2558 284 62 tiam.
434 2558 284 62 Patet
623 2558 252 62 ergo
781 2558 315 62 major,
1001 2558 221 62 sed
1096 2558 189 62 pri¬-

248 2634 227 60 mum
377 2634 389 60 objectum
669 2634 486 60 intellectus
1026 2634 259 60 nostri

249 2709 408 60 naturale,
562 2709 220 60 est
688 2709 220 60 ens
813 2709 408 60 inquantum
1096 2709 188 60 ens;

251 2785 237 60 ergo
399 2785 444 60 intellectus
755 2785 296 60 noster
962 2785 296 60 potest
1140 2785 148 60 na¬-

257 2861 384 61 turaliter
552 2861 295 61 habere
758 2861 266 61 actum
935 2861 266 61 circa
1083 2861 207 61 quod¬-

252 2937 296 60 eumque
460 2937 237 60 ens,
608 2937 178 60 et
697 2937 207 60 sic
815 2937 267 60 circa
993 2937 178 60 qu
1052 2937 237 60 odeum¬-

255 3013 207 60 que
374 3013 532 60 intelligibile,
817 3013 266 60 etiam
994 3013 266 60 circa
1142 3013 148 60 non

251 3087 245 60 ens,
404 3087 245 60 quia
557 3087 336 60 negatio
802 3087 459 60 cognoscitur
1138 3087 153 60 per

254 3161 566 61 affirmationem;
726 3161 283 61 ergo,
914 3161 252 61 etc.
1040 3161 252 61 Proba-

235 3237 128 74 4
287 3237 282 74 Metaph.
492 3237 308 74 minoris,
723 3237 308 74 Avicenna
954 3237 154 74 1.
1006 3237 282 74 Metaphys.

235 3314 258 72 ^euS1’
416 3314 206 72 caP'
545 3314 181 72 *>•
648 3314 181 72 Ens
751 3314 155 72 oi
829 3314 181 72 res
932 3314 232 72 prima
1061 3314 232 72 impres-

238 3387 141 57 2.
308 3387 281 57 periher.
519 3387 211 57 sione
660 3387 352 57 imprimuntur
941 3387 141 57 in
1012 3387 258 57 animam,
1176 3387 117 57 nec

256 3466 357 59 possunt
515 3466 487 59 manifestari
905 3466 195 59 ex
1002 3466 292 59 alus;
1164 3466 130 59 81

259 3539 266 61 autem
437 3539 266 61 esset
614 3539 325 61 aliquid
851 3539 266 61 aliud
1028 3539 177 61 ab
1087 3539 207 61 istis

255 3616 347 60 primum
498 3616 451 60 objectum,
846 3616 278 60 ista
984 3616 313 60 possent

1310 350 472 62 manifestari
1687 350 220 62 per
1813 350 377 62 rationem
2064 350 283 62 illius,

1314 427 200 61 sed
1429 427 200 61 hoc
1543 427 200 61 est
1658 427 458 61 impossibile;
2002 427 200 61 ergo.

1378 501 300 57 Praeterea
1609 501 185 57 (c),
1724 501 231 57 sensus
1886 501 162 57 non
1978 501 254 57 indiget
2163 501 208 57 Rati°
2279 501 92 57 2-

1317 576 264 58 aliqua
1501 576 369 58 cognitione
1791 576 448 58 supernaturali
2134 576 237 58 simili.

1317 656 190 57 pro
1425 656 217 57 isto
1561 656 271 57 statu;
1751 656 217 57 ergo
1887 656 190 57 nec
1968 656 380 57 intellectus.

1314 729 428 60 Antecedens
1651 729 306 60 patet.
1865 729 367 60 Probatio
2109 729 245 60 conse¬-

1313 803 379 61 quentiae
1598 803 158 61 :
1661 803 316 61 Natura
1882 803 221 61 non
2008 803 348 61 deficit
2230 803 126 61 in

1318 880 416 52 necessariis,
1656 880 156 52 3.
1734 880 182 52 cie
1838 880 260 52 Anima,
2019 880 156 52 et
2097 880 156 52 si
2175 880 156 52 in
2227 880 130 52 im¬-

1316 955 386 61 perfectis
1613 955 208 61 non
1732 955 356 61 deficit,
2000 955 267 61 multo
2148 955 208 61 magis

1318 1030 202 62 nec
1434 1030 173 62 in
1520 1030 404 62 perfectis;
1838 1030 231 62 ergo
1982 1030 173 62 si
2068 1030 202 62 non
2155 1030 202 62 defi¬-

1320 1107 202 62 cit
1435 1107 173 62 in
1522 1107 375 62 potentiis
1810 1107 461 62 inferioribus
2156 1107 202 62 quan¬-

1318 1181 220 60 tum
1443 1181 189 60 ad
1538 1181 440 60 necessaria
1883 1181 220 60 eis
2009 1181 346 60 propter
2229 1181 126 60 a-

1320 1257 366 53 ctussuos
1595 1257 397 53 habendos,
1900 1257 183 53 et
1992 1257 275 53 finem
2144 1257 214 53 earum

1318 1331 590 62 consequendum,
1804 1331 313 62 multo
2013 1331 313 62 magis
2186 1331 174 62 non

1323 1407 308 60 deficit
1547 1407 168 60 in
1631 1407 420 60 necessariis
1968 1407 364 60 potentiae
2220 1407 140 60 su¬-

1323 1483 368 61 periori
1590 1483 201 61 ad
1691 1483 301 61 actum
1891 1483 268 61 suum
2059 1483 201 61 et
2126 1483 234 61 finem

1321 1561 543 60 consequendum;
1768 1561 287 60 ergo,
1928 1561 192 60 etc.

1389 1635 338 61 Praeterea
1649 1635 208 61 (d),
1779 1635 156 61 si
1857 1635 260 61 aliqua
2039 1635 234 61 talis
2195 1635 182 61 do-
2273 1635 104 61 2.

1333 1696 227 72 ctrina
1492 1696 159 72 sit
1583 1696 340 72 necessaria,
1855 1696 159 72 hoc
1946 1696 182 72 est,
2059 1696 182 72 quia
2150 1696 227 72 Eiu!?si>

1327 1786 365 64 potentia
1600 1786 182 64 in
1691 1786 274 64 puris
1874 1786 456 64 naturalibus
2208 1786 152 64 est

1325 1861 615 65 improportionata
1843 1861 389 65 objecto,
2134 1861 194 65 ut
2199 1861 162 65 sic

1329 1937 495 72 cognoscibili;
1736 1937 233 72 ergo
1882 1937 320 72 oportet
2086 1937 291 72 quodc^s.

1330 2015 200 64 per
1445 2015 315 64 aliquid
1674 2015 258 64 aliud
1846 2015 143 64 a
1903 2015 172 64 se
1989 2015 229 64 fiat
2132 2015 172 64 ei
2189 2015 172 64 pro-

1330 2092 484 62 portionata.
1717 2092 291 62 Illud
1911 2092 291 62 aliud
2105 2092 226 62 aut
2202 2092 161 62 est

1330 2167 374 62 naturale,
1618 2167 201 62 aut
1733 2167 518 62 supernaturale;
2165 2167 173 62 si
2222 2167 144 62 est

1325 2243 424 61 naturale,
1652 2243 261 61 ergo
1815 2243 294 61 totum
2010 2243 228 61 est
2108 2243 261 61 impro-

1325 2317 521 66 portionatum
1742 2317 382 66 objecto
2020 2317 348 66 primo;
2229 2317 139 66 si

1330 2394 566 65 supernaturale,
1802 2394 252 65 ergo
1959 2394 378 65 potentia
2211 2394 157 65 est

1331 2468 546 66 improportionata
1791 2468 259 66 illi,
1964 2468 172 66 et
2050 2468 201 66 ita
2136 2468 230 66 sequi¬-

1331 2546 207 64 tur
1450 2546 237 64 quod
1598 2546 207 64 per
1716 2546 266 64 aliud
1894 2546 325 64 oportet
2130 2546 178 64 ei
2189 2546 178 64 pro-

1331 2622 470 66 portionari,
1706 2622 188 66 et
1800 2622 219 66 sic
1926 2622 188 66 in
1988 2622 376 66 infinitum.

1328 2697 243 65 Cum
1467 2697 278 65 ergo
1641 2697 243 65 non
1780 2697 243 65 sit
1919 2697 451 65 procedere
2231 2697 139 65 in

1334 2776 403 59 infinitum,
1651 2776 173 59 2.
1737 2776 316 59 Metaph.
1967 2776 316 59 oportet
2169 2776 201 59 stare

1332 2848 195 66 in
1429 2848 325 66 primo,
1656 2848 357 66 dicendo
1916 2848 260 66 quod
2046 2848 325 66 potentia

1336 2925 447 62 intellectiva
1699 2925 195 62 sit
1811 2925 168 62 ex
1894 2925 168 62 se
1950 2925 419 62 proportionata

1334 3002 267 64 omni
1500 3002 567 64 cognoscibili,
1968 3002 200 64 et
2034 3002 334 64 secundum

1336 3079 282 61 omnem
1524 3079 282 61 modum
1712 3079 533 61 cognoscibilis
2151 3079 157 61 ;
2182 3079 188 61 qua¬-

1343 3163 175 49 re,
1418 3163 150 49 etc.

1393 3230 178 66 Ad
1482 3230 386 66 oppositum
1779 3230 178 66 2.
1868 3230 178 66 ad
1957 3230 326 66 Timoth.
2194 3230 178 66 3.
2253 3230 119 66 in

1343 3309 186 59 fine
1459 3309 117 59 :
1506 3309 210 59 Omnis
1646 3309 303 59 scriptura
1879 3309 303 59 divinitus
2088 3309 280 59 inspirata,

1339 3383 271 58 utilis
1528 3383 189 58 est
1637 3383 162 58 ad
1718 3383 352 58 docendum,
1988 3383 162 58 ad
2042 3383 325 58 arguendum,

1340 3456 223 60 etc.
1479 3456 390 60 Praeterea,
1786 3456 279 60 Baruch
1981 3456 167 60 3.
2065 3456 167 60 de
2120 3456 251 60 sapien¬-

1344 3534 185 59 tia
1449 3534 290 59 dicitur
1660 3534 132 59 :
1713 3534 185 59 Non
1818 3534 185 59 est
1924 3534 185 59 qui
2029 3534 264 59 possit
2187 3534 185 59 scire

1343 3612 237 61 vias,
1501 3612 184 61 sed
1606 3612 184 61 qui
1711 3612 211 61 scit
1843 3612 316 61 universa
2080 3612 237 61 novit
2212 3612 158 61 eam;
