2682 3979
416 333 180 58 (c)
519 333 256 58 Contra
698 333 231 58 istam
852 333 231 58 etiam
1006 333 333 58 opinionem
1237 333 154 58 sunt

367 410 220 55 iluce
513 410 294 55 rationes
734 410 294 55 ultimae,
954 410 147 55 de
1028 410 367 55 respectibus
1297 410 98 55 ad

367 485 251 54 extra,
542 485 201 54 quia
668 485 251 54 Verbum
843 485 201 54 esse
969 485 351 54 incarnatum
1219 485 176 54 dicit

368 564 250 52 Lanium
543 564 325 52 respectum
793 564 325 52 rationis,
1044 564 150 52 ut
1119 564 275 52 patebit
1294 564 100 52 in

368 638 140 55 3.
438 638 304 55 distinet.
671 638 140 55 1.
742 638 257 55 quaesi.
929 638 140 55 1.
999 638 140 55 et
1069 638 164 55 sic
1139 638 257 55 Theologia

369 711 191 57 qua)
488 711 215 57 esset
631 711 143 57 de
703 711 238 57 Verbo,
870 711 167 57 sub
965 711 191 57 tali
1084 711 286 57 respectu
1275 711 119 57 non

366 788 221 54 esset
514 788 270 54 realis.
710 788 172 54 Nec
808 788 319 54 similiter
1053 788 221 54 esset
1201 788 172 54 una
1274 788 123 54 per

364 864 148 53 se
438 864 320 53 scientia,
684 864 172 53 nec
782 864 221 53 etiam
930 864 246 53 posset
1077 864 320 53 demonstrari

369 940 228 56 aliqua
529 940 251 56 veritas
711 940 342 56 necessaria,
985 940 182 56 quia
1099 940 205 56 talis
1213 940 182 56 respe¬-

367 1018 217 53 ctus
502 1018 244 53 inest
665 1018 271 53 tantum
854 1018 433 53 contingenter
1206 1018 135 53 ;
1234 1018 162 53 haec

369 1092 220 53 omnia
515 1092 196 53 sunt
638 1092 294 53 exposita
858 1092 245 53 supra.
1029 1092 220 53 Alite
1151 1092 245 53 rationes

371 1167 293 51 sequentes
597 1167 180 51 sunt
710 1167 158 51 per
800 1167 135 51 se
868 1167 226 51 clarae
1025 1167 135 51 in
1071 1167 226 51 littera.

419 1239 186 57 (d)
525 1239 292 57 Videtur
737 1239 265 57 igitur
922 1239 345 57 dicendum,
1187 1239 212 57 quod
1293 1239 106 57 si

370 1315 257 55 totius
550 1315 334 55 medicina)
807 1315 283 55 ponatur
1013 1315 257 55 corpus
1167 1315 231 55 humanum

367 1391 155 56 ut
445 1391 361 56 subjectum,
728 1391 155 56 de
805 1391 180 56 quo
908 1391 438 56 demonstrantur
1243 1391 155 56 pas¬-

367 1465 257 57 siones
547 1465 257 57 primo,
727 1465 206 57 puta
856 1465 309 57 sanitas,
1087 1465 206 57 tunc
1190 1465 206 57 corpus

365 1541 335 59 inferius,
623 1541 206 59 puta
752 1541 258 59 corpus
932 1541 335 59 sanabile,
1164 1541 232 59 sangui¬-

368 1619 196 56 neum
490 1619 171 56 vel
588 1619 367 56 cholericum,
881 1619 171 56 non
979 1619 269 56 poterit
1175 1619 196 56 poni
1273 1619 122 56 pro

367 1693 301 57 subjecto
593 1693 226 57 primo
743 1693 151 57 et
819 1693 351 57 adaequato,
1095 1693 251 57 patet,
1245 1693 151 57 quia

371 1769 256 55 sanitas
557 1769 140 55 in
627 1769 280 55 communi,
837 1769 186 55 nata
953 1769 163 55 est
1046 1769 210 55 prius
1186 1769 210 55 sciri
1303 1769 93 55 de

370 1847 276 50 corpore
571 1847 301 50 sanabili
796 1847 150 50 in
871 1847 301 50 communi.
1097 1847 150 50 Si
1172 1847 201 50 enim
1273 1847 125 50 hoc

369 1922 239 52 totum
529 1922 133 52 :
582 1922 266 52 Corpus
768 1922 372 52 sanguineum
1034 1922 213 52 sanum,

370 1996 189 56 tur
478 1996 351 56 subjectum
748 1996 378 56 adaequatum
1044 1996 162 56 in
1098 1996 297 56 medicina,

370 2074 211 55 tunc
502 2074 396 55 particulare
819 2074 238 55 esset
977 2074 343 55 subjectum
1215 2074 185 55 magis

366 2146 402 57 adaequatum
682 2146 230 57 quam
826 2146 316 57 commune
1055 2146 316 57 corpus.
1256 2146 144 57 Tum

373 2223 243 56 etiam,
543 2223 195 56 quia
665 2223 195 56 tale
786 2223 292 56 includit
1006 2223 268 56 aliquam
1176 2223 219 56 passio¬-

364 2299 207 57 nem
483 2299 503 57 demonstrandam
897 2299 178 57 de
986 2299 355 57 corpore,
1222 2299 178 57 quae

371 2376 164 54 non
464 2376 234 54 potest
628 2376 187 54 esse
745 2376 210 54 ratio
885 2376 304 54 subjecti.
1119 2376 234 54 Patet,
1259 2376 140 54 quia

371 2450 215 55 sicut
514 2450 310 55 subjectum
753 2450 167 55 est
849 2450 215 55 prius
992 2450 239 55 natura
1135 2450 263 55 passione,

371 2525 160 56 ita
462 2525 205 56 ratio
599 2525 274 56 formalis
804 2525 274 56 subjecti
1009 2525 182 56 erit
1123 2525 205 56 prior
1237 2525 160 56 natu¬-

372 2601 164 55 ra;
465 2601 140 55 si
535 2601 187 55 ergo
652 2601 234 55 passio
816 2601 304 55 poneretur
1049 2601 210 55 ratio
1166 2601 234 55 formalis

367 2678 327 55 subjecti,
618 2678 201 55 tunc
744 2678 201 55 idem
869 2678 226 55 esset
1020 2678 226 55 prius
1171 2678 251 55 seipso
1322 2678 75 55 ;

371 2753 224 56 patet,
527 2753 179 56 quia
639 2753 201 56 ratio
773 2753 269 56 formalis
975 2753 269 56 subjecti
1176 2753 157 56 est
1243 2753 157 56 prior

368 2830 294 55 passione
589 2830 441 55 demonstrabili,
957 2830 147 55 et
1030 2830 172 55 per
1104 2830 294 55 consequens

369 2905 147 54 si
443 2905 245 54 passio
615 2905 319 54 poneretur
860 2905 221 54 ratio
1007 2905 319 54 formalis,
1228 2905 172 54 esset

371 2983 207 49 prior
486 2983 207 49 seipsa.

420 3054 159 57 (e)
511 3054 136 57 Et
579 3054 273 57 breviter
784 3054 273 57 quidquid
989 3054 296 57 diceretur
1216 3054 136 57 de
1262 3054 136 57 ali¬-

370 3132 160 52 qua
461 3132 274 52 medicina
667 3132 274 52 tradita,
872 3132 274 52 scilicet
1078 3132 183 52 quod
1192 3132 205 52 esset
1306 3132 91 52 de

366 3206 191 54 tali
486 3206 382 54 particulari,
796 3206 143 54 ut
868 3206 143 54 de
940 3206 191 54 ente
1059 3206 167 54 per
1131 3206 263 54 accidens,

363 3281 212 56 puta
495 3281 159 56 de
575 3281 292 56 corpore
787 3281 345 56 sanguineo
1052 3281 239 56 sano,
1184 3281 212 56 saltem

364 3357 215 51 esset
507 3357 358 51 impossibile
794 3357 239 51 primam
961 3357 310 51 scientiam
1199 3357 143 51 de
1247 3357 143 51 cor¬-

356 3433 198 53 pore
480 3433 297 53 hominis,
703 3433 198 53 esse
826 3433 223 53 primo
975 3433 148 53 de
1049 3433 272 53 corpore
1222 3433 173 53 homi¬-

361 3508 171 55 nis
458 3508 342 55 sanguineo.
727 3508 245 55 Patet,
899 3508 196 55 quia
1021 3508 220 55 ratio
1143 3508 245 55 corporis

359 3584 271 54 hominis
556 3584 148 54 in
630 3584 295 54 communi,
852 3584 172 54 est
950 3584 369 54 simpliciter
1221 3584 172 54 prior

1440 334 275 57 ratione
1640 334 275 57 hominis
1840 334 350 57 sanguinei,
2114 334 150 57 et
2189 334 200 57 ideo
2289 334 175 57 esset

1441 412 250 54 aliqua
1616 412 299 54 scientia
1840 412 225 54 prima
1990 412 150 54 de
2065 412 274 54 corpore
2239 412 225 54 hominis

1437 488 176 55 in
1525 488 324 55 communi
1760 488 235 55 quam
1907 488 176 55 de
1995 488 324 55 corpore
2201 488 265 55 hominis

1439 562 350 57 sanguineo,
1714 562 225 57 sicut
1864 562 250 57 palet.
2039 562 175 57 Hoc
2139 562 200 57 idem
2264 562 200 57 dico
2364 562 100 57 de

1442 639 220 55 prima
1588 639 293 55 scientia
1807 639 366 55 Theologica,
2100 639 195 55 quod
2222 639 195 55 erit
2320 639 146 55 pri¬-

1440 713 158 56 mo
1519 713 158 56 et
1598 713 342 56 adaequate
1861 713 158 56 de
1940 713 263 56 aliquo
2124 713 211 56 alio
2255 713 211 56 quam
2361 713 105 56 de

1445 788 279 55 Christo.
1654 788 209 55 Prius
1793 788 186 55 enim
1909 788 209 55 natum
2049 788 163 55 est
2142 788 209 55 sciri
2258 788 209 55 aliquid

1440 866 172 54 de
1526 866 258 54 Verbo
1698 866 373 54 absolute,
1985 866 229 54 quam
2128 866 172 54 de
2214 866 258 54 Verbo
2357 866 115 54 ut

1441 940 351 55 incarnato,
1717 940 201 55 quia
1843 940 151 55 ab
1918 940 276 55 aeterno
2119 940 151 55 et
2194 940 201 55 ante
2294 940 176 55 omnem

1442 1016 461 53 comparationem
1821 1016 163 53 ad
1903 1016 271 53 extra,
2092 1016 271 53 scitur
2255 1016 217 53 Verbum

1445 1091 216 55 gigni
1589 1091 120 55 a
1637 1091 240 55 Patre,
1804 1091 192 55 quia
1924 1091 311 55 productio
2164 1091 144 55 ad
2235 1091 216 55 intra
2355 1091 120 55 est

1441 1165 390 56 necessario
1747 1165 251 56 prior
1914 1165 223 56 omni
2054 1165 418 56 productione
2360 1165 111 56 ad

1442 1241 278 55 extra,
1637 1241 195 55 tam
1748 1241 418 55 simpliciter
2082 1241 223 55 quam
2194 1241 278 55 secundum

1449 1317 200 54 quid,
1582 1317 133 54 ut
1649 1317 222 54 probat
1804 1317 222 54 Doclor
1959 1317 133 54 in
2026 1317 133 54 2.
2093 1317 133 54 d.
2159 1317 133 54 1.
2226 1317 244 54 quaest.
2381 1317 89 54 2.

1446 1394 311 54 Similiter
1685 1394 191 54 erit
1805 1394 239 54 aliqua
1973 1394 287 54 scientia
2164 1394 311 54 simpliciter

1446 1466 221 57 prior
1594 1466 147 57 de
1667 1466 221 57 Patre
1814 1466 147 57 et
1888 1466 147 57 de
1961 1466 441 57 SpiriUTsancto,
2329 1466 147 57 et
2378 1466 98 57 de

1443 1543 201 55 ipso
1569 1543 176 55 Deo
1669 1543 227 55 trino
1820 1543 151 55 et
1896 1543 201 55 uno,
2022 1543 201 55 quam
2148 1543 176 55 sit
2248 1543 151 55 de
2299 1543 176 55 ipsis

1443 1621 172 53 sub
1542 1621 245 53 aliquo
1713 1621 294 53 respectu
1934 1621 147 53 ad
2007 1621 245 53 extra,
2179 1621 147 53 et
2252 1621 172 53 per
2326 1621 147 53 con¬-

1443 1690 276 53 sequens
1643 1690 175 53 cum
1744 1690 301 53 Christus
1969 1690 225 53 dicat
2119 1690 200 53 duas
2220 1690 251 53 naturas,

1444 1766 171 54 ita
1541 1766 196 54 quod
1664 1766 245 54 Verbum
1835 1766 220 54 dicit
1982 1766 318 54 respectum
2203 1766 269 54 passionis

1442 1842 172 53 ex
1528 1842 315 53 tempore
1757 1842 172 53 ad
1843 1842 315 53 naturam
2072 1842 400 53 assumptam,
2358 1842 114 53 de

1444 1918 206 53 ipso
1573 1918 180 53 non
1676 1918 283 53 poterit
1881 1918 206 53 esse
2010 1918 385 53 simpliciter
2292 1918 180 53 prima

1445 1994 335 55 scientia,
1703 1994 155 55 ut
1781 1994 258 55 patet;
1961 1994 206 55 erit
2090 1994 206 55 ergo
2193 1994 284 55 Theologia

1448 2069 143 54 de
1520 2069 191 54 Deo,
1639 2069 143 54 ut
1711 2069 143 54 de
1782 2069 215 54 primo
1925 2069 143 54 et
1997 2069 310 54 adaequato
2212 2069 262 54 subjecto,

1443 2147 155 52 ut
1521 2147 207 52 ipse
1650 2147 207 52 Deus
1779 2147 181 52 est
1882 2147 310 52 communis
2115 2147 258 52 tribus
2269 2147 207 52 perso¬-

1445 2221 192 54 nis,
1565 2221 144 54 et
1637 2221 192 54 tunc
1757 2221 336 54 salvabitur
2020 2221 192 54 quod
2140 2221 216 54 omnis
2260 2221 216 54 veritas

1445 2296 398 55 Theologica,
1763 2296 186 55 vel
1869 2296 186 55 est
1975 2296 159 55 de
2054 2296 239 55 primo
2187 2296 292 55 subjecto,

1447 2372 201 54 puta
1573 2372 201 54 quae
1698 2372 226 54 inest
1849 2372 176 54 Deo
1950 2372 176 54 per
2050 2372 302 54 rationem
2277 2372 201 54 Dei,
2377 2372 101 54 ut

1449 2446 182 55 ista
1563 2446 251 55 veritas
1745 2446 182 55 sive
1859 2446 342 55 proprietas,
2132 2446 182 55 quod
2246 2446 159 55 est
2315 2446 159 55 infi¬-

1449 2521 206 55 nitae
1586 2521 320 55 bonitatis,
1838 2521 160 55 vel
1929 2521 183 55 quod
2044 2521 160 55 est
2112 2521 366 55 communicabitis

1446 2597 277 54 tribus;
1647 2597 151 54 et
1723 2597 302 54 breviter
1949 2597 227 54 omnis
2100 2597 352 54 proprietas
2352 2597 126 54 di¬-

1447 2673 201 57 cens
1573 2673 402 57 perfectionem
1899 2673 402 57 simpliciter,
2226 2673 176 57 vel
2301 2673 176 57 quasi

1448 2750 144 55 de
1520 2750 215 55 parte
1663 2750 335 55 subjectiva
1927 2750 215 55 primi
2070 2750 311 55 subjecti,
2310 2750 144 55 ut
2357 2750 120 55 ge¬-

1447 2825 234 56 nerare
1611 2825 234 56 Patri,
1775 2825 281 56 generari
1986 2825 234 56 Filio,
2150 2825 258 56 spirare
2314 2825 164 56 Patri

1447 2903 141 54 et
1517 2903 234 54 Filio,
1681 2903 258 54 spirari
1869 2903 281 54 Spiritui
2079 2903 234 54 sancto
2244 2903 141 54 et
2290 2903 188 54 multae

1432 2977 261 54 'aliae,
1622 2977 190 54 quae
1741 2977 237 54 insunt
1907 2977 261 54 ratione
2097 2977 356 54 personarum.
2358 2977 119 54 Vel

1447 3052 191 55 erit
1566 3052 143 55 de
1638 3052 262 55 aliquo,
1829 3052 191 55 quod
1948 3052 358 55 attribuitur
2234 3052 143 55 ad
2282 3052 191 55 subje¬-

1445 3128 196 54 ctum
1567 3128 269 54 primum,
1763 3128 196 54 puta
1885 3128 147 54 de
1958 3128 294 54 creatura
2178 3128 196 54 quae
2276 3128 196 54 attri¬-

1439 3203 271 55 buitur
1629 3203 217 55 Deo,
1764 3203 298 55 quantum
1982 3203 163 55 ad
2063 3203 353 55 respectum
2307 3203 163 55 quem

1442 3278 232 53 habet
1597 3278 155 53 ad
1675 3278 232 53 Deum,
1829 3278 155 53 ut
1907 3278 207 53 Deus
2036 3278 207 53 est,
2165 3278 207 53 quia
2268 3278 207 53 depen¬-

1444 3355 264 44 dentia
1628 3355 343 44 creaturae
1892 3355 370 44 terminatur
2183 3355 158 44 ad
2262 3355 211 44 Deum
2367 3355 106 44 ut

1443 3431 183 53 Deus
1557 3431 183 53 est,
1672 3431 137 53 et
1740 3431 137 53 de
1809 3431 229 53 mullis
1969 3431 229 53 aliis.
2129 3431 160 53 Vel
2221 3431 160 53 per
2289 3431 183 53 attri¬-

1441 3509 302 55 butionem
1668 3509 151 55 ad
1743 3509 227 55 quasi
1894 3509 252 55 partem
2071 3509 403 55 subjectivam,
2373 3509 101 55 ut

1436 3584 258 57 palet
1608 3584 172 57 de
1694 3584 287 57 natura
1895 3584 344 57 assumpta
2153 3584 315 57 quantum
2353 3584 115 57 ad
