2653 3979
95 320 212 65 modo
228 320 424 65 intelligitur
573 320 318 65 assumere
812 320 265 65 partes
971 320 159 65 quam

103 399 224 61 totum,
260 399 135 61 ut
327 399 202 61 patet
461 399 135 61 in
529 399 224 61 tertio
686 399 157 61 ubi
775 399 202 61 supra
910 399 112 61 ;
955 399 135 61 et
999 399 135 61 quia

98 478 217 58 caro
234 478 190 58 est
342 478 244 58 prior
505 478 407 58 humanitate,
831 478 217 58 ideo
940 478 190 58 quasi

94 548 272 54 prius,
284 548 272 54 Verbum
475 548 300 54 dicitur
693 548 218 54 esse
802 548 327 54 incarnatum

95 627 226 55 quam
236 627 282 55 habere
433 627 452 55 humanitatem,
800 627 254 55 licet
941 627 198 55 simul

95 702 224 59 omnia
245 702 399 59 assumpserit,
569 702 150 59 ut
643 702 224 59 patet
793 702 150 59 in
868 702 249 59 tertio
1017 702 125 59 ubi

92 779 255 58 supra.
270 779 230 58 Sicut
423 779 230 58 etiam
576 779 306 58 dicimus,
806 779 204 58 quod
908 779 230 58 Joannes

94 854 247 56 primas
267 854 395 56 intelligitur
588 854 197 56 esse
711 854 197 56 ens,
834 854 247 56 deinde
982 854 148 56 sub¬-

99 931 264 59 stantia,
297 931 132 59 et
363 931 154 59 sic
451 931 352 59 descendendo,
738 931 154 59 sic
826 931 132 59 in
870 931 264 59 proposito.

149 1018 187 58 Vel
256 1018 293 58 aliter,
469 1018 320 58 secundum
709 1018 320 58 aliquos,
923 1018 213 58 posset

101 1092 202 57 dici,
235 1092 202 57 licet
370 1092 202 57 forte
505 1092 157 57 non
595 1092 157 57 ita
685 1092 135 57 ad
752 1092 225 57 sensum
887 1092 247 57 litterae;

98 1172 241 56 potest
267 1172 193 56 ergo
388 1172 217 56 etiam
532 1172 169 56 sic
629 1172 314 56 intelligi
870 1172 266 56 quantum
1039 1172 97 56 ad

97 1248 304 57 unionem,
325 1248 203 57 quia
452 1248 228 57 prius
604 1248 406 57 intelligitur
908 1248 228 57 unionem

96 1322 387 57 terminari
394 1322 178 57 ad
483 1322 297 57 Verbum
691 1322 238 57 quam
810 1322 327 57 humanitas

98 1398 396 56 intelligatur
420 1398 198 56 ibi;
543 1398 198 56 unio
667 1398 198 56 enim
791 1398 198 56 illa
890 1398 247 56 causatur

96 1474 337 53 immediate
356 1474 130 53 a
407 1474 208 53 Deo,
537 1474 156 53 et
615 1474 311 53 fundatur
849 1474 156 53 in
900 1474 234 53 humani¬-

99 1552 218 57 tate
235 1552 164 57 et
317 1552 382 57 terminatur
617 1552 164 57 ad
699 1552 300 57 Verbum.
918 1552 164 57 Si
972 1552 164 57 ergo

97 1627 267 57 Verbum
284 1627 294 57 dicatur
498 1627 401 57 incarnatum,
818 1627 214 57 quia
925 1627 214 57 termi¬-

99 1703 173 56 nat
198 1703 222 56 talem
346 1703 296 56 unionem,
569 1703 198 56 tunc
692 1703 198 56 erit
816 1703 222 56 prius
939 1703 198 56 incar¬-

98 1779 223 56 natum
247 1779 198 56 quam
371 1779 396 56 intelligatur
693 1779 372 56 humanitatem
966 1779 173 56 prae¬-

98 1854 261 59 dicari
281 1854 157 59 de
359 1854 235 59 illo.
516 1854 235 59 Prius
672 1854 209 59 enim
777 1854 365 59 intelligitur

95 1931 199 56 unio
220 1931 323 56 albedinis
468 1931 149 56 ad
543 1931 323 56 subjectum
792 1931 199 56 quam
891 1931 249 56 intelli¬-

95 2007 234 57 gatur
251 2007 338 57 albedinem
511 2007 364 57 praedicari
798 2007 156 57 de
850 2007 286 57 subjecto,

94 2083 183 56 nec
198 2083 340 56 diceremus
460 2083 340 56 subjectum
722 2083 340 56 terminare
957 2083 183 56 unio¬-

100 2159 177 55 nem
201 2159 354 55 albedinis,
479 2159 278 55 ratione
682 2159 253 55 ipsius
833 2159 304 55 albedinis,

102 2236 173 54 cum
201 2236 222 54 prius
349 2236 395 54 intelligatur
669 2236 271 54 unionem
867 2236 222 54 illam
990 2236 148 54 ter¬-

99 2312 260 54 minari
281 2312 208 54 quam
411 2312 416 54 intelligamus
750 2312 338 54 albedinem
984 2312 156 54 esse

102 2386 156 57 in
180 2386 312 57 subjecto
414 2386 156 57 ut
492 2386 156 57 in
570 2386 338 57 subjecto,
830 2386 156 57 id
908 2386 182 57 est
986 2386 156 57 quam

101 2463 239 56 prius
261 2463 346 56 denominet
527 2463 372 56 subjectum.
820 2463 186 56 Sic
926 2463 213 56 dico
1033 2463 106 56 in

103 2539 346 57 proposito,
375 2539 198 57 quod
499 2539 247 57 Verbum
672 2539 223 57 prius
796 2539 346 57 intelligitur

110 2616 345 55 terminare
375 2616 292 55 unionem
587 2616 292 55 naturae
799 2616 292 55 humanae
984 2616 159 55 quam

107 2691 246 55 unione
280 2691 271 55 dicatur
477 2691 369 55 simpliciter
772 2691 369 55 incarnatum,
1043 2691 98 55 et

109 2768 197 56 quam
232 2768 393 56 intelligatur
552 2768 320 56 humanitas
798 2768 148 56 in
872 2768 197 56 illo
994 2768 148 56 ut
1044 2768 98 56 in

109 2843 336 57 subjecto,
368 2843 155 57 id
445 2843 181 57 est
549 2843 155 57 ut
627 2843 362 57 denominans
911 2843 181 57 suo
989 2843 155 57 modo

108 2921 363 56 subjectum.
393 2921 181 56 Non
497 2921 207 56 enim
627 2921 181 56 est
730 2921 181 56 ibi
834 2921 156 56 ut
886 2921 259 56 accidens

107 2995 164 56 in
189 2995 355 56 subjecto,
462 2995 191 56 cum
571 2995 191 56 non
680 2995 328 56 informet
898 2995 246 56 Verbum,

107 3071 187 56 nec
214 3071 267 56 aliquo
401 3071 213 56 modo
534 3071 374 56 perficiat,
828 3071 160 56 ut
908 3071 240 56 patet
1041 3071 107 56 ex

112 3147 258 55 Doctore
299 3147 141 55 in
370 3147 141 55 3.
440 3147 141 55 d.
511 3147 141 55 1.
581 3147 141 55 q.
652 3147 141 55 1.
722 3147 164 55 sed
816 3147 258 55 dicitur
981 3147 164 55 prae¬-

112 3222 241 55 dicari
281 3222 145 55 de
353 3222 217 55 Verbo
498 3222 410 55 denominalive,
835 3222 145 55 ut
884 3222 265 55 praedica¬-

111 3300 169 55 tio
207 3300 386 55 denominativa
521 3300 386 55 distinguitur
834 3300 241 55 contra
979 3300 169 55 quid-

114 3374 338 56 ditativam,
379 3374 169 56 non
476 3374 145 56 ut
548 3374 386 56 distinguitur
862 3374 241 56 contra
1006 3374 145 56 sub¬-

115 3451 379 54 stantialem,
418 3451 177 54 qua
519 3451 278 54 dicimus
721 3451 202 54 unam
822 3451 329 54 substantiam

118 3525 352 54 praedicari
395 3525 151 54 de
470 3525 227 54 alia,
621 3525 227 54 licet
772 3525 176 54 una
873 3525 176 54 non
974 3525 176 54 sit
1049 3525 101 54 de

128 3602 261 48 essentia
324 3602 283 48 alterius.
541 3602 174 48 Vide
650 3602 217 48 8cotum
802 3602 152 48 r>r
889 3602 130 48 3.
954 3602 196 48 dist.
1063 3602 87 48 7.

1516 327 320 39 SGHOLIUM,

1233 435 236 52 Solvit
1399 435 307 52 argumenta
1634 435 236 52 primae
1799 435 354 52 quaestionis
2059 435 165 52 posi¬-

1186 497 138 53 ta
1255 497 183 53 nura
1370 497 138 53 i.
1438 497 138 53 et
1507 497 138 53 2.
1576 497 161 53 pro
1668 497 252 53 utraque
1851 497 183 53 via,
1943 497 275 53 explicando

1185 565 212 49 varia
1327 565 283 49 Axiomata
1516 565 354 49 Philosophica.

1233 695 197 68 Ad
1332 695 328 68 primum
1561 695 230 68 (a)
1693 695 460 68 argumentum
2021 695 197 68 pri¬-

1181 772 213 68 mae
1302 772 487 68 quaestionis.
1698 772 183 68 Ad
1790 772 335 68 Boetium
2003 772 213 68 dico,

1182 848 231 68 quod
1326 848 346 68 loquitur
1586 848 202 68 ibi
1701 848 173 68 de
1788 848 346 68 subjecto
2018 848 202 68 acci¬-

1180 925 297 65 dentis
1388 925 178 65 et
1477 925 208 65 non
1596 925 178 65 de
1685 925 356 65 subjecto
1923 925 297 65 conside¬-

1182 1000 385 66 rationis.
1479 1000 178 66 Ad
1567 1000 267 66 aliud
1745 1000 178 66 de
1834 1000 326 66 secundo
2041 1000 178 66 Phy-

1183 1076 296 68 sicor.
1391 1076 237 68 dico
1539 1076 237 68 quod
1687 1076 415 68 intelligit
2013 1076 178 68 de
2072 1076 148 68 ma¬-

1182 1152 267 66 teria
1360 1152 178 66 ex
1449 1152 237 66 qua,
1598 1152 208 66 non
1717 1152 178 66 in
1806 1152 208 66 qua
1924 1152 208 66 vel
2013 1152 208 66 circa

1180 1233 283 68 quam.
1368 1233 220 68 Vel
1494 1233 345 68 melius,
1745 1233 251 68 quod
1871 1233 345 68 subjectum

1181 1311 428 61 scientiae,
1518 1311 367 61 secundum
1793 1311 397 61 veritatem
2068 1311 153 61 non

1182 1385 366 71 pertinet
1457 1385 183 71 ad
1549 1385 275 71 genus
1732 1385 305 71 causse
1915 1385 305 71 materia¬-

1185 1461 217 68 lis,
1320 1461 190 68 sed
1429 1461 163 68 ad
1510 1461 244 68 genus
1673 1461 271 68 causae
1835 1461 380 68 efficientis;

1181 1538 325 68 dicitur
1418 1538 266 68 tamen
1596 1538 385 68 subjectum
1862 1538 355 68 scientiae,

1179 1615 380 68 materia,
1464 1615 221 68 per
1591 1615 348 68 quamdam
1812 1615 411 68 similitudi¬-

1180 1690 221 59 nem
1307 1690 189 59 ad
1401 1690 441 59 factionem,
1748 1690 221 59 ubi
1874 1690 284 59 simul
2032 1690 189 59 con¬-

1185 1768 309 66 currunt
1410 1768 253 66 ratio
1578 1768 309 66 objecti
1803 1768 253 66 circa
1972 1768 253 66 quod,
2113 1768 112 66 et

1183 1842 285 64 ratio
1373 1842 380 64 materiae
1659 1842 507 64 susceptivae,
2039 1842 190 64 quia

1182 1920 306 56 factio
1397 1920 214 56 est
1519 1920 275 56 actus
1703 1920 398 56 transiens
1978 1920 245 56 extra,

1184 1995 209 67 non
1303 1995 209 67 sic
1423 1995 209 67 est
1542 1995 179 67 de
1631 1995 238 67 actu
1780 1995 328 67 proprio
1989 1995 238 67 scien¬-

1184 2072 267 66 tiae.
1362 2072 267 66 Tamen
1540 2072 475 66 intelligitur
1897 2072 326 66 transire,

1183 2147 269 71 quia
1351 2147 235 71 non
1486 2147 470 71 terminatur
1855 2147 201 71 in
1955 2147 235 71 se,
2056 2147 168 71 sed

1187 2226 178 65 ad
1276 2226 266 65 aliud
1454 2226 266 65 circa
1631 2226 237 65 quod
1779 2226 237 65 est,
1927 2226 266 65 licet
2075 2226 148 65 non

1186 2302 414 70 recipiatur
1512 2302 177 70 in
1600 2302 236 70 illo
1748 2302 266 70 circa
1925 2302 236 70 quod
2044 2302 177 70 est,

1188 2379 214 62 sed
1311 2379 305 62 manet-
1524 2379 183 62 in
1616 2379 367 62 sciente.
1891 2379 183 62 Et
1952 2379 275 62 propter

1187 2450 237 73 hanc
1336 2450 475 73 proprietatem
1722 2450 386 73 materiae,
1989 2450 237 73 scili¬-

1189 2526 196 68 cet
1301 2526 224 68 esse
1441 2526 252 68 circa
1609 2526 252 68 quod,
1778 2526 364 68 subjectum
2030 2526 196 68 dici¬-

1184 2604 215 66 tur
1307 2604 338 66 materia
1553 2604 368 66 respectu
1829 2604 399 66 scientiae
2105 2604 123 66 et

1191 2687 253 61 actus
1331 2687 197 61 ejus,

1251 2755 159 67 Ad
1330 2755 238 67 illud
1488 2755 185 67 (b)
1594 2755 159 67 de
1673 2755 238 67 primo
1832 2755 370 67 Posterior.
2096 2755 132 67 Di¬-

1189 2832 173 70 co
1276 2832 231 70 quod
1420 2832 375 70 subjectum
1709 2832 404 70 cujuslibet
1997 2832 231 70 scien¬-

1191 2907 231 59 tiae
1335 2907 433 59 naturaliter
1682 2907 375 59 inventae,
1970 2907 202 59 est
2057 2907 173 59 ali¬-

1191 2984 260 72 quod
1353 2984 487 72 universale;
1743 2984 260 72 ideo
1873 2984 357 72 subjectum

1191 3059 254 67 talis
1360 3059 394 67 scient:ae,
1670 3059 310 67 oportet
1895 3059 225 67 quod
2008 3059 225 67 habeat

1190 3137 316 69 partes
1412 3137 506 69 subjectivas.
1822 3137 316 69 Istius
2012 3137 221 69 autem

1198 3213 355 65 scientiae
1471 3213 355 65 subjectum
1744 3213 191 65 est
1853 3213 328 65 essentia
2072 3213 164 65 hcec

1195 3287 178 69 ut
1284 3287 444 69 singularis,
1640 3287 237 69 quia
1758 3287 474 69 imperfectionis

1194 3364 220 57 est
1319 3364 188 57 in
1413 3364 314 57 natura
1633 3364 314 57 creata
1822 3364 408 57 universali,

1196 3439 245 71 quod
1349 3439 184 71 in
1441 3439 306 71 multis
1655 3439 490 71 singularibus
2023 3439 214 71 divi¬-

1194 3509 315 67 datur;
1415 3509 252 67 ista
1573 3509 315 67 igitur
1762 3509 473 67 imperfectione

1199 3585 325 68 ablata,
1436 3585 325 68 remanet
1672 3585 236 68 quod
1820 3585 236 68 ista
1938 3585 296 68 essentia
