2653 3979
181 339 390 63 communem
473 339 195 63 de
570 339 292 63 ente,
765 339 195 63 in
863 339 227 63 qua
960 339 260 63 trada¬-

182 415 226 64 tur
311 415 388 64 cognitio
602 415 421 64 passionum
926 415 194 64 de
991 415 226 64 ente,

181 489 237 66 quae
330 489 415 66 supponitur
656 489 178 66 in
745 489 267 66 aliis
893 489 326 66 scientiis

179 566 489 65 specialibus.
577 566 183 65 Si
669 566 306 65 igitur
883 566 306 65 aliqua
1066 566 153 65 est

177 642 444 64 naturaliter
532 642 207 64 de-
651 642 207 64 Deo
769 642 325 64 praeter
976 642 237 64 istam,

176 718 208 52 est
295 718 238 52 alia
444 718 178 52 de
533 718 238 52 ente
682 718 446 52 naturaliter
1009 718 208 52 scita

176 794 414 61 inquantum
463 794 191 61 ens.

231 870 246 62 Cum
371 870 281 62 vero
547 870 457 62 probatur,
899 870 281 62 quod
1039 870 176 62 est

179 943 354 64 scientia
444 943 177 64 de
533 943 207 64 Deo
651 943 207 64 per
769 943 443 64 Philosophum
1093 943 118 64 6.

163 1019 262 63 juomodo
354 1019 357 63 Metaphysic.
639 1019 214 63 texi,
782 1019 285 63 comment.
996 1019 143 63 2.
1043 1019 167 63 dico,

161 1085 326 75 cknSXquod
411 1085 225 75 ratio
562 1085 200 75 ejus
687 1085 175 75 sic
787 1085 351 75 concludit:
1038 1085 175 75 Nobi-

164 1160 300 76 CsimumllS'
399 1160 193 76 ^sima
528 1160 257 76 scientia
720 1160 150 76 est
806 1160 193 76 circa
913 1160 300 76 nobilissimum

161 1241 220 71 genus
307 1241 122 71 ?
356 1241 245 71 genuSi
527 1241 171 71 vei
625 1241 147 71 ut
699 1241 245 71 primum
870 1241 318 71 objectum,
1090 1241 122 71 vel

171 1324 189 52 ut
266 1324 505 52 consideratum
676 1324 189 52 in
771 1324 252 52 illa
897 1324 315 52 scientia

171 1402 589 64 perfectissimo
657 1402 277 64 modo
830 1402 243 64 quo
934 1402 277 64 potest

169 1478 446 62 considerari
526 1478 179 62 in
616 1478 298 62 aliqua
824 1478 357 62 scientia
1062 1478 149 62 na¬-

171 1554 365 63 turaliter
452 1554 393 63 acquisita.
760 1554 224 63 Deus
900 1554 253 63 vero,
1041 1554 168 63 etsi

164 1631 228 63 non
295 1631 228 63 est
425 1631 424 63 subjectum
751 1631 326 63 primum
980 1631 196 63 in
1045 1631 163 63 Me¬-

165 1707 429 64 taphysica,
502 1707 214 64 est
625 1707 276 64 tamen
778 1707 429 64 consideratum

164 1783 183 51 in
255 1783 244 51 illa
407 1783 366 51 scientia
682 1783 457 51 nobilissimo
1017 1783 183 51 modo

166 1860 208 64 quo
285 1860 296 64 potest
492 1860 178 64 in
581 1860 296 64 aliqua
789 1860 356 64 scientia
1026 1860 178 64 con¬-

170 1936 339 63 siderari
424 1936 424 63 naturaliter
735 1936 339 63 acquisita.

157 2014 262 59 \dditio.
354 2014 175 59 Quia
463 2014 284 59 passiones
681 2014 196 59 entis
812 2014 371 59 convertibiles
1096 2014 109 59 co¬-

169 2090 372 60 gnoscuntur
462 2090 159 60 in
541 2090 239 60 summo
701 2090 159 60 de
780 2090 266 60 aliquo
966 2090 239 60 ente,
1099 2090 106 60 et

166 2165 344 60 passionum
430 2165 238 60 entis
589 2165 450 60 disjunctarum,
933 2165 265 60 nobilius

167 2241 319 58 dividens
406 2241 239 58 eidem
566 2241 345 58 competere
831 2241 159 58 in
911 2241 266 58 summo,
1070 2241 133 58 est

170 2317 282 59 cognitio
381 2317 352 59 nobilissima
663 2317 352 59 naturaliter
921 2317 282 59 possibilis

171 2394 144 60 de
243 2394 192 60 Deo.
363 2394 216 60 Ilcec
506 2394 216 60 autem
650 2394 168 60 est
746 2394 287 60 cognitio
961 2394 192 60 Mela
1057 2394 144 60 phy-

166 2471 227 60 sica,
317 2471 202 60 quia
444 2471 227 60 cujus
595 2471 177 60 est
696 2471 379 60 considerare
974 2471 227 60 passio¬-

166 2546 191 60 nem
275 2546 163 60 in
356 2546 299 60 communi
574 2546 163 60 de
656 2546 327 60 subjecto
901 2546 163 60 in
955 2546 245 60 comnuni

167 2621 432 60 universaliter,
527 2621 264 60 ejusdem
718 2621 168 60 est
814 2621 336 60 cognoscere
1054 2621 144 60 eam-

164 2698 190 60 dem
273 2698 353 60 passionem
544 2698 163 60 in
626 2698 272 60 summo,
816 2698 163 60 de
898 2698 245 60 eodem
1034 2698 163 60 sub¬-

158 2775 208 59 jecto
273 2775 393 59 particulariter.

124 2847 219 63 2i.
249 2847 188 63 Ad
343 2847 532 63 Commentatorem
781 2847 219 63 (c)
906 2847 188 63 1.
969 2847 219 63 Phys.

155 2923 252 64 dico
312 2923 252 64 quod
469 2923 377 64 Avicenna
752 2923 220 64 cui
846 2923 346 64 contradi¬-

155 2999 252 57 xit,
312 2999 252 57 bene
469 2999 283 57 dixit
658 2999 157 57 ,
720 2999 189 57 et
783 2999 409 57 Commentator

153 3075 292 64 male.
347 3075 259 64 Quod
509 3075 389 64 probatur
801 3075 324 64 primo,
995 3075 195 64 quia

150 3152 188 64 si
244 3152 345 64 aliquas
495 3152 471 64 substantias
841 3152 345 64 separatas

146 3227 268 64 esse,
325 3227 268 64 esset
503 3227 417 64 suppositum
831 3227 179 64 in
890 3227 298 64 scientia

147 3304 519 65 Metaphysicae,
575 3304 183 65 et
667 3304 397 65 conclusum
972 3304 183 65 in
1033 3304 153 65 na¬-

151 3380 272 62 turali
341 3380 326 62 scientia
586 3380 136 62 ;
640 3380 218 62 ergo
776 3380 326 62 scientia
994 3380 190 62 natu¬-

149 3456 266 64 ralis
327 3456 266 64 esset
504 3456 443 64 simpliciter
859 3456 266 64 prior
1007 3456 177 64 tota

149 3531 486 66 Metaphysica,
544 3531 243 66 quia
696 3531 456 66 Philosophia
1030 3531 152 66 na¬-

150 3611 325 65 turalis
386 3611 413 65 ostenderet
710 3611 177 65 de
799 3611 354 65 subjecto
1035 3611 148 65 Me-

1266 339 415 64 taphysiese
1592 339 178 64 si
1681 339 237 64 est,
1829 339 237 64 quod
1948 339 355 64 supponitur

1265 413 237 65 toti
1414 413 415 65 cognitioni
1740 413 386 65 scientiae
2007 413 297 65 Metaphy-

1248 491 187 47 sicae.

1318 565 423 65 Secundo,
1635 565 247 65 (d)
1776 565 282 65 quia
1952 565 247 65 per
2057 565 247 65 omnem

1263 645 446 64 conditionem
1620 645 357 64 effectus
1888 645 298 64 potest
2067 645 238 64 demon¬-

1263 722 297 62 strari
1471 722 178 62 de
1560 722 267 62 causa
1739 722 238 62 quia
1887 722 238 62 est,
2036 722 238 62 quam
2154 722 149 62 im¬-

1263 797 386 64 possibile
1560 797 208 64 est
1679 797 297 64 inesse
1887 797 356 64 effectui
2124 797 178 64 nisi

1262 873 253 64 causa
1430 873 225 64 sit;
1571 873 197 64 sed
1683 873 281 64 multae
1880 873 365 64 passiones
2133 873 169 64 con¬-

1259 949 441 64 siderantur
1605 949 189 64 in
1700 949 473 64 Metaphysica
2078 949 158 64 ,
2109 949 189 64 quas

1262 1024 411 64 impossibile
1590 1024 192 64 est
1700 1024 274 64 inesse
1891 1024 219 64 nisi
2028 1024 164 64 ab
2083 1024 219 64 aliqua

1256 1103 293 62 causa
1452 1103 293 62 prima
1647 1103 325 62 talium
1875 1103 358 62 entium;
2103 1103 195 62 ergo

1256 1176 184 64 ex
1348 1176 276 64 illis
1532 1176 460 64 passionibus
1869 1176 429 64 Metaphysicis

1257 1253 326 63 potest
1485 1253 489 63 demonstrari
1876 1253 358 63 aliquam
2105 1253 195 63 pri¬-

1257 1329 227 51 mam
1386 1329 325 51 causam
1614 1329 357 51 istorum
1874 1329 325 51 entium
2069 1329 227 51 esse.

1255 1405 293 64 Minor
1451 1405 390 64 probatur
1743 1405 163 64 ,
1808 1405 260 64 quia
1938 1405 358 64 multitudo

1253 1481 337 64 entium,
1499 1481 460 64 dependentia
1867 1481 184 64 et
1928 1481 368 64 compositio

1252 1556 184 65 et
1344 1556 429 65 hujusmodi,
1681 1556 245 65 quae
1834 1556 245 65 sunt
1957 1556 337 65 passiones

1252 1632 507 65 Metaphysicae
1664 1632 158 65 ,
1727 1632 412 65 ostendunt
2012 1632 285 65 aliquod

1250 1712 254 63 esse
1409 1712 507 63 actu.simplex
1821 1712 475 63 independens
2169 1712 127 63 et

1248 1788 349 63 necesse
1502 1788 286 63 esse.
1693 1788 286 63 Multo
1883 1788 286 63 etiam
2042 1788 254 63 perfe¬-

1247 1862 304 66 ctius
1450 1862 473 66 ostenditur
1821 1862 338 66 primam
2024 1862 270 66 causam

1245 1941 270 63 esse
1414 1941 202 63 ex
1515 1941 506 63 passionibus
1886 1941 405 63 causatorum

1247 2015 505 66 consideratis
1658 2015 189 66 in
1752 2015 473 66 Metaphysica
2100 2015 189 66 quam

1246 2089 194 62 ex
1343 2089 486 62 passionibus
1731 2089 518 62 naturalibus,
2120 2089 162 62 ubi

1247 2164 468 65 ostenditur
1614 2164 334 65 primum
1848 2164 334 65 movens
2049 2164 234 65 esse.

1255 2230 341 80 Perfectior
1523 2230 195 80 enim
1644 2230 292 80 cognitio
1864 2230 146 80 et
1937 2230 219 80 imme-
2058 2230 244 80 cogaSSur

1249 2314 289 69 diatior
1459 2314 184 69 est
1564 2314 158 69 de
1643 2314 237 69 primo
1801 2314 210 69 ente
1933 2314 263 69 cogno-
2091 2314 210 69 Pen”um

1254 2390 205 73 scere
1391 2390 205 73 ipsum
1527 2390 136 73 ut
1595 2390 227 73 primum
1754 2390 159 73 ens
1845 2390 159 73 vel
1936 2390 136 73 ut
1982 2390 318 73 pernreasfl°*

1245 2471 305 61 necesse
1467 2471 250 61 esse,
1633 2471 222 61 quam
1744 2471 555 61 cognoscereMet-quam

1238 2546 313 65 ipsum
1447 2546 209 65 ut
1552 2546 348 65 primum
1761 2546 313 65 movens.

1303 2623 163 64 Ad
1384 2623 272 64 aliud,
1575 2623 218 64 dico
1711 2623 191 64 (e)
1820 2623 218 64 quod
1956 2623 245 64 ratio
2092 2623 191 64 finis

1241 2701 209 64 non
1360 2701 209 64 est
1480 2701 268 64 ratio
1659 2701 447 64 nobilissima
1987 2701 298 64 cogniti¬-

1245 2775 246 66 onis,
1408 2775 191 66 sed
1518 2775 246 66 illud
1681 2775 218 66 quod
1818 2775 191 66 est
1927 2775 273 66 finis,
2091 2775 191 66 sicut

1239 2851 276 67 ratio
1423 2851 521 67 fundamentalis
1853 2851 307 67 illius
2037 2851 245 67 respe¬-

1239 2928 225 56 ctus
1380 2928 141 56 ;
1436 2928 281 56 deitas
1633 2928 253 56 autem
1802 2928 197 56 est
1914 2928 253 56 ratio
2055 2928 225 56 funda¬-

1238 3004 346 64 mentalis
1498 3004 346 64 respectu
1758 3004 260 64 finis
1931 3004 173 64 ut
2017 3004 260 64 finis
2162 3004 115 64 ad

1233 3082 429 64 creaturas,
1570 3082 306 64 igitur
1785 3082 245 64 Deus
1938 3082 214 64 est
2030 3082 245 64 primum

1233 3157 387 65 objectum,
1531 3157 238 65 quod
1679 3157 357 65 concedo,
1947 3157 178 65 et
2036 3157 208 65 ita
2125 3157 149 65 ar¬-

1234 3235 316 64 gumentum
1470 3235 184 64 est
1576 3235 158 64 in
1655 3235 368 64 OppOSitum.
1944 3235 184 64 Cum
2023 3235 263 64 Essentia

1236 3312 210 61 autem
1375 3312 326 61 ostenditur
1632 3312 140 61 de
1702 3312 280 61 bonitate
1911 3312 140 61 ex
1981 3312 140 61 2.
2051 3312 163 61 est
2121 3312 163 61 ratio

1236 3379 349 76 Metaphysic.
1515 3379 186 76 dico
1631 3379 186 76 quod
1748 3379 140 76 si
1818 3379 163 76 per
1911 3379 256 76 aliquam
2074 3379 209 76 von^ni.

1230 3463 525 62 appropriationem
1673 3463 304 62 bonitas
1894 3463 194 62 sit
2005 3463 221 62 fun-
2115 3463 166 62 tas-

1225 3539 189 57 da
1319 3539 314 57 mentum
1539 3539 314 57 finis,
1759 3539 283 57 tamen
1916 3539 346 57 divinitas

1225 3615 220 67 est
1350 3615 378 67 radicale
1634 3615 189 67 et
1728 3615 315 67 primum
1917 3615 346 67 fundamen-
