2682 3979
264 352 175 51 do,
364 352 150 51 si
439 352 125 51 a
489 352 251 51 duobus
665 352 301 51 objectis
890 352 276 51 virtute
1066 352 225 51 propria

264 417 311 51 utriusque
504 417 527 51 moveretur,objectum
959 417 240 51 primum
1102 417 192 51 e-iset

260 481 270 51 aliquid
457 481 270 51 commune
653 481 196 51 eis.
776 481 270 51 Tertio,
973 481 295 51 essentia
1169 481 123 51 sua

259 543 180 52 est
362 543 309 52 objectum
594 543 283 52 primum,
800 543 180 52 non
878 543 412 52 praedicatione;

260 607 197 52 ergo
383 607 295 52 virtuali
605 607 393 52 continentia.
924 607 320 52 Concludit
1145 607 148 52 ergo

260 670 344 52 Theologiam
531 670 172 52 Dei
629 670 196 52 esse
752 670 147 52 de
825 670 196 52 omni
948 670 295 52 scibili,
1145 670 147 52 quia

266 735 193 51 nihil
394 735 301 51 cognoscit,
630 735 172 51 nisi
738 735 236 51 virtute
910 735 172 51 suae
1017 735 279 51 essentiae
1210 735 86 51 ut

263 798 221 53 primi
411 798 295 53 objecti,
632 798 147 53 et
706 798 172 53 sic
804 798 221 53 omnis
951 798 295 53 cognitio
1148 798 147 53 ejus

264 861 172 53 est
363 861 368 53 Theologica;
657 861 245 53 habent
828 861 221 53 tamen
975 861 221 53 Beati
1098 861 196 53 cogni¬-

264 924 235 53 tiones
428 924 164 53 non
522 924 376 53 Theologicas,
827 924 188 53 quia
945 924 258 53 ipsorum
1109 924 188 53 intel¬-

266 988 229 50 lectus
426 988 321 50 immutantur
678 988 137 50 ab
747 988 206 50 aliis
885 988 298 50 objectis,
1091 988 206 50 praiter

265 1056 318 39 essentiam
485 1056 244 39 divinam.

236 1160 196 68 22.
348 1160 168 68 Ad
432 1160 308 68 tertiam
656 1160 196 68 (a)
768 1160 448 68 quaestionem,
1103 1160 196 68 vide-

235 1232 172 78 “.
321 1232 201 78 tur
436 1232 460 78 probabiliter
810 1232 259 78 posse
982 1232 259 78 dici,
1126 1232 172 78 quod

237 1311 159 69 i-
317 1311 159 69 9*
397 1311 345 69 Theologia
662 1311 186 69 non
769 1311 186 69 est
875 1311 159 69 de
955 1311 292 69 omnibus
1141 1311 159 69 sci¬-

264 1388 336 67 bilibus,
516 1388 224 67 quia
656 1388 420 67 quidditates
963 1388 336 67 distinctae

261 1464 173 60 ab
348 1464 345 60 essentia
606 1464 316 60 divina,
837 1464 173 60 ut
923 1464 201 60 est
1038 1464 230 60 haec
1153 1464 144 60 es¬-

258 1540 297 67 sentia
466 1540 446 67 singularis,
823 1540 386 67 continent
1090 1540 208 67 primo

259 1617 306 63 multas
473 1617 397 63 veritates
779 1617 183 63 de
871 1617 214 63 se.
993 1617 245 63 Quod
1116 1617 183 63 pro¬-

255 1692 285 69 batur
445 1692 254 69 quia
604 1692 222 69 per
731 1692 507 69 impossibile,
1111 1692 190 69 cir¬-

260 1769 394 68 cumscripto
570 1769 225 68 omni
711 1769 254 68 alio,
880 1769 169 68 si
964 1769 254 68 illae
1105 1769 197 68 quid¬-

262 1845 309 57 ditates
486 1845 281 57 essent
683 1845 393 57 increatae,
991 1845 253 57 adhuc
1132 1845 168 57 con¬-

264 1920 327 63 tinerent
509 1920 245 63 tales
673 1920 382 63 veritates,
973 1920 245 63 sicut
1109 1920 191 63 patet

257 1998 202 62 de
358 1998 303 62 linea
560 1998 202 62 et
661 1998 202 62 de
762 1998 370 62 numero,
998 1998 303 62 quantum

258 2072 202 67 ad
359 2072 572 67 propositiones
830 2072 471 67 immediatas
1166 2072 135 67 de

261 2149 244 63 eis.
414 2149 183 63 Et
506 2149 366 63 secundum
780 2149 214 63 hoc
902 2149 305 63 posset
1085 2149 214 63 poni,

264 2224 252 66 quod
421 2224 189 66 in
515 2224 441 66 intellectu
861 2224 315 66 divino
1050 2224 252 66 essent

265 2299 308 55 habitus
489 2299 364 55 distincti
769 2299 420 55 scientiales
1078 2299 224 55 secun¬-

260 2376 235 66 dum
395 2376 437 66 rationem,
731 2376 336 66 utpote
933 2376 370 66 Theologia

265 2453 288 67 esset,
467 2453 231 67 quam
611 2453 346 67 causaret
871 2453 346 67 essentia
1101 2453 202 67 divi¬-

266 2531 168 61 na
350 2531 168 61 ut
434 2531 252 61 licec
601 2531 168 61 in
685 2531 391 61 intellectu
993 2531 252 61 ejus;
1132 2531 168 61 Geo¬-

259 2606 326 64 metria
487 2606 293 64 autem
683 2606 195 64 in
781 2606 456 64 intellectu
1107 2606 195 64 ejus

262 2682 289 65 esset,
464 2682 231 65 quae
609 2682 318 65 virtute
840 2682 289 65 lineae
1042 2682 260 65 esset
1186 2682 116 65 in

264 2757 428 65 intellectu
600 2757 275 65 ejus,
784 2757 183 65 et
875 2757 214 65 sic
998 2757 183 65 de
1059 2757 244 65 Arith¬-

263 2834 315 59 metica
484 2834 347 59 virtute
736 2834 347 59 numeri,
989 2834 189 59 et
1083 2834 221 59 sic
1178 2834 126 59 de

249 2917 183 47 aliis.

247 2997 246 82 contra
420 2997 246 82 Oontra
592 2997 221 82 illud
739 2997 172 82 (b)
838 2997 295 82 arguitur
1034 2997 271 82 triplici-

249 3078 298 69 Henricum.
478 3078 183 69 ter.
593 3078 252 69 Pi-imo,
777 3078 183 69 quia
891 3078 321 69 vilesceret
1121 3078 183 69 intel¬-

269 3156 287 64 lectus
470 3156 345 64 divinus,
729 3156 201 64 pro
844 3156 172 64 eo
930 3156 230 64 quod
1045 3156 258 64 patere¬-

269 3231 201 65 tur
384 3231 173 65 ab
471 3231 288 65 aliquo
672 3231 230 65 alio
816 3231 173 65 ab
902 3231 345 65 essentia
1132 3231 173 65 sua.

270 3307 196 64 Nam
382 3307 168 64 in
466 3307 224 64 illo
606 3307 336 64 instanti
858 3307 336 64 naturae,
1110 3307 168 64 in
1166 3307 140 64 quo

273 3383 392 67 intelligit
581 3383 308 67 lineam,
805 3383 252 67 adhuc
973 3383 252 67 esset
1113 3383 196 67 quasi

276 3460 173 67 in
363 3460 345 67 potentia
621 3460 173 67 ad
708 3460 374 67 veritates
967 3460 345 67 cognoscen¬-

275 3535 207 56 das
394 3535 415 56 existentes
720 3535 178 56 in
809 3535 267 56 linea
986 3535 178 56 et
1045 3535 267 56 virtute

278 3613 278 66 illius
473 3613 418 66 quidditatis
807 3613 418 66 cognosceret
1141 3613 195 66 eas
1225 3613 84 66 ;

1341 347 243 69 ergo
1492 347 273 69 linea
1675 347 273 69 quasi
1857 347 395 69 effective
2130 347 243 69 impri¬-

1339 425 290 62 meret
1532 425 484 62 cognitionem
1919 425 355 62 istarum
2145 425 226 62 veri¬-

1342 499 266 60 tatum
1519 499 177 60 in
1607 499 413 60 intellectu
1932 499 325 60 divino,
2168 499 177 60 et
2227 499 148 60 ita

1338 571 266 58 linea
1516 571 266 58 esset
1693 571 296 58 motiva
1901 571 444 58 intellectus
2226 571 148 58 di¬

1317 653 175 46 vini.

1397 727 326 66 Secundo
1635 727 208 66 (c)
1753 727 208 66 sic
1872 727 148 66 :
1931 727 267 66 Omnis
2079 727 297 66 potentia

1340 801 414 67 actuabilis
1666 801 148 67 a
1725 801 355 67 diversis
1991 801 355 67 objectis
2228 801 148 67 per

1341 877 213 67 se,
1462 877 335 67 virtute
1706 877 335 67 propria
1949 877 304 67 eorum,
2132 877 243 67 primum

1337 951 430 67 objectum
1660 951 251 67 est
1803 951 394 67 aliquod
2054 951 322 67 commune

1342 1026 191 58 eis
1451 1026 136 58 ;
1505 1026 191 58 sed
1614 1026 163 58 si
1696 1026 245 58 linea
1859 1026 300 58 virtute
2077 1026 191 58 sui
2159 1026 218 58 causa¬-

1343 1104 201 59 ret
1458 1104 373 59 veritatem
1745 1104 172 59 in
1831 1104 402 59 intellectu
2118 1104 258 59 divino,

1343 1179 230 63 pari
1487 1179 316 63 ratione
1717 1179 173 63 et
1804 1179 259 63 aliae
1976 1179 201 63 res
2063 1179 316 63 causabunt

1343 1256 364 67 veritatem
1623 1256 168 67 in
1707 1256 392 67 intellectu
2015 1256 252 67 ejus,
2183 1256 168 67 et
2239 1256 140 67 ita

1346 1332 305 65 primum
1559 1332 365 65 objectum
1833 1332 457 65 intellectus
2168 1332 213 65 divi¬-

1343 1408 178 55 ni
1432 1408 266 55 esset
1610 1408 325 55 commune
1846 1408 207 55 eis
1965 1408 178 55 et
2054 1408 207 55 non
2142 1408 237 55 essen¬-

1345 1483 207 67 tia
1463 1483 295 67 divina
1669 1483 443 67 singularis.
2023 1483 207 67 Nec
2112 1483 266 67 obstat,

1344 1562 244 63 quod
1497 1562 336 63 objecta
1741 1562 244 63 alia
1894 1562 488 63 attribuuntur
2260 1562 122 63 ad

1343 1638 397 60 essentiam
1649 1638 275 60 suam;
1832 1638 214 60 ita
1954 1638 244 60 enim
2107 1638 244 60 alia
2229 1638 153 60 en¬-

1344 1712 220 65 tia
1469 1712 502 65 attribuuntur
1877 1712 188 65 ad
1940 1712 439 65 substantiam,

1345 1791 183 65 et
1437 1791 275 65 tamen
1620 1791 366 65 objectum
1895 1791 458 65 intellectus
2230 1791 153 65 no¬-

1353 1867 195 50 stri
1475 1867 171 50 est
1548 1867 146 50 ens.

1404 1941 327 65 Tertio,
1642 1941 238 65 quia
1790 1941 208 65 (d)
1909 1941 178 65 si
1998 1941 356 65 essentia
2236 1941 148 65 sua

1342 2018 228 65 est
1473 2018 326 65 primum
1701 2018 424 65 objectum,
2027 2018 293 65 patet
2190 2018 195 65 quod

1345 2093 220 65 non
1470 2093 471 65 communitate
1847 2093 565 65 praedicationis
2287 2093 94 65 ;

1344 2169 260 64 ergo
1506 2169 227 64 est
1636 2169 325 64 primum
1863 2169 390 64 secundum
2123 2169 260 64 virtu¬-

1344 2244 260 65 tem.
1507 2244 228 65 Non
1637 2244 293 65 autem
1833 2244 293 65 esset
2028 2244 325 65 primum
2223 2244 163 65 ob¬-

1340 2319 317 64 jectum
1562 2319 508 64 virtualiter,
1975 2319 190 64 si
2038 2319 349 64 quodlibet

1344 2394 293 65 aliud
1540 2394 358 65 virtute
1800 2394 358 65 propria
2028 2394 358 65 immutaret

1348 2471 430 63 intellectum
1663 2471 201 63 ejus.

1408 2544 230 64 Ideo
1552 2544 230 64 dico
1696 2544 201 64 (e)
1811 2544 316 64 aliter,
2041 2544 230 64 quod
2156 2544 230 64 divina

1348 2621 385 63 Theologia
1645 2621 207 63 est
1763 2621 178 63 de
1852 2621 326 63 omnibus
2059 2621 326 63 cognosci¬-

1341 2696 417 66 bilibus,
1654 2696 278 66 quia
1828 2696 417 66 objectum
2106 2696 278 66 primum

1347 2772 442 65 Theologiae
1695 2772 253 65 suae
1852 2772 284 65 facit
2042 2772 284 65 omnia
2200 2772 189 65 alia

1351 2848 231 65 actu
1496 2848 318 65 cognita
1727 2848 173 65 in
1814 2848 405 65 intellectu
2132 2848 231 65 suo,
2247 2848 145 65 ita

1348 2924 261 64 quod
1511 2924 196 64 in
1609 2924 294 64 primo
1805 2924 294 64 signo
2001 2924 359 64 naturae
2229 2924 163 64 est

1348 2997 369 68 essentia
1625 2997 215 68 sua
1748 2997 277 68 primo
1933 2997 338 68 cognita
2179 2997 185 68 in
2240 2997 154 68 in¬-

1350 3074 367 63 tellectu
1626 3074 245 63 suo,
1779 3074 184 63 et
1871 3074 184 63 in
1963 3074 337 63 secundo
2177 3074 214 63 signo

1353 3151 308 66 naturae
1577 3151 420 66 quidditates
1914 3151 420 66 virtualiter
2222 3151 168 66 con¬-

1355 3228 336 64 tinentes
1607 3228 364 64 veritates
1886 3228 364 64 proprias.
2166 3228 168 64 In
2222 3228 168 64 ter¬-

1354 3301 202 66 tio
1470 3301 260 66 autem
1643 3301 289 66 signo,
1845 3301 231 66 sunt
1989 3301 260 66 istae
2133 3301 260 66 verita¬-

1355 3376 207 56 tes
1474 3376 444 56 virtualiter
1829 3376 385 56 contentae
2125 3376 178 56 in
2185 3376 207 56 illis

1354 3455 536 63 quidditatibus
1795 3455 252 63 sibi
1952 3455 315 63 notae,
2173 3455 189 63 et
2236 3455 158 63 non

1350 3530 229 52 est
1481 3530 261 52 ordo
1644 3530 359 52 secundi
1905 3530 196 52 ad
2003 3530 359 52 tertium
2232 3530 163 52 se¬-

1354 3604 315 65 cundum
1574 3604 535 65 causalitatem,
2014 3604 283 65 quasi
2172 3604 220 65 illae
