2653 3979
586 404 315 38 SGHOLIUM.

291 520 340 46 Sententia
552 520 444 46 Philosophorum
918 520 340 46 negantium
1153 520 131 46 om¬-

244 584 178 46 nem
345 584 330 46 doctrinam
599 584 355 46 revelatam,
878 584 305 46 probatur
1081 584 203 46 tribus

246 646 259 47 mediis.
435 646 259 47 Primum,
624 646 354 47 intellectus
907 646 212 47 agens
1048 646 165 47 est
1119 646 165 47 acti¬-

244 711 189 46 vum,
363 711 142 46 et
434 711 355 46 intellectus
718 711 331 46 possibilis
978 711 308 46 passivum,
1191 711 95 46 et

247 775 188 47 sunt
365 775 400 47 proportionata
695 775 141 47 et
766 775 165 47 non
860 775 283 47 impedita
1048 775 236 47 respectu

244 837 229 46 omnis
396 837 483 46 intelligibilis.
803 837 331 46 Secundum,
1057 837 178 46 non
1133 837 153 46 sunt

247 900 284 48 ponendse
460 900 307 48 scientire
697 900 378 48 speculativa,
1004 900 260 48 prreter
1170 900 118 48 Me-

248 964 380 47 taphysicam,
552 964 304 47 Physicam
780 964 152 47 et
856 964 406 47 Mathematicam
1160 964 127 47 ac¬-

255 1030 274 47 quisitas,
466 1030 147 47 nec
550 1030 274 47 scientiae
760 1030 295 47 practicae,
992 1030 232 47 praeter
1140 1030 147 47 alias

255 1093 280 48 practicas
471 1093 237 48 activas
643 1093 129 48 et
708 1093 194 48 facti
837 1093 151 48 vas
923 1093 323 48 acquisitas.
1160 1093 129 48 Ter¬-

253 1157 207 49 tium,
391 1157 346 49 naturaliter
668 1157 369 49 intelligimus
967 1157 207 49 prima
1083 1157 207 49 princi¬-

255 1220 188 45 pia;
373 1220 188 45 ergo
491 1220 141 45 et
561 1220 212 45 omnes
679 1220 353 45 conclusiones.

234 1318 176 83 In
322 1318 205 83 (e)
439 1318 235 83 ista
586 1318 411 83 quaestione
909 1318 323 83 videtur
1114 1318 176 83 esse

232 1395 498 57 controversia
636 1395 280 57 inter
823 1395 467 57 Philosophos
1166 1395 124 57 et

254 1473 454 59 Theologos.
610 1473 324 59 Tenent
837 1473 259 59 enim
967 1473 324 59 Philoso¬-

255 1549 220 60 phi
380 1549 502 60 perfectionem
788 1549 377 60 naturae,
1070 1549 188 60 et
1133 1549 157 60 ne¬-

249 1626 245 60 gant
402 1626 490 60 perfectionem
770 1626 520 60 supernaturalem.

247 1702 368 60 Theologi
523 1702 245 60 vero
677 1702 429 60 cognoscunt
983 1702 307 60 defectum

245 1777 380 59 naturae,
530 1777 190 59 et
625 1777 506 59 necessitatem
1004 1777 285 59 gratiae

245 1854 189 61 et
340 1854 505 61 perfectionum
718 1854 568 61 supernaturalium.

245 1930 371 60 Diceret
515 1930 270 60 ergo
684 1930 540 60 Philosophus,
1089 1930 202 60 quod

250 2005 275 60 nulla
434 2005 214 60 est
556 2005 367 60 cognitio
801 2005 489 60 supernaturalis

251 2080 305 59 homini
464 2080 427 59 necessaria
799 2080 213 59 pro
921 2080 244 59 isto
1043 2080 244 59 statu,

249 2156 222 61 sed
376 2156 253 61 quod
534 2156 285 61 omnem
724 2156 380 61 notitiam
1009 2156 253 61 sibi
1136 2156 158 61 ne¬-

247 2233 453 59 cessariam
595 2233 348 59 posset
839 2233 453 59 acquirere
1153 2233 139 59 ex

248 2307 359 47 actione
510 2307 392 47 causarum
803 2307 490 47 naturalium.
1162 2307 131 47 Ad

252 2383 214 47 hoc
375 2383 397 47 adducitur
680 2383 275 47 simul
863 2383 428 47 auctoritas
1169 2383 122 47 et

255 2457 259 60 ratio
428 2457 402 60 Philosophi
744 2457 172 60 ex
830 2457 345 60 diversis
1060 2457 230 60 locis.

236 2521 164 75 TJf
329 2521 235 75 Met28’
494 2521 235 75 Primo,
658 2521 164 75 per
752 2521 211 75 illud
893 2521 141 75 3.
963 2521 141 75 de
1034 2521 235 75 Anima,
1175 2521 117 75 ubi

238 2609 248 68 u^etTnde
424 2609 186 68 dicit
548 2609 165 68 quod
652 2609 310 68 intelleclus
899 2609 186 68 agens
1023 2609 165 68 est,
1127 2609 145 68 quo
1189 2609 103 68 est

262 2688 205 54 omnia
399 2688 251 54 facere,
581 2688 137 54 et
649 2688 342 54 intellectus
923 2688 319 54 possibilis
1150 2688 137 54 est,

257 2762 196 59 quo
369 2762 196 59 est
481 2762 252 59 omnia
649 2762 280 59 fieri.
845 2762 168 59 Ex
929 2762 196 59 hoc
1013 2762 280 59 arguitur

255 2839 220 59 sic
380 2839 157 59 :
443 2839 314 59 Activo
663 2839 377 59 naturali
946 2839 188 59 et
1008 2839 283 59 passivo

255 2915 315 60 debite
475 2915 504 60 approximatis
885 2915 189 60 et
979 2915 221 60 non
1074 2915 221 60 impe¬-

256 2991 304 59 ditis,
468 2991 425 59 necessario
802 2991 364 59 sequitur
1045 2991 243 59 actio,

260 3067 163 60 qu
341 3067 163 60 ia
423 3067 190 60 non
531 3067 326 60 dependet
776 3067 462 60 essentialiter
1129 3067 163 60 nisi

251 3143 195 60 ab
349 3143 228 60 eis
479 3143 358 60 tanquam
739 3143 163 60 a
804 3143 325 60 causis
999 3143 293 60 priori¬-

253 3218 221 60 bus
379 3218 158 60 ;
442 3218 347 60 activum
694 3218 284 60 autem
883 3218 378 60 respectu
1135 3218 158 60 om¬-

254 3293 224 59 nium
394 3293 533 59 intelligibilium
843 3293 196 59 est
927 3293 364 59 intellectus

255 3359 296 69 agens,
463 3359 178 69 et
551 3359 355 69 passivum
818 3359 207 69 est
906 3359 385 69 intellectus

260 3445 418 59 possibilis,
595 3445 167 59 et
678 3445 223 59 haec
818 3445 223 59 sunt
929 3445 363 59 naturaliter

256 3522 194 60 in
353 3522 323 60 anima,
579 3522 226 60 nec
708 3522 259 60 sunt
870 3522 420 60 impedita,
1161 3522 129 60 ut

260 3599 295 58 patet;
466 3599 236 58 ergo
613 3599 324 58 virtute
849 3599 354 58 naturali
1085 3599 206 58 isto¬

1327 337 206 61 rum
1444 337 295 61 potest
1651 337 265 61 sequi
1828 337 265 61 actus
1975 337 383 61 intelligen-

1323 411 213 64 di,
1444 411 365 64 respectu
1718 411 457 64 cujuscumque
2053 411 305 64 intelli¬

1306 487 241 60 gibilis.

1387 564 427 63 Confirmatur
1728 564 256 63 ratio
1899 564 142 63 :
1955 564 228 63 Omni
2098 564 284 63 poten-
2268 564 114 63 4.

1332 625 183 78 tise
1446 625 274 78 passivae
1652 625 274 78 naturali
1857 625 160 78 cor
1948 625 297 78 respondet
2177 625 160 78 Vu0
2245 625 137 78 JeCl

1327 717 325 61 aliquod
1564 717 325 61 activum
1800 717 384 61 naturale,
2066 717 296 61 alioquin

1330 791 333 63 videretur
1587 791 308 63 potentia
1818 791 282 63 passiva
2023 791 205 63 esse
2151 791 205 63 com-
2254 791 128 63 ls-

1330 867 325 62 frustra
1567 867 177 62 in
1656 867 325 62 natura,
1892 867 177 62 si
1981 867 207 62 per
2099 867 266 62 nihil
2247 867 118 62 in

1329 943 296 59 natura
1537 943 296 59 posset
1744 943 296 59 reduci
1951 943 178 59 ad
2040 943 296 59 actum;
2218 943 148 59 sed

1332 1018 432 60 intellectus
1678 1018 404 60 possibilis
1995 1018 202 60 est
2082 1018 288 60 potentia

1331 1093 326 61 passiva
1569 1093 178 61 et
1657 1093 385 61 naturalis
1954 1093 356 61 respectu
2191 1093 178 61 quo¬-

1332 1171 421 59 rumcumque
1655 1171 648 59 intelligibilium;
2174 1171 194 59 ergo

1332 1247 488 60 correspondet
1729 1247 244 60 sibi
1882 1247 305 60 aliqua
2065 1247 305 60 potentia

1332 1321 324 61 activa
1558 1321 453 61 naturalis,
1915 1321 389 61 sequitur
2174 1321 194 61 ergo

1333 1397 519 61 propositum.
1748 1397 311 61 Minor
1956 1397 346 61 patet,
2163 1397 208 61 quia

1335 1475 444 61 intellectus
1691 1475 415 61 possibilis
1987 1475 385 61 naturaliter

1334 1552 357 61 appetit
1593 1552 487 61 cognitionem
1951 1552 422 61 cujuscumque

1333 1627 567 59 cognoscibilis,
1805 1627 473 59 naturaliter
2152 1627 221 59 etiam

1333 1704 441 60 perficitur
1680 1704 221 60 per
1806 1704 441 60 quamcumque
2122 1704 252 60 cogni¬-

1334 1779 326 60 tionem;
1572 1779 237 60 ergo
1720 1779 208 60 est
1838 1779 445 60 naturaliter
2164 1779 208 60 rece¬-

1333 1855 296 61 ptivus
1541 1855 444 61 cujuscumque
1867 1855 504 61 intellectionis.

1402 1930 281 61 Praeterea
1618 1930 151 61 (f)
1705 1930 129 61 6.
1769 1930 237 61 Metaph.
1942 1930 281 61 dividitur
2158 1930 194 61 Text.
2287 1930 129 61 c.
2330 1930 65 61 3

1341 1996 301 71 scientia
1567 1996 376 71 speculativa
1868 1996 151 71 in
1943 1996 351 71 Metaphysi-
2194 1996 201 71 sciJS-

1340 2068 201 74 cam,
1465 2068 151 74 et
1541 2068 301 74 Physicam
1767 2068 201 74 sive
1893 2068 352 74 naturalem,
2144 2068 251 74 lumUm?ah

1330 2158 208 61 et
1434 2158 590 61 Mathematicam.
1921 2158 208 61 Et
2025 2158 208 61 ex
2094 2158 278 61 proba¬-

1336 2233 259 61 tione
1509 2233 259 61 hujus
1681 2233 287 61 ibidem
1882 2233 201 61 non
1997 2233 316 61 videtur
2199 2233 172 61 pos¬-

1339 2309 287 61 sibile
1540 2309 287 61 plures
1742 2309 316 61 habitus
1972 2309 230 61 esse
2087 2309 287 61 specula¬-

1336 2385 305 60 tivos,
1550 2385 244 60 quia
1703 2385 183 60 in
1795 2385 275 60 istis
1947 2385 428 60 consideratur

1333 2462 195 60 de
1431 2462 260 60 toto
1594 2462 260 60 ente
1757 2462 195 60 et
1854 2462 195 60 in
1952 2462 228 60 se,
2082 2462 195 60 et
2147 2462 228 60 quoad

1337 2538 300 60 omnes
1537 2538 334 60 partes
1770 2538 300 60 ejus;
1971 2538 300 60 sicut
2137 2538 234 60 autem

1338 2614 196 59 non
1450 2614 280 59 posset
1646 2614 224 59 esse
1786 2614 280 59 aliqua
1982 2614 224 59 alia
2094 2614 280 59 scientia

1342 2691 409 60 speculativa
1669 2691 164 60 ab
1751 2691 273 60 istis,
1942 2691 191 60 sic
2051 2691 191 60 nec
2133 2691 245 60 practi-

1339 2766 173 62 ca
1426 2766 289 62 aliqua
1628 2766 231 62 alia
1772 2766 144 62 a
1830 2766 375 62 practicis
2089 2766 289 62 acquisi¬-

1340 2840 197 60 tis
1452 2840 309 60 activis
1677 2840 169 60 et
1762 2840 365 60 factivis;
2043 2840 225 60 ergo
2155 2840 225 60 scien¬-

1341 2918 225 60 tiae
1481 2918 365 60 praeficae
1762 2918 393 60 acquisitae
2043 2918 337 60 sufficiunt

1336 2993 190 61 ad
1431 2993 507 61 perficiendum
1843 2993 475 61 intellectum
2191 2993 190 61 pra-

1337 3069 327 60 cticum,
1575 3069 178 60 et
1664 3069 476 60 speculativae
2021 3069 357 60 acquisitae

1340 3143 404 61 sufficiunt
1657 3143 173 61 ad
1744 3143 461 61 perficiendum
2090 3143 288 61 intelle¬-

1335 3221 255 59 ctum
1463 3221 478 59 speculativum.

1398 3298 352 59 Praeterea
1669 3298 217 59 (g),
1804 3298 271 59 potens
1994 3298 406 59 naturaliter
2292 3298 108 59 s.

1336 3373 428 60 cognoscere
1673 3373 459 60 principium,
2040 3373 306 60 potest
2224 3373 153 60 na¬-

1342 3449 337 59 turaliter
1601 3449 363 59 cognoscere
1886 3449 156 59 et
1964 3449 156 59 in
2042 3449 156 59 te
2120 3449 156 59 11
2198 3449 130 59 i
2223 3449 156 59 gere

1339 3527 459 59 conclusiones
1712 3527 344 59 inclusas
1970 3527 172 59 in
2027 3527 344 59 principio.

1339 3603 244 61 Hanc
1491 3603 305 61 probo,
1704 3603 244 61 quia
1856 3603 365 61 scientia
2100 3603 274 61 conchi-
