2682 3979
437 381 98 65 jus
493 381 182 65 scientiae
633 381 98 65 non
689 381 98 65 est
744 381 210 65 contingens,
912 381 126 65 minus
996 381 154 65 nobilis
1108 381 112 65 quam
1178 381 224 65 speculativa,
1359 381 112 65 quia
1415 381 70 65 est

443 456 122 67 sed
512 456 278 67 necessarium,
738 456 156 67 ergo,
842 456 139 67 etc.
929 456 174 67 gratia
1051 456 156 67 usus.
1155 456 122 67 Hoc
1224 456 243 67 argumentum
1398 456 87 67 non

514 532 106 66 [complete
595 532 73 66 mess;
644 532 73 66 needs
693 532 81 66 manual
750 532 163 66 retranscription]
888 532 65 66 Item
928 532 89 66 Boetius
993 532 49 66 de
1018 532 114 66 Trinitate,
1107 532 98 66 assignat
1180 532 98 66 teneret,
1253 532 65 66 nisi
1294 532 65 66 usus
1335 532 73 66 esset
1383 532 57 66 per
1416 532 49 66 se
1432 532 57 66 finis

445 608 121 64 tres
521 608 151 64 partes
626 608 257 64 speculativae,
838 608 151 64 quarum
944 608 151 64 illius
1050 608 182 64 habitus.
1186 608 136 64 Item,
1277 608 166 64 secundo
1383 608 106 64 Meta-

447 683 96 66 una
502 683 96 66 est
557 683 178 66 Theologia
694 683 164 66 secundum
817 683 110 66 eum.
886 683 123 66 phys.
968 683 123 66 Finis
1050 683 219 66 speculativae
1229 683 164 66 veritas,
1338 683 151 66 practicce

440 761 137 62 Et
509 761 182 62 quod
623 761 274 62 loquatur
828 761 137 62 de
896 761 182 62 ista
1010 761 274 62 videtur,
1215 761 205 62 autem
1329 761 160 62 opus.

446 834 119 66 quia
520 834 148 66 subdit
624 834 119 66 ibi,
698 834 89 66 de
743 834 178 66 subjecto
877 834 148 66 illius
980 834 148 66 Contra
1084 834 89 66 6.
1129 834 163 66 Metaph.
1248 834 208 66 distinguit
1396 834 89 66 Phi-

446 910 120 66 quod
521 910 196 66 subjectum
672 910 120 66 ejus
747 910 105 66 est
807 910 136 66 prima
898 910 120 66 sub-
973 910 181 66 losophus
1109 910 196 66 practicas
1259 910 75 66 a
1274 910 211 66 speculativis

446 985 168 67 stantia,
572 985 84 67 de
614 985 98 67 qua
671 985 140 67 dicit,
769 985 126 67 quocl
853 985 197 67 substantia
1008 985 126 67 penes
1092 985 154 67 objecta
1204 985 84 67 et
1246 985 98 67 non
1302 985 126 67 penes
1373 985 112 67 fines,

439 1062 141 65 Dei
519 1062 221 65 materia
680 1062 201 65 caret.
821 1062 181 65 sicut
942 1062 181 65 patet
1063 1062 161 65 ibi.
1163 1062 282 65 Distinguit
1364 1062 121 65 enim

504 1135 134 69 Item,
594 1135 119 69 omni
668 1135 179 69 practica
802 1135 149 69 aliqua
907 1135 119 69 spe-
981 1135 194 69 scientiam
1130 1135 104 69 tam
1190 1135 164 69 activam
1309 1135 119 69 quam
1369 1135 119 69 facti-

440 1209 182 72 culativa
577 1209 106 72 est
637 1209 197 72 nobilior,
789 1209 137 72 nulla
880 1209 137 72 autem
971 1209 106 72 vam
1032 1209 76 72 a
1063 1209 228 72 speculativa
1245 1209 137 72 penes
1321 1209 167 72 objectum,

435 1286 98 68 est
491 1286 168 68 nobilior
617 1286 126 68 ista;
702 1286 126 68 ergo,
786 1286 112 68 etc.
856 1286 140 68 Proba-
954 1286 126 68 Item,
1039 1286 84 68 6.
1081 1286 140 68 Ethic.
1179 1286 197 68 distinguit
1320 1286 168 68 ratiocina¬-

433 1361 107 69 tio
494 1361 168 69 primae,
616 1361 122 69 tum,
693 1361 122 69 quia
769 1361 229 69 speculativa
953 1361 138 69 tivum
1044 1361 76 69 a
1075 1361 229 69 scientifico
1259 1361 138 69 penes
1335 1361 153 69 objectum

435 1435 105 70 est
495 1435 105 70 sui
555 1435 165 70 gratia,
676 1435 181 70 practica
811 1435 120 70 vero
886 1435 120 70 gra-
961 1435 226 70 necessarium
1142 1435 90 70 et
1187 1435 226 70 contingens;
1368 1435 90 70 et
1398 1435 90 70 ter-

433 1511 110 71 tia
496 1511 142 71 usus;
591 1511 110 71 tum
654 1511 126 71 quia
732 1511 236 71 speculativa
921 1511 110 71 est
984 1511 110 71 tio
1047 1511 94 71 de
1094 1511 157 71 Anima,
1205 1511 189 71 assignat
1331 1511 157 71 objectum

418 1589 82 69 in
459 1589 137 69 proem.
555 1589 165 69 certior,
679 1589 123 69 primo
761 1589 233 69 Metaphysicce.
953 1589 123 69 Item,
1035 1589 178 69 practicae
1173 1589 137 69 bonum,
1269 1589 96 69 non
1310 1589 178 69 quodcumque,

434 1663 126 69 haec
513 1663 173 69 inventa
639 1663 110 69 est
702 1663 173 69 omnibus
827 1663 189 69 necessa-
969 1663 110 69 sed
1032 1663 173 69 agibile
1158 1663 94 69 et
1205 1663 220 69 contingens
1378 1663 79 69 ;
1394 1663 94 69 ergo

435 1739 122 70 riis
511 1739 260 70 existentibus,
725 1739 168 70 propter
847 1739 137 70 fugam
938 1739 183 70 scientia
1076 1739 107 70 est
1137 1739 183 70 practica
1274 1739 107 70 per
1335 1739 92 70 se
1381 1739 92 70 ex
1412 1739 76 70 ob-

433 1813 241 72 ignorantiae.
629 1813 121 72 Quod
704 1813 181 72 apparet,
840 1813 121 72 quia
915 1813 151 72 jecto,
1021 1813 106 72 non
1081 1813 151 72 igitur
1187 1813 90 72 ex
1232 1813 136 72 praxi
1322 1813 90 72 ut
1367 1813 75 72 a
1382 1813 106 72 fine,

417 1888 445 62 sollicitudo
773 1888 267 62 circa
952 1888 415 62 necessaria
1248 1888 208 62 impe¬-

422 1964 146 65 dit
506 1964 125 65 ab
568 1964 334 65 inquisitione
840 1964 188 65 hujus
965 1964 293 65 doctrinae;
1175 1964 314 65 COMMENTARIUS,

415 2042 231 61 ergo
560 2042 231 61 ipsa
704 2042 202 61 est
820 2042 463 61 speculativa.
1196 2042 202 61 Sic
1283 2042 173 61 enim

402 2116 78 65 in
441 2116 130 65 proem.
532 2116 130 65 arguit
624 2116 196 65 Philosophus
780 2116 78 65 1.
820 2116 222 65 Metaphysicce,
1002 2116 91 65 (a)
1054 2116 117 65 Circa
1133 2116 144 65 quartam
1237 2116 196 65 quaestionem
1381 2116 104 65 Doctor

429 2191 108 65 quod
497 2191 203 65 Metaphysica
660 2191 95 65 est
714 2191 217 65 speculativa,
890 2191 149 65 quaerit
998 2191 108 65 duo.
1065 2191 122 65 Primo
1147 2191 68 65 :
1174 2191 81 65 An
1214 2191 176 65 Theologia
1336 2191 149 65 sitscien-

487 2268 141 61 Contra,
590 2268 77 61 ad
628 2268 128 61 Roman.
717 2268 90 61 13.
769 2268 115 61 Finis
845 2268 115 61 legis
922 2268 90 61 tia
973 2268 179 61 practica*!
1114 2268 141 61 Secundo
1216 2268 64 61 :
1242 2268 64 61 A
1268 2268 90 61 quo
1319 2268 154 61 scientia
1421 2268 64 61 di-

426 2343 96 62 est
481 2343 179 62 dilectio.
619 2343 124 62 Item,
701 2343 138 62 Matth.
798 2343 96 62 22.
853 2343 83 62 In
894 2343 96 62 his
949 2343 124 62 catur
1031 2343 179 62 practica?
1169 2343 179 62 Argumenta
1306 2343 138 62 primae
1389 2343 96 62 quae-

427 2421 127 60 duobus
516 2421 178 60 praeceptis
657 2421 102 60 tota
720 2421 89 60 lex
771 2421 127 60 pendet
861 2421 76 60 et
899 2421 102 60 Pro-
963 2421 140 60 stionis
1064 2421 115 60 satis
1141 2421 115 60 clara
1217 2421 115 60 sunt.
1294 2421 102 60 Item
1345 2421 140 60 secundae,

417 2495 161 63 phetce.
534 2495 132 63 Item,
622 2495 205 63 Augustinus
783 2495 88 63 de
827 2495 132 63 laude
915 2495 132 63 tamen
1002 2495 102 63 pro
1061 2495 146 63 majore
1163 2495 234 63 declaratione
1339 2495 146 63 argumen-

419 2573 253 60 charitatis
618 2573 90 60 :
654 2573 145 60 Ille
744 2573 163 60 tenet
853 2573 217 60 quidquid
1015 2573 163 60 latet
1124 2573 108 60 ta
1178 2573 217 60 secundae
1322 2573 163 60 adduco.

418 2650 80 62 et
458 2650 160 62 quidquid
578 2650 120 62 patet
658 2650 80 62 in
698 2650 147 62 divinis
805 2650 200 62 sermonibus,
965 2650 93 62 (b)
1018 2650 120 62 Primo
1098 2650 147 62 arguit,
1205 2650 160 62 probando
1325 2650 107 62 quod
1378 2650 107 62 scien-

418 2725 92 61 qui
471 2725 184 61 charitalem
615 2725 132 61 servat
708 2725 79 61 in
747 2725 158 61 moribus.
866 2725 92 61 Hae
918 2725 92 61 tia
971 2725 158 61 practica
1090 2725 92 61 non
1142 2725 145 61 dicatur
1248 2725 158 61 practica
1366 2725 79 61 ab
1393 2725 92 61 obje-

417 2800 126 63 autem
501 2800 225 63 auctoritates
684 2800 155 63 probant
796 2800 112 63 quod
867 2800 112 63 cto,
937 2800 112 63 quia
1007 2800 112 63 3.de
1077 2800 141 63 Anima,
1176 2800 211 63 intellectus
1330 2800 155 63 practicus

414 2875 110 64 ista
483 2875 165 64 scientia
606 2875 96 64 non
661 2875 96 64 est
716 2875 165 64 praecise
840 2875 110 64 pro-
908 2875 110 64 fine
977 2875 151 64 differt
1087 2875 69 64 a
1114 2875 220 64 speculativo.
1293 2875 96 64 Cum
1348 2875 110 64 ergo
1403 2875 82 64 quae

411 2951 110 65 pter
480 2951 193 65 speculari;
631 2951 206 65 speculativa
797 2951 124 65 autem
879 2951 110 65 sunt
948 2951 179 65 principia
1086 2951 234 65 distinguendi,
1279 2951 110 65 sint
1334 2951 151 65 principia

410 3027 119 64 ultra
489 3027 173 64 speculari
622 3027 119 64 nihil
702 3027 173 64 requirit,
835 3027 133 64 secun-
927 3027 159 64 essendi,
1047 3027 159 64 sequitur
1166 3027 106 64 quod
1233 3027 119 64 finis
1312 3027 106 64 erit
1366 3027 119 64 princi-

399 3096 124 68 CaP.
477 3096 93 68 1.
524 3096 109 68 dum
586 3096 202 68 Avicennam
741 3096 93 68 1.
787 3096 171 68 Metaph.
911 3096 124 68 pium
989 3096 171 68 essendi
1113 3096 202 68 practicum
1268 3096 93 68 et
1314 3096 109 68 non
1361 3096 124 68 subje-

370 3181 158 61 2.
449 3181 316 61 Secundo,
685 3181 263 61 quaero
870 3181 184 61 (b)
975 3181 237 61 utrum
1133 3181 158 61 ex
1212 3181 184 61 or-
1291 3181 184 61 ctum.

383 3240 154 80 com[e49.
499 3240 103 80 dine
563 3240 77 80 ad
602 3240 128 80 praxim
691 3240 77 80 ut
730 3240 77 80 ad
769 3240 128 80 finem,
858 3240 141 80 dicatur
961 3240 141 80 Secundo
1064 3240 141 80 arguit,
1167 3240 103 80 quia
1231 3240 154 80 practica
1347 3240 90 80 est
1385 3240 90 80 minus

403 3328 95 66 per
458 3328 81 66 se
498 3328 163 66 scientia
620 3328 176 66 practica?
756 3328 163 66 Arguitur
878 3328 149 66 nobilis
987 3328 109 66 quam
1055 3328 217 66 speculativa,
1231 3328 109 66 quia
1299 3328 163 66 practica
1407 3328 68 66 est

404 3403 107 66 quod
471 3403 107 66 sic,
538 3403 134 66 tertio
631 3403 80 66 de
671 3403 134 66 Anima,
765 3403 121 66 dicit
846 3403 107 66 Phi-
913 3403 134 66 gratia
1006 3403 121 66 usus.
1087 3403 107 66 Haec
1154 3403 121 66 ratio
1234 3403 94 66 non
1288 3403 161 66 teneret,
1395 3403 80 66 nisi

401 3479 161 67 losophus:
524 3479 185 67 Intellectus
672 3479 173 67 extensione
808 3479 86 67 fit
858 3479 99 67 pra-
919 3479 99 67 usus
981 3479 111 67 esset
1055 3479 86 67 per
1105 3479 74 67 se
1142 3479 111 67 finis
1216 3479 123 67 illius
1302 3479 148 67 habitus,
1401 3479 74 67 quia

396 3555 140 58 cticus,
498 3555 76 58 et
536 3555 140 58 differt
637 3555 63 58 a
663 3555 203 58 speculativo,
828 3555 102 58 fne.
891 3555 114 58 Item,
967 3555 152 58 scientia
1082 3555 76 58 ab
1120 3555 76 58 eo
1158 3555 114 58 habet
1234 3555 102 58 suam
1297 3555 190 58 nobilitatem
1437 3555 38 58 a

398 3631 131 66 primo
486 3631 233 66 Metaphysicae
675 3631 73 66 :
704 3631 175 66 Practica
835 3631 102 66 est
893 3631 102 66 quo
951 3631 131 66 habet
1038 3631 116 66 suam
1111 3631 262 66 denominationem
1315 3631 145 66 ultimam.

1471 381 101 65 jus
1528 381 188 65 scientiae
1673 381 101 65 non
1731 381 101 65 est
1788 381 217 65 contingens,
1962 381 130 65 minus
2048 381 159 65 nobilis
2164 381 116 65 quam
2236 381 231 65 speculativa,
2424 381 116 65 quia
2482 381 72 65 est

1467 456 127 67 sed
1539 456 290 67 necessarium,
1775 456 163 67 ergo,
1884 456 145 67 etc.
1975 456 181 67 gratia
2102 456 163 67 usus.
2210 456 127 67 Hoc
2283 456 254 67 argumentum
2464 456 91 67 non

1474 532 117 66 Item
1547 532 160 66 Boetius
1664 532 87 66 de
1708 532 204 66 Trinitate,
1868 532 175 66 assignat
1999 532 175 66 teneret,
2130 532 117 66 nisi
2203 532 117 66 usus
2276 532 131 66 esset
2364 532 102 66 per
2422 532 87 66 se
2451 532 102 66 finis

1473 608 125 64 tres
1552 608 156 64 partes
1661 608 266 64 speculativae,
1880 608 156 64 quarum
1990 608 156 64 illius
2099 608 188 64 habitus.
2240 608 141 64 Item,
2334 608 172 64 secundo
2443 608 110 64 Meta-

1475 683 99 66 una
1532 683 99 66 est
1588 683 185 66 Theologia
1730 683 170 66 secundum
1858 683 114 66 eum.
1929 683 128 66 phys.
2014 683 128 66 Finis
2100 683 227 66 speculativae
2284 683 170 66 veritas,
2398 683 156 66 practicce

1481 761 45 62 Et
1504 761 61 62 quod
1542 761 91 62 loquatur
1610 761 45 62 de
1633 761 61 62 ista
1671 761 91 62 videtur,
1739 761 68 62 autem
1777 761 53 62 opus.

1470 834 124 66 quia
1547 834 154 66 subdit
1655 834 124 66 ibi,
1732 834 93 66 de
1779 834 185 66 subjecto
1918 834 154 66 illius
2026 834 154 66 Contra
2134 834 93 66 6.
2180 834 170 66 Metaph.
2304 834 216 66 distinguit
2458 834 93 66 Phi-

1469 910 125 66 quod
1548 910 204 66 subjectum
1704 910 125 66 ejus
1783 910 110 66 est
1846 910 141 66 prima
1940 910 125 66 sub-
2018 910 188 66 losophus
2159 910 204 66 practicas
2316 910 78 66 a
2332 910 219 66 speculativis

1470 985 175 67 stantia,
1601 985 87 67 de
1645 985 102 67 qua
1703 985 145 67 dicit,
1805 985 131 67 quocl
1892 985 204 67 substantia
2052 985 131 67 penes
2140 985 160 67 objecta
2256 985 87 67 et
2300 985 102 67 non
2358 985 131 67 penes
2431 985 116 67 fines,

1464 1062 146 65 Dei
1548 1062 230 65 materia
1715 1062 209 65 caret.
1861 1062 188 65 sicut
1986 1062 188 65 patet
2111 1062 167 65 ibi.
2216 1062 292 65 Distinguit
2425 1062 125 65 enim

1472 1135 147 69 Item,
1570 1135 131 69 omni
1651 1135 196 69 practica
1798 1135 163 69 aliqua
1912 1135 131 69 spe-
1994 1135 212 69 scientiam
2157 1135 114 69 tam
2223 1135 180 69 activam
2353 1135 131 69 quam
2418 1135 131 69 facti-

1472 1209 187 72 culativa
1612 1209 109 72 est
1675 1209 202 72 nobilior,
1830 1209 140 72 nulla
1923 1209 140 72 autem
2017 1209 109 72 vam
2079 1209 78 72 a
2110 1209 233 72 speculativa
2296 1209 140 72 penes
2374 1209 171 72 objectum,

1474 1286 100 68 est
1531 1286 172 68 nobilior
1660 1286 129 68 ista;
1746 1286 129 68 ergo,
1832 1286 115 68 etc.
1903 1286 143 68 Proba-
2004 1286 129 68 Item,
2090 1286 86 68 6.
2133 1286 143 68 Ethic.
2233 1286 201 68 distinguit
2376 1286 172 68 ratiocina¬-

1472 1361 109 69 tio
1535 1361 171 69 primae,
1659 1361 124 69 tum,
1737 1361 124 69 quia
1815 1361 233 69 speculativa
2001 1361 140 69 tivum
2095 1361 78 69 a
2126 1361 233 69 scientifico
2313 1361 140 69 penes
2390 1361 156 69 objectum

1473 1435 107 70 est
1534 1435 107 70 sui
1595 1435 168 70 gratia,
1717 1435 183 70 practica
1855 1435 122 70 vero
1931 1435 122 70 gra-
2007 1435 229 70 necessarium
2191 1435 92 70 et
2236 1435 229 70 contingens;
2420 1435 92 70 et
2450 1435 92 70 ter-

1472 1511 112 71 tia
1536 1511 144 71 usus;
1632 1511 112 71 tum
1696 1511 128 71 quia
1777 1511 240 71 speculativa
1969 1511 112 71 est
2033 1511 112 71 tio
2097 1511 96 71 de
2145 1511 160 71 Anima,
2257 1511 192 71 assignat
2386 1511 160 71 objectum

1474 1589 82 69 in
1515 1589 137 69 proem.
1611 1589 164 69 certior,
1734 1589 123 69 primo
1816 1589 232 69 Metaphysicce.
2007 1589 123 69 Item,
2089 1589 178 69 practicae
2226 1589 137 69 bonum,
2321 1589 96 69 non
2362 1589 178 69 quodcumque,

1472 1663 128 69 haec
1552 1663 176 69 inventa
1680 1663 112 69 est
1744 1663 176 69 omnibus
1872 1663 192 69 necessa-
2016 1663 112 69 sed
2080 1663 176 69 agibile
2208 1663 96 69 et
2256 1663 224 69 contingens
2432 1663 80 69 ;
2448 1663 96 69 ergo

1472 1739 124 70 riis
1550 1739 265 70 existentibus,
1768 1739 171 70 propter
1893 1739 140 70 fugam
1986 1739 187 70 scientia
2126 1739 109 70 est
2188 1739 187 70 practica
2328 1739 109 70 per
2390 1739 93 70 se
2437 1739 93 70 ex
2468 1739 78 70 ob-

1473 1813 244 72 ignorantiae.
1671 1813 122 72 Quod
1748 1813 183 72 apparet,
1885 1813 122 72 quia
1962 1813 153 72 jecto,
2068 1813 107 72 non
2130 1813 153 72 igitur
2236 1813 92 72 ex
2282 1813 137 72 praxi
2374 1813 92 72 ut
2420 1813 76 72 a
2435 1813 107 72 fine,

1473 1964 106 65 dit
1533 1964 91 65 ab
1579 1964 242 65 inquisitione
1775 1964 136 65 hujus
1866 1964 211 65 doctrinae;
2017 1964 227 65 COMMENTARIUS,

1472 2116 77 65 in
1511 2116 128 65 proem.
1600 2116 128 65 arguit
1690 2116 192 65 Philosophus
1844 2116 77 65 1.
1883 2116 218 65 Metaphysicce,
2062 2116 90 65 (a)
2114 2116 115 65 Circa
2191 2116 141 65 quartam
2293 2116 192 65 quaestionem
2434 2116 103 65 Doctor

1471 2191 109 65 quod
1540 2191 205 65 Metaphysica
1704 2191 96 65 est
1758 2191 219 65 speculativa,
1936 2191 150 65 quaerit
2045 2191 109 65 duo.
2113 2191 123 65 Primo
2195 2191 68 65 :
2223 2191 82 65 An
2264 2191 178 65 Theologia
2387 2191 150 65 sitscien-

1471 2268 150 61 Contra,
1581 2268 82 61 ad
1621 2268 136 61 Roman.
1717 2268 96 61 13.
1772 2268 123 61 Finis
1854 2268 123 61 legis
1935 2268 96 61 tia
1990 2268 191 61 practica*!
2140 2268 150 61 Secundo
2249 2268 68 61 :
2277 2268 68 61 A
2304 2268 96 61 quo
2359 2268 164 61 scientia
2468 2268 68 61 di-

1471 2343 97 62 est
1526 2343 180 62 dilectio.
1665 2343 124 62 Item,
1748 2343 138 62 Matth.
1844 2343 97 62 22.
1899 2343 83 62 In
1941 2343 97 62 his
1996 2343 124 62 catur
2079 2343 180 62 practica?
2217 2343 180 62 Argumenta
2355 2343 138 62 primae
2438 2343 97 62 quae-

1472 2421 128 60 duobus
1562 2421 179 60 praeceptis
1702 2421 102 60 tota
1766 2421 89 60 lex
1817 2421 128 60 pendet
1906 2421 77 60 et
1944 2421 102 60 Pro-
2008 2421 140 60 stionis
2110 2421 115 60 satis
2187 2421 115 60 clara
2263 2421 115 60 sunt.
2340 2421 102 60 Item
2391 2421 140 60 secundae,

1470 2495 160 63 phetce.
1587 2495 131 63 Item,
1674 2495 203 63 Augustinus
1833 2495 87 63 de
1877 2495 131 63 laude
1964 2495 131 63 tamen
2051 2495 102 63 pro
2109 2495 145 63 majore
2211 2495 232 63 declaratione
2385 2495 145 63 argumen-

1476 2573 122 59 charitatis
1572 2573 44 59 :
1590 2573 70 59 Ille
1634 2573 79 59 tenet
1686 2573 105 59 quidquid
1765 2573 79 59 latet
1817 2573 52 59 ta
1843 2573 105 59 secundae
1913 2573 79 59 adduco.

1472 2650 79 62 et
1511 2650 159 62 quidquid
1631 2650 119 62 patet
1710 2650 79 62 in
1750 2650 146 62 divinis
1856 2650 199 62 sermonibus,
2015 2650 93 62 (b)
2068 2650 119 62 Primo
2147 2650 146 62 arguit,
2253 2650 159 62 probando
2372 2650 106 62 quod
2425 2650 106 62 scien-

1472 2725 91 61 qui
1524 2725 182 61 charitalem
1667 2725 130 61 servat
1759 2725 78 61 in
1798 2725 156 61 moribus.
1915 2725 91 61 Hae
1967 2725 91 61 tia
2019 2725 156 61 practica
2136 2725 91 61 non
2188 2725 143 61 dicatur
2293 2725 156 61 practica
2410 2725 78 61 ab
2436 2725 91 61 obje-

1471 2800 125 63 autem
1555 2800 223 63 auctoritates
1736 2800 153 63 probant
1847 2800 111 63 quod
1917 2800 111 63 cto,
1986 2800 111 63 quia
2056 2800 111 63 3.de
2125 2800 139 63 Anima,
2223 2800 209 63 intellectus
2376 2800 153 63 practicus

1471 2875 109 64 ista
1539 2875 163 64 scientia
1662 2875 95 64 non
1716 2875 95 64 est
1770 2875 163 64 praecise
1893 2875 109 64 pro-
1960 2875 109 64 fine
2028 2875 149 64 differt
2137 2875 68 64 a
2164 2875 217 64 speculativo.
2341 2875 95 64 Cum
2395 2875 109 64 ergo
2449 2875 82 64 quae

1471 2951 108 65 pter
1539 2951 190 65 speculari;
1688 2951 203 65 speculativa
1851 2951 122 65 autem
1932 2951 108 65 sunt
2000 2951 176 65 principia
2135 2951 230 65 distinguendi,
2325 2951 108 65 sint
2379 2951 149 65 principia

1472 3027 117 64 ultra
1550 3027 169 64 speculari
1680 3027 117 64 nihil
1758 3027 169 64 requirit,
1888 3027 130 64 secun-
1979 3027 156 64 essendi,
2097 3027 156 64 sequitur
2214 3027 104 64 quod
2279 3027 117 64 finis
2357 3027 104 64 erit
2409 3027 117 64 princi-

1476 2632 122 1 charitatis
1572 2632 44 1 :
1590 2632 70 1 Ille
1634 2632 79 1 tenet
1686 2632 105 1 quidquid
1765 2632 79 1 latet
1817 2632 52 1 ta
1843 2632 105 1 secundae
1913 2632 79 1 adduco.

1470 3096 121 68 CaP.
1545 3096 91 68 1.
1591 3096 106 68 dum
1651 3096 196 68 Avicennam
1802 3096 91 68 1.
1847 3096 166 68 Metaph.
1968 3096 121 68 pium
2043 3096 166 68 essendi
2164 3096 196 68 practicum
2315 3096 91 68 et
2360 3096 106 68 non
2405 3096 121 68 subje-

1471 3181 24 59 2.
1483 3181 49 59 Secundo,
1520 3181 41 59 quaero
1548 3181 29 59 (b)
1565 3181 37 59 utrum
1589 3181 24 59 ex
1601 3181 29 59 or-
1613 3181 29 59 ctum.

1.0119047E7 9.999999E6 -1.428571E6 -9.999999E6 com[e49.
9.047618E6 9.999999E6 -952381 -9.999999E6 dine
8.45238E6 9.999999E6 -714286 -9.999999E6 ad
8.095237E6 9.999999E6 -1.190476E6 -9.999999E6 praxim
7.261904E6 9.999999E6 -714286 -9.999999E6 ut
6.904761E6 9.999999E6 -714286 -9.999999E6 ad
6.547618E6 9.999999E6 -1.190476E6 -9.999999E6 finem,
5.714285E6 9.999999E6 -1.309524E6 -9.999999E6 dicatur
4.761904E6 9.999999E6 -1.309524E6 -9.999999E6 Secundo
3.809523E6 9.999999E6 -1.309524E6 -9.999999E6 arguit,
2.857143E6 9.999999E6 -952381 -9.999999E6 quia
2.261905E6 9.999999E6 -1.428571E6 -9.999999E6 practica
1.190476E6 9.999999E6 -833333 -9.999999E6 est
833333 9.999999E6 -833333 -9.999999E6 minus

1471 3240 24 2 2.
1483 3240 49 2 Secundo,
1520 3240 41 2 quaero
1548 3240 29 2 (b)
1565 3240 37 2 utrum
1589 3240 24 2 ex
1601 3240 29 2 or-
1613 3240 29 2 ctum.

1462 3240 150 80 com[e49.
1575 3240 100 80 dine
1638 3240 75 80 ad
1676 3240 125 80 praxim
1763 3240 75 80 ut
1801 3240 75 80 ad
1839 3240 125 80 finem,
1926 3240 138 80 dicatur
2027 3240 138 80 Secundo
2127 3240 138 80 arguit,
2227 3240 100 80 quia
2290 3240 150 80 practica
2403 3240 88 80 est
2440 3240 88 80 minus

1462 3328 94 66 per
1515 3328 81 66 se
1556 3328 162 66 scientia
1677 3328 175 66 practica?
1812 3328 162 66 Arguitur
1933 3328 148 66 nobilis
2040 3328 108 66 quam
2108 3328 215 66 speculativa,
2283 3328 108 66 quia
2350 3328 162 66 practica
2458 3328 67 66 est

1462 3403 106 66 quod
1528 3403 106 66 sic,
1595 3403 133 66 tertio
1688 3403 80 66 de
1728 3403 133 66 Anima,
1821 3403 120 66 dicit
1901 3403 106 66 Phi-
1967 3403 133 66 gratia
2060 3403 120 66 usus.
2140 3403 106 66 Haec
2207 3403 120 66 ratio
2287 3403 93 66 non
2340 3403 160 66 teneret,
2446 3403 80 66 nisi

1463 3479 158 67 losophus:
1585 3479 183 67 Intellectus
1731 3479 171 67 extensione
1865 3479 85 67 fit
1914 3479 97 67 pra-
1975 3479 97 67 usus
2036 3479 110 67 esset
2109 3479 85 67 per
2157 3479 73 67 se
2194 3479 110 67 finis
2267 3479 122 67 illius
2352 3479 146 67 habitus,
2450 3479 73 67 quia

1463 3555 137 58 cticus,
1562 3555 75 58 et
1600 3555 137 58 differt
1699 3555 62 58 a
1724 3555 199 58 speculativo,
1886 3555 100 58 fne.
1949 3555 112 58 Item,
2023 3555 150 58 scientia
2136 3555 75 58 ab
2173 3555 75 58 eo
2210 3555 112 58 habet
2285 3555 100 58 suam
2348 3555 187 58 nobilitatem
2485 3555 37 58 a

1445 3631 132 66 primo
1533 3631 235 66 Metaphysicae
1725 3631 73 66 :
1754 3631 176 66 Practica
1886 3631 103 66 est
1945 3631 103 66 quo
2004 3631 132 66 habet
2092 3631 118 66 suam
2165 3631 265 66 denominationem
2371 3631 147 66 ultimam.
