2624 3979
305 297 188 52 erat
423 297 376 52 acquisibilis
729 297 141 52 in
799 297 306 52 potentia.
1034 297 259 52 Dicitur
1199 297 141 52 enim

304 371 407 51 consideratio
634 371 305 51 actualis
863 371 153 51 et
939 371 407 51 particularis
1244 371 102 51 ex

301 447 183 51 hoc
405 447 235 51 solo,
562 447 209 51 quia
692 447 261 51 dictat
875 447 156 51 de
953 447 235 51 medio
1083 447 261 51 particu¬-

307 523 185 47 lari,
409 523 123 47 etc.

269 598 153 52 46.
357 598 131 52 Et
422 598 197 52 licet
553 598 350 52 consideratio
837 598 197 52 finis
968 598 131 52 in
1034 598 131 52 se
1100 598 153 52 sit
1165 598 175 52 parti¬-

302 674 311 52 cularis,
535 674 181 52 non
639 674 233 52 tamen
794 674 259 52 dictat
975 674 155 52 de
1053 674 233 52 medio
1183 674 155 52 par¬-

306 751 270 52 ticulari
508 751 157 52 per
598 751 180 52 quod
710 751 180 52 actu
823 751 315 52 acquiritur
1070 751 225 52 finis,
1205 751 135 52 ideo

305 827 227 50 ponit
456 827 480 50 considerationem
861 827 227 50 medii
1012 827 202 50 esse
1114 827 227 50 simpli¬-

303 903 233 49 citer
459 903 363 49 practicam,
744 903 156 49 et
822 903 285 49 habitum
1029 903 311 49 causatum
1236 903 104 49 ex

302 976 329 53 hujusmodi
554 976 531 53 considerationibus
1009 976 202 53 esse
1111 976 227 53 simpli¬-

305 1053 211 51 citer
445 1053 328 51 praeticum,
703 1053 141 51 et
773 1053 117 51 a
820 1053 187 51 tali
937 1053 187 51 dici
1031 1053 304 51 intellectum

271 1129 197 51 Duplex
409 1129 138 51 est
488 1129 296 51 simpliciter
725 1129 276 51 praeticum.
942 1129 118 51 Et
1001 1129 138 51 sic
1080 1129 177 51 ponit
1178 1129 158 51 dupli-

270 1205 298 51 practicus.
504 1205 149 51 cem
589 1205 234 51 habitum
759 1205 298 51 praeticum,
993 1205 255 51 scilicet
1185 1205 149 51 per
1249 1205 85 51 86

302 1278 336 52 praeticum,
566 1278 168 52 qui
662 1278 288 52 respicit
878 1278 312 52 operabile
1118 1278 144 52 ut
1166 1278 168 52 aptum

297 1353 289 51 ordinari
514 1353 145 51 ad
586 1353 217 51 opus,
731 1353 145 51 et
803 1353 121 51 a
852 1353 193 51 tali
972 1353 265 51 dicitur
1141 1353 193 51 intel¬-

295 1425 259 51 lectus
477 1425 311 51 secundum
710 1425 208 51 quid
840 1425 363 51 practicus,
1125 1425 156 51 et
1177 1425 156 51 pra¬-

293 1500 260 52 eticum
475 1500 182 52 per
579 1500 338 52 accidens,
839 1500 182 52 qui
943 1500 312 52 respicit
1151 1500 182 52 obje¬-

288 1578 246 50 ctum
442 1578 184 50 ut
534 1578 246 50 actu
688 1578 399 50 ordinatur
995 1578 184 50 ad
1087 1578 246 50 opus
1210 1578 123 50 ut

290 1654 234 51 supra
446 1654 313 51 exposui,
681 1654 156 51 et
759 1654 182 51 sic
863 1654 234 51 ipsum
1019 1654 234 51 ponit
1150 1654 182 51 penes

291 1731 240 52 finem
451 1731 187 52 qui
558 1731 293 52 accidit
771 1731 320 52 objecto,
1011 1731 160 52 id
1091 1731 187 52 est
1171 1731 160 52 quod

292 1808 228 51 ponit
444 1808 177 51 eum
545 1808 228 51 circa
697 1808 203 51 opus
824 1808 152 51 in
900 1808 228 51 actu,
1052 1808 203 51 quod
1154 1808 177 51 acci¬-

295 1884 165 53 dit
390 1884 259 53 objecto
578 1884 118 53 ;
625 1884 259 53 accidit
813 1884 188 53 enim
930 1884 259 53 objecto
1118 1884 165 53 sic
1189 1884 141 53 actu

293 1959 290 50 ordinari
510 1959 145 50 ad
583 1959 217 50 opus,
727 1959 145 50 et
800 1959 217 50 talis
945 1959 266 50 habitus
1114 1959 217 50 dicitur

291 2035 362 50 simpliciter
581 2035 338 50 practicus,
846 2035 145 50 et
919 2035 145 50 ab
991 2035 193 50 ipso
1088 2035 241 50 intelle¬-

293 2110 193 51 ctus
413 2110 361 51 simpliciter
703 2110 265 51 dicitur
895 2110 337 51 practicus.
1160 2110 145 51 Et
1209 2110 120 51 hoc

290 2186 177 51 est
391 2186 304 51 secundum
619 2186 380 51 principale,
923 2186 304 51 scilicet
1151 2186 152 51 de
1201 2186 127 51 ha¬-

288 2260 194 51 bitu
409 2260 363 51 simpliciter
699 2260 291 51 practico
917 2260 145 51 et
990 2260 145 51 de
1063 2260 242 51 habitu
1208 2260 121 51 per

289 2335 304 52 accidens
517 2335 405 52 speculativo,
846 2335 177 52 qui
947 2335 304 52 respicit
1150 2335 177 52 finem

291 2411 177 52 qui
392 2411 279 52 accidit
595 2411 304 52 objecto,
823 2411 152 52 id
899 2411 177 52 est
1000 2411 177 52 qui
1077 2411 254 52 respicit

291 2488 296 51 objectum
513 2488 173 51 sub
612 2488 197 51 illo
736 2488 321 51 respectu,
982 2488 197 51 quod
1106 2488 173 51 est
1180 2488 148 51 actu

291 2563 171 51 non
388 2563 293 51 ordinari
608 2563 146 51 ad
681 2563 195 51 opus
803 2563 146 51 ut
876 2563 220 51 supra
998 2563 171 51 dixi.

266 2641 177 49 47.
367 2641 328 49 Similiter
619 2641 202 49 tunc
746 2641 278 49 habitus
948 2641 354 49 practicus.
1201 2641 126 49 Hic

291 2715 253 53 Doctor
468 2715 253 53 arguit
644 2715 253 53 contra
821 2715 253 53 aliud,
998 2715 202 53 quia
1099 2715 227 53 Goffre-

291 2793 182 51 dus
395 2793 259 51 dixit,
576 2793 208 51 quod
706 2793 389 51 intellectus
1018 2793 182 51 non
1095 2793 234 51 dicitur

289 2870 328 50 practicus
541 2870 151 50 ab
617 2870 252 50 habitu
793 2870 177 50 per
894 2870 151 50 se
970 2870 328 50 practico,
1197 2870 126 50 ar¬-

287 2944 207 52 guit
417 2944 285 52 contra,
624 2944 337 52 deducendo
883 2944 156 52 ad
961 2944 259 52 duplex
1117 2944 207 52 incon¬-

286 3020 319 50 veniens.
526 3020 292 50 Primum,
738 3020 213 50 quod
871 3020 213 50 tunc
1004 3020 239 50 esset
1137 3020 186 50 habi¬-

291 3096 165 49 tus
386 3096 306 49 practicus
621 3096 141 49 in
692 3096 329 49 intellectu
950 3096 377 49 speculativo,
1233 3096 94 49 et

284 3171 247 51 ratio
448 3171 219 51 stat
585 3171 165 51 in
668 3171 219 51 hoc,
805 3171 219 51 quia
942 3171 247 51 omnis
1079 3171 247 51 habitus

290 3247 296 40 existens
512 3247 148 40 in
586 3247 345 40 intellectu
857 3247 320 40 denominat
1079 3247 246 40 intelle¬-

287 3334 292 51 ctum,ut
500 3334 266 51 patet;
686 3334 186 51 sed
792 3334 292 51 habitus
1005 3334 186 51 per
1111 3334 159 51 se
1165 3334 159 51 pra¬-

290 3410 252 52 cticus
466 3410 176 52 est
567 3410 151 52 in
643 3410 378 52 intellectu,
945 3410 176 52 aut
1046 3410 202 52 ergo
1147 3410 176 52 talis

283 3491 411 42 intellectus
611 3491 411 42 denominatur
940 3491 137 42 a
994 3491 219 42 tali
1104 3491 219 42 habitu

284 3573 430 52 speculativus,
638 3573 177 52 aut
739 3573 354 52 practicus.
1017 3573 152 52 Si
1067 3573 253 52 secundo,

1389 294 283 52 habetur
1595 294 335 52 intentum.
1853 294 154 52 Si
1930 294 257 52 primo,
2110 294 206 52 ergo
2239 294 154 52 ab
2290 294 129 52 ha¬-

1390 372 206 51 bitu
1519 372 181 51 per
1622 372 155 51 se
1700 372 310 51 practico
1932 372 439 51 denominaretur
2267 372 155 51 spe¬-

1394 446 352 53 culativus,
1670 446 201 53 quod
1796 446 176 53 est
1896 446 427 53 inconveniens.
2223 446 201 53 Secun¬-

1393 520 212 54 dum,
1525 520 212 54 quia
1657 520 370 54 sequeretur
1948 520 212 54 quod
2080 520 264 54 habens
2239 520 185 54 talem

1390 596 264 48 formam
1575 596 185 48 non
1680 596 450 48 denominaretur
2051 596 132 48 a
2104 596 212 48 tali
2209 596 212 48 forma,

1393 673 159 44 et
1472 673 185 44 sic
1578 673 264 44 habens
1762 673 159 44 in
1842 673 159 44 se
1921 673 370 44 formaliter
2185 673 238 44 habitum

1388 749 345 53 praeticum
1654 749 186 53 non
1760 749 451 53 denominaretur
2105 749 319 53 formaliter

1389 826 338 53 practicus,
1655 826 193 53 quod
1775 826 169 53 est
1848 826 362 53 inconveniens.

1440 900 151 52 Ad
1515 900 301 52 secundum
1741 900 301 52 dicitur.
1967 900 326 52 Respondet
2193 900 226 52 Goffre-

1389 976 171 54 dus
1486 976 196 54 quod
1609 976 367 54 intellectus
1902 976 269 54 dicitur
2074 976 342 54 denominative

1388 1052 326 53 practicus
1639 1052 126 53 a
1689 1052 201 53 tali
1815 1052 251 53 habitu
1990 1052 176 53 non
2066 1052 351 53 simpliciter,

1383 1129 180 51 sed
1486 1129 257 51 tantum
1666 1129 309 51 secundum
1898 1129 206 51 quid
2001 1129 309 51 practicus.

1437 1206 284 50 Contra.
1644 1206 258 50 Doctor
1824 1206 258 50 arguit
2005 1206 258 50 contra
2186 1206 206 50 hanc
2289 1206 129 50 ra¬-

1383 1282 285 48 tionem,
1590 1282 336 48 deducendo
1849 1282 155 48 ad
1926 1282 440 48 inconveniens,
2263 1282 155 48 quia

1383 1361 212 49 tunc
1515 1361 371 49 sequeretur
1807 1361 212 49 quod
1939 1361 239 49 actus
2098 1361 186 49 per
2204 1361 159 49 se
2257 1361 159 49 pra¬-

1382 1435 241 51 cticus
1551 1435 217 51 esset
1695 1435 145 51 in
1767 1435 337 51 intellectu
2032 1435 386 51 speculativo,
2322 1435 96 51 id

1380 1511 181 51 est
1484 1511 207 51 quod
1613 1511 389 51 denominaret
1924 1511 389 51 intellectum
2210 1511 207 51 specu¬-

1381 1587 253 51 lativum
1565 1587 368 51 simpliciter,
1864 1587 230 51 patet,
2024 1587 184 51 quia
2116 1587 299 51 intellectus

1379 1665 123 52 a
1429 1665 197 52 tali
1552 1665 270 52 habitu,
1748 1665 172 52 cum
1847 1665 172 52 sit
1945 1665 197 52 vera
2068 1665 295 52 qualitas
2264 1665 148 52 sim¬-

1379 1740 289 53 pliciter
1596 1740 386 53 denominatur;
1909 1740 169 53 aut
2005 1740 193 53 ergo
2102 1740 313 53 simpliciter

1378 1815 399 53 denominatur
1697 1815 372 53 practicus,
1990 1815 186 53 aut
2069 1815 346 53 simpliciter

1381 1894 374 49 speculativus
1684 1894 117 49 ;
1731 1894 140 49 si
1801 1894 234 49 primo,
1965 1894 257 49 habetur
2152 1894 280 49 intentum
2339 1894 70 49 ;

1375 1968 159 52 si
1455 1968 319 52 secundo,
1694 1968 319 52 sequitur
1934 1968 425 52 inconveniens
2253 1968 159 52 quod

1377 2046 148 51 ab
1451 2046 247 51 habitu
1624 2046 173 51 per
1723 2046 148 51 se
1797 2046 296 51 practico
2020 2046 272 51 dicatur
2193 2046 222 51 simpli¬-

1378 2121 222 52 citer
1527 2121 420 52 speculativus;
1872 2121 148 52 et
1947 2121 198 52 quod
2070 2121 321 52 sequatur,
2292 2121 124 52 pa¬-

1380 2199 188 52 tet,
1497 2199 188 52 quia
1614 2199 141 52 si
1685 2199 352 52 denominatur
1966 2199 352 52 simpliciter
2248 2199 141 52 et
2295 2199 117 52 per

1373 2274 191 50 se,
1482 2274 410 50 denominatur
1810 2274 328 50 secundum
2056 2274 219 50 quid
2165 2274 246 50 practi¬-

1378 2351 168 53 cus
1474 2351 120 53 ;
1522 2351 192 53 ergo
1642 2351 144 53 ab
1714 2351 192 53 illo
1834 2351 360 53 denominatur
2098 2351 312 53 simpliciter

1375 2430 430 52 speculativus.
1729 2430 202 52 Modo
1855 2430 228 52 actus
2007 2430 177 52 vel
2108 2430 278 52 habitus
2286 2430 127 52 per

1378 2506 141 51 se
1448 2506 305 51 practicus
1683 2506 235 51 potest
1847 2506 188 51 esse
1964 2506 141 51 in
2035 2506 329 51 intellectu
2269 2506 141 51 sine

1380 2584 192 48 tali
1500 2584 312 48 relatione
1740 2584 144 48 ad
1812 2584 216 48 actum
1955 2584 360 48 voluntatis,
2243 2584 144 48 id
2291 2584 120 48 est

1378 2659 191 54 quod
1498 2659 239 54 potest
1665 2659 191 54 esse
1785 2659 383 54 consideratio
2096 2659 168 54 per
2192 2659 144 54 se
2240 2659 168 54 sani¬-

1379 2737 211 50 tatis
1519 2737 140 50 in
1589 2737 328 50 intellectu
1847 2737 234 50 absque
2010 2737 187 50 hoc,
2127 2737 187 50 quod
2221 2737 187 50 volun¬-

1378 2814 160 50 tas
1470 2814 206 50 velit
1607 2814 206 50 illam
1745 2814 321 50 explicite,
1997 2814 137 50 et
2065 2814 206 50 media
2203 2814 137 50 ad
2249 2814 160 50 illam

1373 2887 354 55 implicite.
1651 2887 177 55 Sed
1752 2887 202 55 iste
1879 2887 329 55 Goffredus
2106 2887 304 55 consequens

1378 2964 352 55 concederet,
1659 2964 282 55 scilicet
1870 2964 188 55 quod
1988 2964 211 55 talis
2128 2964 258 55 habitus
2293 2964 117 55 per

1376 3041 141 51 se
1446 3041 305 51 practicus
1681 3041 235 51 posset
1845 3041 188 51 esse
1962 3041 141 51 in
2033 3041 329 51 intellectu
2267 3041 141 51 abs¬-

1377 3118 164 54 que
1470 3118 188 54 tali
1588 3118 305 54 relatione
1822 3118 141 54 ad
1892 3118 352 54 voluntatem,
2174 3118 164 54 sed
2244 3118 164 54 alium

1373 3193 277 52 habitum
1575 3193 277 52 poneret
1776 3193 227 52 posse
1928 3193 252 52 haberi
2104 3193 151 52 in
2155 3193 252 52 intelle¬-

1373 3271 180 50 ctu
1476 3271 309 50 practico
1708 3271 154 50 ex
1785 3271 309 50 actibus,
2017 3271 180 50 non
2120 3271 232 50 tamen
2249 3271 154 50 pra¬-

1374 3345 258 51 eficis,
1561 3345 164 51 sed
1655 3345 141 51 ex
1725 3345 258 51 actibus
1913 3345 352 51 intellectus
2171 3345 234 51 praefici

1374 3422 281 60 generatum.
1595 3422 221 60 Habitus
1755 3422 261 60 generatus
1956 3422 120 60 ex
2016 3422 221 60 actibus
2156 3422 261 60 Differenlia

1375 3493 256 79 praeficis
1572 3493 138 79 est
1651 3493 216 79 habitus
1808 3493 138 79 per
1886 3493 118 79 se
1945 3493 275 79 practicus,
2162 3493 157 79 qui1
2240 3493 177 79 podicum

1370 3576 273 52 respicit
1575 3576 273 52 objectum
1779 3576 159 52 per
1870 3576 136 52 se
1939 3576 318 52 operabile;
2166 3576 250 52 etetactum
