<?xml version="1.0" encoding="UTF-8"?>
<alto xmlns:xsi="http://www.w3.org/2001/XMLSchema-instance"
      xmlns="http://www.loc.gov/standards/alto/ns-v4#"
      xmlns:page="http://schema.primaresearch.org/PAGE/gts/pagecontent/2013-07-15"
      xsi:schemaLocation="http://www.loc.gov/standards/alto/ns-v4# https://www.loc.gov/standards/alto/v4/alto.xsd">
   <Description>
      <MeasurementUnit>pixel</MeasurementUnit>
      <OCRProcessing ID="IdOcr">
         <ocrProcessingStep>
            <processingDateTime>2021-03-24T10:45:39.851-04:00</processingDateTime>
            <processingSoftware>
               <softwareCreator>READ COOP</softwareCreator>
               <softwareName>Transkribus</softwareName>
            </processingSoftware>
         </ocrProcessingStep>
      </OCRProcessing>
   </Description>
   <Tags/>
   <Layout>
      <Page ID="Page1" PHYSICAL_IMG_NR="1" HEIGHT="3979" WIDTH="2624">
         <TopMargin HEIGHT="192" WIDTH="2624" VPOS="0" HPOS="0"/>
         <LeftMargin HEIGHT="3776" WIDTH="94" VPOS="192" HPOS="0"/>
         <RightMargin HEIGHT="3776" WIDTH="0" VPOS="192" HPOS="2624"/>
         <BottomMargin HEIGHT="11" WIDTH="2624" VPOS="3968" HPOS="0"/>
         <PrintSpace HEIGHT="3776" WIDTH="2530" VPOS="192" HPOS="94">
            <TextBlock ID="TextRegion_1611074248933_1098"
                       HEIGHT="3345"
                       WIDTH="1031"
                       VPOS="296"
                       HPOS="312">
               <Shape>
                  <Polygon POINTS="316,296 1331,296 1339,1838 1343,2888 1343,3641 325,3641 312,2845 312,1838"/>
               </Shape>
               <TextLine ID="tl_6"
                         BASELINE="324,341 437,339 635,338 810,345 940,338 1166,337 1242,336 1322,336"
                         HEIGHT="49"
                         WIDTH="998"
                         VPOS="297"
                         HPOS="324">
                  <String HEIGHT="49"
                          WIDTH="209"
                          VPOS="297"
                          HPOS="301"
                          CONTENT="tione"/>
                  <SP HEIGHT="49" WIDTH="23" VPOS="297" HPOS="510"/>
                  <String HEIGHT="49"
                          WIDTH="255"
                          VPOS="297"
                          HPOS="440"
                          CONTENT="formali"/>
                  <SP HEIGHT="49" WIDTH="23" VPOS="297" HPOS="695"/>
                  <String HEIGHT="49"
                          WIDTH="232"
                          VPOS="297"
                          HPOS="626"
                          CONTENT="actus,"/>
                  <SP HEIGHT="49" WIDTH="23" VPOS="297" HPOS="858"/>
                  <String HEIGHT="49"
                          WIDTH="209"
                          VPOS="297"
                          HPOS="788"
                          CONTENT="licet"/>
                  <SP HEIGHT="49" WIDTH="23" VPOS="297" HPOS="997"/>
                  <String HEIGHT="49"
                          WIDTH="302"
                          VPOS="297"
                          HPOS="927"
                          CONTENT="effective"/>
                  <SP HEIGHT="49" WIDTH="23" VPOS="297" HPOS="1229"/>
                  <String HEIGHT="49"
                          WIDTH="162"
                          VPOS="297"
                          HPOS="1160"
                          CONTENT="sit"/>
                  <SP HEIGHT="49" WIDTH="23" VPOS="297" HPOS="1322"/>
                  <String HEIGHT="49" WIDTH="93" VPOS="297" HPOS="1229" CONTENT="ab"/>
               </TextLine>
               <TextLine ID="tl_7"
                         BASELINE="321,418 507,416 632,415 757,414 1013,414 1113,414 1188,413 1321,402"
                         HEIGHT="53"
                         WIDTH="1001"
                         VPOS="376"
                         HPOS="320">
                  <String HEIGHT="53"
                          WIDTH="300"
                          VPOS="376"
                          HPOS="295"
                          CONTENT="objecto."/>
                  <SP HEIGHT="53" WIDTH="25" VPOS="376" HPOS="595"/>
                  <String HEIGHT="53"
                          WIDTH="200"
                          VPOS="376"
                          HPOS="520"
                          CONTENT="Esse"/>
                  <SP HEIGHT="53" WIDTH="25" VPOS="376" HPOS="720"/>
                  <String HEIGHT="53"
                          WIDTH="200"
                          VPOS="376"
                          HPOS="645"
                          CONTENT="ergo"/>
                  <SP HEIGHT="53" WIDTH="25" VPOS="376" HPOS="846"/>
                  <String HEIGHT="53"
                          WIDTH="325"
                          VPOS="376"
                          HPOS="770"
                          CONTENT="practicum"/>
                  <SP HEIGHT="53" WIDTH="25" VPOS="376" HPOS="1096"/>
                  <String HEIGHT="53"
                          WIDTH="175"
                          VPOS="376"
                          HPOS="1021"
                          CONTENT="per"/>
                  <SP HEIGHT="53" WIDTH="25" VPOS="376" HPOS="1196"/>
                  <String HEIGHT="53" WIDTH="150" VPOS="376" HPOS="1121" CONTENT="se"/>
                  <SP HEIGHT="53" WIDTH="25" VPOS="376" HPOS="1271"/>
                  <String HEIGHT="53"
                          WIDTH="150"
                          VPOS="376"
                          HPOS="1171"
                          CONTENT="con¬"
                          SUBS_TYPE="HypPart1"
                          SUBS_CONTENT="convenit"/>
                  <HYP CONTENT="-"/>
               </TextLine>
               <TextLine ID="tl_8"
                         BASELINE="320,494 435,493 586,492 707,492 901,492 1016,490 1099,490 1325,489"
                         HEIGHT="53"
                         WIDTH="1005"
                         VPOS="450"
                         HPOS="320">
                  <String HEIGHT="53"
                          WIDTH="232"
                          VPOS="450"
                          HPOS="294"
                          CONTENT="venit"
                          SUBS_TYPE="HypPart2"
                          SUBS_CONTENT="convenit"/>
                  <SP HEIGHT="53" WIDTH="26" VPOS="450" HPOS="526"/>
                  <String HEIGHT="53"
                          WIDTH="232"
                          VPOS="450"
                          HPOS="449"
                          CONTENT="actui"/>
                  <SP HEIGHT="53" WIDTH="26" VPOS="450" HPOS="681"/>
                  <String HEIGHT="53"
                          WIDTH="206"
                          VPOS="450"
                          HPOS="603"
                          CONTENT="sive"/>
                  <SP HEIGHT="53" WIDTH="26" VPOS="450" HPOS="810"/>
                  <String HEIGHT="53"
                          WIDTH="283"
                          VPOS="450"
                          HPOS="732"
                          CONTENT="habitui"/>
                  <SP HEIGHT="53" WIDTH="26" VPOS="450" HPOS="1016"/>
                  <String HEIGHT="53" WIDTH="180" VPOS="450" HPOS="938" CONTENT="per"/>
                  <SP HEIGHT="53" WIDTH="26" VPOS="450" HPOS="1119"/>
                  <String HEIGHT="53" WIDTH="155" VPOS="450" HPOS="1042" CONTENT="se"/>
                  <SP HEIGHT="53" WIDTH="26" VPOS="450" HPOS="1196"/>
                  <String HEIGHT="53"
                          WIDTH="232"
                          VPOS="450"
                          HPOS="1093"
                          CONTENT="secundo"/>
               </TextLine>
               <TextLine ID="tl_9"
                         BASELINE="317,569 459,575 527,567 839,567 1064,564 1221,564 1327,564"
                         HEIGHT="54"
                         WIDTH="1010"
                         VPOS="525"
                         HPOS="317">
                  <String HEIGHT="54"
                          WIDTH="233"
                          VPOS="525"
                          HPOS="291"
                          CONTENT="modo,"/>
                  <SP HEIGHT="54" WIDTH="26" VPOS="525" HPOS="524"/>
                  <String HEIGHT="54" WIDTH="155" VPOS="525" HPOS="446" CONTENT="et"/>
                  <SP HEIGHT="54" WIDTH="26" VPOS="525" HPOS="602"/>
                  <String HEIGHT="54"
                          WIDTH="388"
                          VPOS="525"
                          HPOS="524"
                          CONTENT="consequitur"/>
                  <SP HEIGHT="54" WIDTH="26" VPOS="525" HPOS="913"/>
                  <String HEIGHT="54"
                          WIDTH="311"
                          VPOS="525"
                          HPOS="835"
                          CONTENT="essentia"/>
                  <SP HEIGHT="54" WIDTH="26" VPOS="525" HPOS="1146"/>
                  <String HEIGHT="54"
                          WIDTH="233"
                          VPOS="525"
                          HPOS="1068"
                          CONTENT="actus"/>
                  <SP HEIGHT="54" WIDTH="26" VPOS="525" HPOS="1301"/>
                  <String HEIGHT="54"
                          WIDTH="129"
                          VPOS="525"
                          HPOS="1198"
                          CONTENT="vel"/>
               </TextLine>
               <TextLine ID="tl_10"
                         BASELINE="318,644 501,643 626,643 760,642 1016,642 1091,640 1191,640 1327,640"
                         HEIGHT="54"
                         WIDTH="1009"
                         VPOS="600"
                         HPOS="318">
                  <String HEIGHT="54"
                          WIDTH="303"
                          VPOS="600"
                          HPOS="293"
                          CONTENT="habitus."/>
                  <SP HEIGHT="54" WIDTH="25" VPOS="600" HPOS="595"/>
                  <String HEIGHT="54"
                          WIDTH="202"
                          VPOS="600"
                          HPOS="520"
                          CONTENT="Esse"/>
                  <SP HEIGHT="54" WIDTH="25" VPOS="600" HPOS="722"/>
                  <String HEIGHT="54"
                          WIDTH="202"
                          VPOS="600"
                          HPOS="646"
                          CONTENT="vero"/>
                  <SP HEIGHT="54" WIDTH="25" VPOS="600" HPOS="848"/>
                  <String HEIGHT="54"
                          WIDTH="328"
                          VPOS="600"
                          HPOS="772"
                          CONTENT="practicum"/>
                  <SP HEIGHT="54" WIDTH="25" VPOS="600" HPOS="1100"/>
                  <String HEIGHT="54" WIDTH="151" VPOS="600" HPOS="1024" CONTENT="ex"/>
                  <SP HEIGHT="54" WIDTH="25" VPOS="600" HPOS="1176"/>
                  <String HEIGHT="54"
                          WIDTH="177"
                          VPOS="600"
                          HPOS="1100"
                          CONTENT="hoc"/>
                  <SP HEIGHT="54" WIDTH="25" VPOS="600" HPOS="1277"/>
                  <String HEIGHT="54"
                          WIDTH="151"
                          VPOS="600"
                          HPOS="1176"
                          CONTENT="quod"/>
               </TextLine>
               <TextLine ID="tl_11"
                         BASELINE="319,720 411,718 571,719 788,718 1020,717 1102,716 1325,706"
                         HEIGHT="44"
                         WIDTH="1006"
                         VPOS="676"
                         HPOS="319">
                  <String HEIGHT="44"
                          WIDTH="226"
                          VPOS="676"
                          HPOS="294"
                          CONTENT="talis"/>
                  <SP HEIGHT="44" WIDTH="25" VPOS="676" HPOS="520"/>
                  <String HEIGHT="44"
                          WIDTH="226"
                          VPOS="676"
                          HPOS="445"
                          CONTENT="actus"/>
                  <SP HEIGHT="44" WIDTH="25" VPOS="676" HPOS="671"/>
                  <String HEIGHT="44"
                          WIDTH="302"
                          VPOS="676"
                          HPOS="596"
                          CONTENT="includit"/>
                  <SP HEIGHT="44" WIDTH="25" VPOS="676" HPOS="897"/>
                  <String HEIGHT="44"
                          WIDTH="277"
                          VPOS="676"
                          HPOS="822"
                          CONTENT="ordinem"/>
                  <SP HEIGHT="44" WIDTH="25" VPOS="676" HPOS="1099"/>
                  <String HEIGHT="44" WIDTH="151" VPOS="676" HPOS="1023" CONTENT="ad"/>
                  <SP HEIGHT="44" WIDTH="25" VPOS="676" HPOS="1174"/>
                  <String HEIGHT="44"
                          WIDTH="252"
                          VPOS="676"
                          HPOS="1074"
                          CONTENT="volunta¬"
                          SUBS_TYPE="HypPart1"
                          SUBS_CONTENT="voluntatem,"/>
                  <HYP CONTENT="-"/>
               </TextLine>
               <TextLine ID="tl_12"
                         BASELINE="322,796 422,801 582,794 801,793 1102,792 1164,792 1326,792"
                         HEIGHT="54"
                         WIDTH="1004"
                         VPOS="751"
                         HPOS="322">
                  <String HEIGHT="54"
                          WIDTH="201"
                          VPOS="751"
                          HPOS="297"
                          CONTENT="tem,"
                          SUBS_TYPE="HypPart2"
                          SUBS_CONTENT="voluntatem,"/>
                  <SP HEIGHT="54" WIDTH="25" VPOS="751" HPOS="498"/>
                  <String HEIGHT="54"
                          WIDTH="226"
                          VPOS="751"
                          HPOS="422"
                          CONTENT="finem"/>
                  <SP HEIGHT="54" WIDTH="25" VPOS="751" HPOS="648"/>
                  <String HEIGHT="54"
                          WIDTH="326"
                          VPOS="751"
                          HPOS="573"
                          CONTENT="explicile"/>
                  <SP HEIGHT="54" WIDTH="25" VPOS="751" HPOS="899"/>
                  <String HEIGHT="54"
                          WIDTH="351"
                          VPOS="751"
                          HPOS="824"
                          CONTENT="appetentem"/>
                  <SP HEIGHT="54" WIDTH="25" VPOS="751" HPOS="1175"/>
                  <String HEIGHT="54" WIDTH="151" VPOS="751" HPOS="1100" CONTENT="et"/>
                  <SP HEIGHT="54" WIDTH="25" VPOS="751" HPOS="1251"/>
                  <String HEIGHT="54"
                          WIDTH="176"
                          VPOS="751"
                          HPOS="1150"
                          CONTENT="media"/>
               </TextLine>
               <TextLine ID="tl_13"
                         BASELINE="322,872 375,869 526,872 746,870 922,869 1071,876 1199,868 1323,856"
                         HEIGHT="53"
                         WIDTH="1001"
                         VPOS="829"
                         HPOS="322">
                  <String HEIGHT="53" WIDTH="140" VPOS="829" HPOS="299" CONTENT="ad"/>
                  <SP HEIGHT="53" WIDTH="23" VPOS="829" HPOS="438"/>
                  <String HEIGHT="53"
                          WIDTH="210"
                          VPOS="829"
                          HPOS="369"
                          CONTENT="finem"/>
                  <SP HEIGHT="53" WIDTH="23" VPOS="829" HPOS="578"/>
                  <String HEIGHT="53"
                          WIDTH="303"
                          VPOS="829"
                          HPOS="508"
                          CONTENT="implicite"/>
                  <SP HEIGHT="53" WIDTH="23" VPOS="829" HPOS="811"/>
                  <String HEIGHT="53"
                          WIDTH="256"
                          VPOS="829"
                          HPOS="741"
                          CONTENT="accidit"/>
                  <SP HEIGHT="53" WIDTH="23" VPOS="829" HPOS="997"/>
                  <String HEIGHT="53"
                          WIDTH="233"
                          VPOS="829"
                          HPOS="927"
                          CONTENT="actui,"/>
                  <SP HEIGHT="53" WIDTH="23" VPOS="829" HPOS="1160"/>
                  <String HEIGHT="53"
                          WIDTH="186"
                          VPOS="829"
                          HPOS="1090"
                          CONTENT="quia"/>
                  <SP HEIGHT="53" WIDTH="23" VPOS="829" HPOS="1276"/>
                  <String HEIGHT="53"
                          WIDTH="140"
                          VPOS="829"
                          HPOS="1183"
                          CONTENT="tan¬"
                          SUBS_TYPE="HypPart1"
                          SUBS_CONTENT="tantum"/>
                  <HYP CONTENT="-"/>
               </TextLine>
               <TextLine ID="tl_14"
                         BASELINE="324,948 413,947 633,948 691,949 800,947 1074,945 1161,945 1328,932"
                         HEIGHT="54"
                         WIDTH="1004"
                         VPOS="905"
                         HPOS="324">
                  <String HEIGHT="54"
                          WIDTH="180"
                          VPOS="905"
                          HPOS="298"
                          CONTENT="tum"
                          SUBS_TYPE="HypPart2"
                          SUBS_CONTENT="tantum"/>
                  <SP HEIGHT="54" WIDTH="26" VPOS="905" HPOS="478"/>
                  <String HEIGHT="54"
                          WIDTH="309"
                          VPOS="905"
                          HPOS="401"
                          CONTENT="convenit"/>
                  <SP HEIGHT="54" WIDTH="26" VPOS="905" HPOS="710"/>
                  <String HEIGHT="54" WIDTH="154" VPOS="905" HPOS="633" CONTENT="ei"/>
                  <SP HEIGHT="54" WIDTH="26" VPOS="905" HPOS="787"/>
                  <String HEIGHT="54" WIDTH="180" VPOS="905" HPOS="710" CONTENT="per"/>
                  <SP HEIGHT="54" WIDTH="26" VPOS="905" HPOS="890"/>
                  <String HEIGHT="54"
                          WIDTH="335"
                          VPOS="905"
                          HPOS="813"
                          CONTENT="respectum"/>
                  <SP HEIGHT="54" WIDTH="26" VPOS="905" HPOS="1148"/>
                  <String HEIGHT="54" WIDTH="154" VPOS="905" HPOS="1071" CONTENT="ad"/>
                  <SP HEIGHT="54" WIDTH="26" VPOS="905" HPOS="1225"/>
                  <String HEIGHT="54"
                          WIDTH="206"
                          VPOS="905"
                          HPOS="1122"
                          CONTENT="volun¬"
                          SUBS_TYPE="HypPart1"
                          SUBS_CONTENT="voluntatem"/>
                  <HYP CONTENT="-"/>
               </TextLine>
               <TextLine ID="tl_15"
                         BASELINE="321,1025 452,1023 529,1024 842,1028 925,1023 1047,1022 1131,1021 1327,1022"
                         HEIGHT="53"
                         WIDTH="1007"
                         VPOS="983"
                         HPOS="321">
                  <String HEIGHT="53"
                          WIDTH="232"
                          VPOS="983"
                          HPOS="295"
                          CONTENT="tatem"
                          SUBS_TYPE="HypPart2"
                          SUBS_CONTENT="voluntatem"/>
                  <SP HEIGHT="53" WIDTH="26" VPOS="983" HPOS="528"/>
                  <String HEIGHT="53" WIDTH="181" VPOS="983" HPOS="450" CONTENT="sic"/>
                  <SP HEIGHT="53" WIDTH="26" VPOS="983" HPOS="631"/>
                  <String HEIGHT="53"
                          WIDTH="387"
                          VPOS="983"
                          HPOS="553"
                          CONTENT="appetentem,"/>
                  <SP HEIGHT="53" WIDTH="26" VPOS="983" HPOS="941"/>
                  <String HEIGHT="53" WIDTH="155" VPOS="983" HPOS="863" CONTENT="et"/>
                  <SP HEIGHT="53" WIDTH="26" VPOS="983" HPOS="1018"/>
                  <String HEIGHT="53" WIDTH="181" VPOS="983" HPOS="941" CONTENT="non"/>
                  <SP HEIGHT="53" WIDTH="26" VPOS="983" HPOS="1121"/>
                  <String HEIGHT="53" WIDTH="155" VPOS="983" HPOS="1044" CONTENT="ex"/>
                  <SP HEIGHT="53" WIDTH="26" VPOS="983" HPOS="1199"/>
                  <String HEIGHT="53"
                          WIDTH="232"
                          VPOS="983"
                          HPOS="1096"
                          CONTENT="ratione"/>
               </TextLine>
               <TextLine ID="tl_16"
                         BASELINE="322,1098 486,1098 637,1098 790,1106 910,1097 1173,1096 1330,1096"
                         HEIGHT="54"
                         WIDTH="1008"
                         VPOS="1056"
                         HPOS="322">
                  <String HEIGHT="54"
                          WIDTH="252"
                          VPOS="1056"
                          HPOS="299"
                          CONTENT="formali"/>
                  <SP HEIGHT="54" WIDTH="23" VPOS="1056" HPOS="551"/>
                  <String HEIGHT="54"
                          WIDTH="229"
                          VPOS="1056"
                          HPOS="482"
                          CONTENT="ipsius"/>
                  <SP HEIGHT="54" WIDTH="23" VPOS="1056" HPOS="711"/>
                  <String HEIGHT="54"
                          WIDTH="229"
                          VPOS="1056"
                          HPOS="643"
                          CONTENT="actus,"/>
                  <SP HEIGHT="54" WIDTH="23" VPOS="1056" HPOS="872"/>
                  <String HEIGHT="54"
                          WIDTH="183"
                          VPOS="1056"
                          HPOS="803"
                          CONTENT="ideo"/>
                  <SP HEIGHT="54" WIDTH="23" VPOS="1056" HPOS="986"/>
                  <String HEIGHT="54"
                          WIDTH="344"
                          VPOS="1056"
                          HPOS="918"
                          CONTENT="intellectus"/>
                  <SP HEIGHT="54" WIDTH="23" VPOS="1056" HPOS="1261"/>
                  <String HEIGHT="54"
                          WIDTH="160"
                          VPOS="1056"
                          HPOS="1170"
                          CONTENT="magis"/>
               </TextLine>
               <TextLine ID="tl_17"
                         BASELINE="320,1175 452,1173 736,1171 1012,1171 1256,1171 1327,1172"
                         HEIGHT="53"
                         WIDTH="1007"
                         VPOS="1132"
                         HPOS="320">
                  <String HEIGHT="53"
                          WIDTH="221"
                          VPOS="1132"
                          HPOS="295"
                          CONTENT="debet"/>
                  <SP HEIGHT="53" WIDTH="25" VPOS="1132" HPOS="516"/>
                  <String HEIGHT="53"
                          WIDTH="344"
                          VPOS="1132"
                          HPOS="443"
                          CONTENT="denominari"/>
                  <SP HEIGHT="53" WIDTH="25" VPOS="1132" HPOS="787"/>
                  <String HEIGHT="53"
                          WIDTH="368"
                          VPOS="1132"
                          HPOS="713"
                          CONTENT="simpliciter"/>
                  <SP HEIGHT="53" WIDTH="25" VPOS="1132" HPOS="1081"/>
                  <String HEIGHT="53"
                          WIDTH="319"
                          VPOS="1132"
                          HPOS="1008"
                          CONTENT="practicus"/>
                  <SP HEIGHT="53" WIDTH="25" VPOS="1132" HPOS="1327"/>
                  <String HEIGHT="53" WIDTH="98" VPOS="1132" HPOS="1229" CONTENT="ab"/>
               </TextLine>
               <TextLine ID="tl_18"
                         BASELINE="317,1252 466,1249 565,1248 642,1248 884,1256 1042,1248 1149,1249 1328,1248"
                         HEIGHT="55"
                         WIDTH="1011"
                         VPOS="1207"
                         HPOS="317">
                  <String HEIGHT="55"
                          WIDTH="259"
                          VPOS="1207"
                          HPOS="291"
                          CONTENT="habitu"/>
                  <SP HEIGHT="55" WIDTH="26" VPOS="1207" HPOS="550"/>
                  <String HEIGHT="55"
                          WIDTH="181"
                          VPOS="1207"
                          HPOS="473"
                          CONTENT="per"/>
                  <SP HEIGHT="55" WIDTH="26" VPOS="1207" HPOS="654"/>
                  <String HEIGHT="55" WIDTH="156" VPOS="1207" HPOS="576" CONTENT="se"/>
                  <SP HEIGHT="55" WIDTH="26" VPOS="1207" HPOS="732"/>
                  <String HEIGHT="55"
                          WIDTH="337"
                          VPOS="1207"
                          HPOS="654"
                          CONTENT="practico,"/>
                  <SP HEIGHT="55" WIDTH="26" VPOS="1207" HPOS="991"/>
                  <String HEIGHT="55"
                          WIDTH="207"
                          VPOS="1207"
                          HPOS="913"
                          CONTENT="quod"/>
                  <SP HEIGHT="55" WIDTH="26" VPOS="1207" HPOS="1121"/>
                  <String HEIGHT="55"
                          WIDTH="181"
                          VPOS="1207"
                          HPOS="1043"
                          CONTENT="est"/>
                  <SP HEIGHT="55" WIDTH="26" VPOS="1207" HPOS="1224"/>
                  <String HEIGHT="55"
                          WIDTH="207"
                          VPOS="1207"
                          HPOS="1121"
                          CONTENT="contra"/>
               </TextLine>
               <TextLine ID="tl_19"
                         BASELINE="321,1326 435,1332 665,1323 741,1323 842,1323 867,1333 1010,1323 1129,1323 1236,1323 1328,1312"
                         HEIGHT="54"
                         WIDTH="1007"
                         VPOS="1283"
                         HPOS="321">
                  <String HEIGHT="54"
                          WIDTH="207"
                          VPOS="1283"
                          HPOS="295"
                          CONTENT="eum,"/>
                  <SP HEIGHT="54" WIDTH="26" VPOS="1283" HPOS="502"/>
                  <String HEIGHT="54"
                          WIDTH="284"
                          VPOS="1283"
                          HPOS="424"
                          CONTENT="quantum"/>
                  <SP HEIGHT="54" WIDTH="26" VPOS="1283" HPOS="708"/>
                  <String HEIGHT="54" WIDTH="155" VPOS="1283" HPOS="631" CONTENT="ad"/>
                  <SP HEIGHT="54" WIDTH="26" VPOS="1283" HPOS="786"/>
                  <String HEIGHT="54"
                          WIDTH="181"
                          VPOS="1283"
                          HPOS="708"
                          CONTENT="hoc"/>
                  <SP HEIGHT="54" WIDTH="26" VPOS="1283" HPOS="889"/>
                  <String HEIGHT="54" WIDTH="129" VPOS="1283" HPOS="812" CONTENT=";"/>
                  <SP HEIGHT="54" WIDTH="26" VPOS="1283" HPOS="941"/>
                  <String HEIGHT="54"
                          WIDTH="207"
                          VPOS="1283"
                          HPOS="863"
                          CONTENT="quod"/>
                  <SP HEIGHT="54" WIDTH="26" VPOS="1283" HPOS="1070"/>
                  <String HEIGHT="54"
                          WIDTH="181"
                          VPOS="1283"
                          HPOS="992"
                          CONTENT="non"/>
                  <SP HEIGHT="54" WIDTH="26" VPOS="1283" HPOS="1173"/>
                  <String HEIGHT="54"
                          WIDTH="207"
                          VPOS="1283"
                          HPOS="1096"
                          CONTENT="vult"/>
                  <SP HEIGHT="54" WIDTH="26" VPOS="1283" HPOS="1302"/>
                  <String HEIGHT="54"
                          WIDTH="129"
                          VPOS="1283"
                          HPOS="1199"
                          CONTENT="in¬"
                          SUBS_TYPE="HypPart1"
                          SUBS_CONTENT="intellectum"/>
                  <HYP CONTENT="-"/>
               </TextLine>
               <TextLine ID="tl_20"
                         BASELINE="319,1403 538,1401 639,1401 739,1401 804,1401 1062,1399 1118,1400 1221,1399 1326,1390"
                         HEIGHT="52"
                         WIDTH="1007"
                         VPOS="1361"
                         HPOS="319">
                  <String HEIGHT="52"
                          WIDTH="312"
                          VPOS="1361"
                          HPOS="295"
                          CONTENT="tellectum"
                          SUBS_TYPE="HypPart2"
                          SUBS_CONTENT="intellectum"/>
                  <SP HEIGHT="52" WIDTH="24" VPOS="1361" HPOS="607"/>
                  <String HEIGHT="52"
                          WIDTH="192"
                          VPOS="1361"
                          HPOS="535"
                          CONTENT="dici"/>
                  <SP HEIGHT="52" WIDTH="24" VPOS="1361" HPOS="727"/>
                  <String HEIGHT="52"
                          WIDTH="168"
                          VPOS="1361"
                          HPOS="655"
                          CONTENT="per"/>
                  <SP HEIGHT="52" WIDTH="24" VPOS="1361" HPOS="823"/>
                  <String HEIGHT="52" WIDTH="144" VPOS="1361" HPOS="751" CONTENT="se"/>
                  <SP HEIGHT="52" WIDTH="24" VPOS="1361" HPOS="894"/>
                  <String HEIGHT="52"
                          WIDTH="312"
                          VPOS="1361"
                          HPOS="823"
                          CONTENT="practicum"/>
                  <SP HEIGHT="52" WIDTH="24" VPOS="1361" HPOS="1134"/>
                  <String HEIGHT="52" WIDTH="120" VPOS="1361" HPOS="1062" CONTENT="a"/>
                  <SP HEIGHT="52" WIDTH="24" VPOS="1361" HPOS="1182"/>
                  <String HEIGHT="52"
                          WIDTH="192"
                          VPOS="1361"
                          HPOS="1110"
                          CONTENT="tali"/>
                  <SP HEIGHT="52" WIDTH="24" VPOS="1361" HPOS="1302"/>
                  <String HEIGHT="52"
                          WIDTH="120"
                          VPOS="1361"
                          HPOS="1206"
                          CONTENT="ha¬"
                          SUBS_TYPE="HypPart1"
                          SUBS_CONTENT="habitu,"/>
                  <HYP CONTENT="-"/>
               </TextLine>
               <TextLine ID="tl_21"
                         BASELINE="319,1479 425,1486 557,1477 760,1475 1047,1475 1201,1484 1328,1476"
                         HEIGHT="54"
                         WIDTH="1009"
                         VPOS="1435"
                         HPOS="319">
                  <String HEIGHT="54"
                          WIDTH="259"
                          VPOS="1435"
                          HPOS="290"
                          CONTENT="bitu,"
                          SUBS_TYPE="HypPart2"
                          SUBS_CONTENT="habitu,"/>
                  <SP HEIGHT="54" WIDTH="29" VPOS="1435" HPOS="550"/>
                  <String HEIGHT="54"
                          WIDTH="202"
                          VPOS="1435"
                          HPOS="463"
                          CONTENT="sed"/>
                  <SP HEIGHT="54" WIDTH="29" VPOS="1435" HPOS="665"/>
                  <String HEIGHT="54"
                          WIDTH="288"
                          VPOS="1435"
                          HPOS="578"
                          CONTENT="tantum"/>
                  <SP HEIGHT="54" WIDTH="29" VPOS="1435" HPOS="867"/>
                  <String HEIGHT="54"
                          WIDTH="346"
                          VPOS="1435"
                          HPOS="780"
                          CONTENT="secundum"/>
                  <SP HEIGHT="54" WIDTH="29" VPOS="1435" HPOS="1126"/>
                  <String HEIGHT="54"
                          WIDTH="259"
                          VPOS="1435"
                          HPOS="1040"
                          CONTENT="quid,"/>
                  <SP HEIGHT="54" WIDTH="29" VPOS="1435" HPOS="1299"/>
                  <String HEIGHT="54"
                          WIDTH="144"
                          VPOS="1435"
                          HPOS="1184"
                          CONTENT="non"/>
               </TextLine>
               <TextLine ID="tl_22"
                         BASELINE="321,1552 462,1552 780,1559 1059,1551 1329,1550"
                         HEIGHT="52"
                         WIDTH="1008"
                         VPOS="1511"
                         HPOS="321">
                  <String HEIGHT="52"
                          WIDTH="233"
                          VPOS="1511"
                          HPOS="295"
                          CONTENT="tamen"/>
                  <SP HEIGHT="52" WIDTH="26" VPOS="1511" HPOS="528"/>
                  <String HEIGHT="52"
                          WIDTH="414"
                          VPOS="1511"
                          HPOS="450"
                          CONTENT="concluderet,"/>
                  <SP HEIGHT="52" WIDTH="26" VPOS="1511" HPOS="864"/>
                  <String HEIGHT="52"
                          WIDTH="362"
                          VPOS="1511"
                          HPOS="786"
                          CONTENT="accipiendo"/>
                  <SP HEIGHT="52" WIDTH="26" VPOS="1511" HPOS="1148"/>
                  <String HEIGHT="52"
                          WIDTH="284"
                          VPOS="1511"
                          HPOS="1045"
                          CONTENT="practicum"/>
               </TextLine>
               <TextLine ID="tl_23"
                         BASELINE="320,1629 456,1629 521,1629 681,1628 930,1630 1002,1628 1082,1628 1246,1627"
                         HEIGHT="55"
                         WIDTH="926"
                         VPOS="1588"
                         HPOS="320">
                  <String HEIGHT="55"
                          WIDTH="219"
                          VPOS="1588"
                          HPOS="296"
                          CONTENT="magis"/>
                  <SP HEIGHT="55" WIDTH="24" VPOS="1588" HPOS="515"/>
                  <String HEIGHT="55" WIDTH="146" VPOS="1588" HPOS="442" CONTENT="et"/>
                  <SP HEIGHT="55" WIDTH="24" VPOS="1588" HPOS="588"/>
                  <String HEIGHT="55"
                          WIDTH="219"
                          VPOS="1588"
                          HPOS="515"
                          CONTENT="minus"/>
                  <SP HEIGHT="55" WIDTH="24" VPOS="1588" HPOS="734"/>
                  <String HEIGHT="55"
                          WIDTH="317"
                          VPOS="1588"
                          HPOS="661"
                          CONTENT="complete."/>
                  <SP HEIGHT="55" WIDTH="24" VPOS="1588" HPOS="978"/>
                  <String HEIGHT="55" WIDTH="146" VPOS="1588" HPOS="905" CONTENT="Et"/>
                  <SP HEIGHT="55" WIDTH="24" VPOS="1588" HPOS="1051"/>
                  <String HEIGHT="55"
                          WIDTH="171"
                          VPOS="1588"
                          HPOS="978"
                          CONTENT="sic"/>
                  <SP HEIGHT="55" WIDTH="24" VPOS="1588" HPOS="1149"/>
                  <String HEIGHT="55"
                          WIDTH="195"
                          VPOS="1588"
                          HPOS="1051"
                          CONTENT="patet."/>
               </TextLine>
               <TextLine ID="tl_24"
                         BASELINE="692,1763 962,1764"
                         HEIGHT="40"
                         WIDTH="270"
                         VPOS="1726"
                         HPOS="692">
                  <String HEIGHT="40"
                          WIDTH="330"
                          VPOS="1726"
                          HPOS="632"
                          CONTENT="SCHOLIUM."/>
               </TextLine>
               <TextLine ID="tl_25"
                         BASELINE="367,1879 571,1877 787,1883 1003,1875 1065,1876 1215,1874 1329,1874"
                         HEIGHT="44"
                         WIDTH="962"
                         VPOS="1839"
                         HPOS="367">
                  <String HEIGHT="44"
                          WIDTH="313"
                          VPOS="1839"
                          HPOS="343"
                          CONTENT="Sententia"/>
                  <SP HEIGHT="44" WIDTH="24" VPOS="1839" HPOS="656"/>
                  <String HEIGHT="44"
                          WIDTH="289"
                          VPOS="1839"
                          HPOS="583"
                          CONTENT="Henrici,"/>
                  <SP HEIGHT="44" WIDTH="24" VPOS="1839" HPOS="872"/>
                  <String HEIGHT="44"
                          WIDTH="265"
                          VPOS="1839"
                          HPOS="800"
                          CONTENT="habitum"/>
                  <SP HEIGHT="44" WIDTH="24" VPOS="1839" HPOS="1064"/>
                  <String HEIGHT="44" WIDTH="144" VPOS="1839" HPOS="992" CONTENT="et"/>
                  <SP HEIGHT="44" WIDTH="24" VPOS="1839" HPOS="1137"/>
                  <String HEIGHT="44"
                          WIDTH="216"
                          VPOS="1839"
                          HPOS="1064"
                          CONTENT="actum"/>
                  <SP HEIGHT="44" WIDTH="24" VPOS="1839" HPOS="1281"/>
                  <String HEIGHT="44"
                          WIDTH="144"
                          VPOS="1839"
                          HPOS="1185"
                          CONTENT="esse"/>
               </TextLine>
               <TextLine ID="tl_26"
                         BASELINE="320,1955 520,1943 607,1942 738,1940 913,1948 1056,1938 1329,1938"
                         HEIGHT="52"
                         WIDTH="1009"
                         VPOS="1903"
                         HPOS="320">
                  <String HEIGHT="52"
                          WIDTH="312"
                          VPOS="1903"
                          HPOS="296"
                          CONTENT="practicos"/>
                  <SP HEIGHT="52" WIDTH="24" VPOS="1903" HPOS="608"/>
                  <String HEIGHT="52" WIDTH="144" VPOS="1903" HPOS="536" CONTENT="ex"/>
                  <SP HEIGHT="52" WIDTH="24" VPOS="1903" HPOS="680"/>
                  <String HEIGHT="52"
                          WIDTH="216"
                          VPOS="1903"
                          HPOS="608"
                          CONTENT="fine."/>
                  <SP HEIGHT="52" WIDTH="24" VPOS="1903" HPOS="825"/>
                  <String HEIGHT="52"
                          WIDTH="240"
                          VPOS="1903"
                          HPOS="752"
                          CONTENT="Primo,"/>
                  <SP HEIGHT="52" WIDTH="24" VPOS="1903" HPOS="993"/>
                  <String HEIGHT="52"
                          WIDTH="192"
                          VPOS="1903"
                          HPOS="921"
                          CONTENT="quia"/>
                  <SP HEIGHT="52" WIDTH="24" VPOS="1903" HPOS="1113"/>
                  <String HEIGHT="52"
                          WIDTH="312"
                          VPOS="1903"
                          HPOS="1017"
                          CONTENT="intellectus"/>
               </TextLine>
               <TextLine ID="tl_27"
                         BASELINE="320,2009 568,2014 742,2006 811,2004 944,2012 1010,2003 1246,2004 1328,1993"
                         HEIGHT="48"
                         WIDTH="1008"
                         VPOS="1968"
                         HPOS="320">
                  <String HEIGHT="48"
                          WIDTH="315"
                          VPOS="1968"
                          HPOS="299"
                          CONTENT="extensione,"/>
                  <SP HEIGHT="48" WIDTH="21" VPOS="1968" HPOS="614"/>
                  <String HEIGHT="48"
                          WIDTH="252"
                          VPOS="1968"
                          HPOS="551"
                          CONTENT="scilicet"/>
                  <SP HEIGHT="48" WIDTH="21" VPOS="1968" HPOS="803"/>
                  <String HEIGHT="48" WIDTH="126" VPOS="1968" HPOS="740" CONTENT="ad"/>
                  <SP HEIGHT="48" WIDTH="21" VPOS="1968" HPOS="866"/>
                  <String HEIGHT="48"
                          WIDTH="189"
                          VPOS="1968"
                          HPOS="803"
                          CONTENT="opus,"/>
                  <SP HEIGHT="48" WIDTH="21" VPOS="1968" HPOS="992"/>
                  <String HEIGHT="48"
                          WIDTH="147"
                          VPOS="1968"
                          HPOS="929"
                          CONTENT="fit"/>
                  <SP HEIGHT="48" WIDTH="21" VPOS="1968" HPOS="1076"/>
                  <String HEIGHT="48"
                          WIDTH="294"
                          VPOS="1968"
                          HPOS="1013"
                          CONTENT="practicus."/>
                  <SP HEIGHT="48" WIDTH="21" VPOS="1968" HPOS="1307"/>
                  <String HEIGHT="48"
                          WIDTH="105"
                          VPOS="1968"
                          HPOS="1223"
                          CONTENT="Se¬"
                          SUBS_TYPE="HypPart1"
                          SUBS_CONTENT="Secundo,"/>
                  <HYP CONTENT="-"/>
               </TextLine>
               <TextLine ID="tl_28"
                         BASELINE="320,2073 464,2080 700,2069 934,2068 1010,2068 1264,2067 1330,2068"
                         HEIGHT="49"
                         WIDTH="1010"
                         VPOS="2032"
                         HPOS="320">
                  <String HEIGHT="49"
                          WIDTH="246"
                          VPOS="2032"
                          HPOS="295"
                          CONTENT="cundo,"
                          SUBS_TYPE="HypPart2"
                          SUBS_CONTENT="Secundo,"/>
                  <SP HEIGHT="49" WIDTH="25" VPOS="2032" HPOS="542"/>
                  <String HEIGHT="49"
                          WIDTH="296"
                          VPOS="2032"
                          HPOS="468"
                          CONTENT="Medicina"/>
                  <SP HEIGHT="49" WIDTH="25" VPOS="2032" HPOS="763"/>
                  <String HEIGHT="49"
                          WIDTH="320"
                          VPOS="2032"
                          HPOS="690"
                          CONTENT="dividitur"/>
                  <SP HEIGHT="49" WIDTH="25" VPOS="2032" HPOS="1010"/>
                  <String HEIGHT="49" WIDTH="148" VPOS="2032" HPOS="936" CONTENT="in"/>
                  <SP HEIGHT="49" WIDTH="25" VPOS="2032" HPOS="1084"/>
                  <String HEIGHT="49"
                          WIDTH="320"
                          VPOS="2032"
                          HPOS="1010"
                          CONTENT="practicam"/>
                  <SP HEIGHT="49" WIDTH="25" VPOS="2032" HPOS="1330"/>
                  <String HEIGHT="49" WIDTH="99" VPOS="2032" HPOS="1231" CONTENT="et"/>
               </TextLine>
               <TextLine ID="tl_29"
                         BASELINE="320,2138 629,2134 817,2141 968,2132 1072,2131 1327,2138"
                         HEIGHT="52"
                         WIDTH="1007"
                         VPOS="2096"
                         HPOS="320">
                  <String HEIGHT="52"
                          WIDTH="408"
                          VPOS="2096"
                          HPOS="296"
                          CONTENT="speculativam."/>
                  <SP HEIGHT="52" WIDTH="24" VPOS="2096" HPOS="704"/>
                  <String HEIGHT="52"
                          WIDTH="264"
                          VPOS="2096"
                          HPOS="632"
                          CONTENT="Tertio,"/>
                  <SP HEIGHT="52" WIDTH="24" VPOS="2096" HPOS="895"/>
                  <String HEIGHT="52"
                          WIDTH="216"
                          VPOS="2096"
                          HPOS="824"
                          CONTENT="actus"/>
                  <SP HEIGHT="52" WIDTH="24" VPOS="2096" HPOS="1039"/>
                  <String HEIGHT="52"
                          WIDTH="168"
                          VPOS="2096"
                          HPOS="967"
                          CONTENT="est"/>
                  <SP HEIGHT="52" WIDTH="24" VPOS="2096" HPOS="1135"/>
                  <String HEIGHT="52"
                          WIDTH="288"
                          VPOS="2096"
                          HPOS="1039"
                          CONTENT="practicus,"/>
               </TextLine>
               <TextLine ID="tl_30"
                         BASELINE="320,2213 414,2201 571,2199 669,2199 848,2206 908,2197 1001,2196 1150,2196 1218,2195 1330,2186"
                         HEIGHT="53"
                         WIDTH="1010"
                         VPOS="2160"
                         HPOS="320">
                  <String HEIGHT="53"
                          WIDTH="192"
                          VPOS="2160"
                          HPOS="296"
                          CONTENT="quia"/>
                  <SP HEIGHT="53" WIDTH="24" VPOS="2160" HPOS="488"/>
                  <String HEIGHT="53"
                          WIDTH="216"
                          VPOS="2160"
                          HPOS="416"
                          CONTENT="bonus"/>
                  <SP HEIGHT="53" WIDTH="24" VPOS="2160" HPOS="633"/>
                  <String HEIGHT="53"
                          WIDTH="168"
                          VPOS="2160"
                          HPOS="560"
                          CONTENT="vel"/>
                  <SP HEIGHT="53" WIDTH="24" VPOS="2160" HPOS="729"/>
                  <String HEIGHT="53"
                          WIDTH="240"
                          VPOS="2160"
                          HPOS="657"
                          CONTENT="malus,"/>
                  <SP HEIGHT="53" WIDTH="24" VPOS="2160" HPOS="897"/>
                  <String HEIGHT="53" WIDTH="144" VPOS="2160" HPOS="825" CONTENT="et"/>
                  <SP HEIGHT="53" WIDTH="24" VPOS="2160" HPOS="969"/>
                  <String HEIGHT="53"
                          WIDTH="168"
                          VPOS="2160"
                          HPOS="897"
                          CONTENT="hoc"/>
                  <SP HEIGHT="53" WIDTH="24" VPOS="2160" HPOS="1065"/>
                  <String HEIGHT="53"
                          WIDTH="216"
                          VPOS="2160"
                          HPOS="993"
                          CONTENT="habet"/>
                  <SP HEIGHT="53" WIDTH="24" VPOS="2160" HPOS="1210"/>
                  <String HEIGHT="53"
                          WIDTH="144"
                          VPOS="2160"
                          HPOS="1138"
                          CONTENT="ex"/>
                  <SP HEIGHT="53" WIDTH="24" VPOS="2160" HPOS="1282"/>
                  <String HEIGHT="53"
                          WIDTH="144"
                          VPOS="2160"
                          HPOS="1186"
                          CONTENT="cir¬"
                          SUBS_TYPE="HypPart1"
                          SUBS_CONTENT="circumstantiis,"/>
                  <HYP CONTENT="-"/>
               </TextLine>
               <TextLine ID="tl_31"
                         BASELINE="318,2268 588,2273 803,2262 1049,2261 1158,2261 1325,2261"
                         HEIGHT="50"
                         WIDTH="1007"
                         VPOS="2225"
                         HPOS="318">
                  <String HEIGHT="50"
                          WIDTH="413"
                          VPOS="2225"
                          HPOS="292"
                          CONTENT="cumstantiis,"
                          SUBS_TYPE="HypPart2"
                          SUBS_CONTENT="circumstantiis,"/>
                  <SP HEIGHT="50" WIDTH="26" VPOS="2225" HPOS="705"/>
                  <String HEIGHT="50"
                          WIDTH="258"
                          VPOS="2225"
                          HPOS="628"
                          CONTENT="quarum"/>
                  <SP HEIGHT="50" WIDTH="26" VPOS="2225" HPOS="886"/>
                  <String HEIGHT="50"
                          WIDTH="310"
                          VPOS="2225"
                          HPOS="809"
                          CONTENT="primaria"/>
                  <SP HEIGHT="50" WIDTH="26" VPOS="2225" HPOS="1118"/>
                  <String HEIGHT="50"
                          WIDTH="181"
                          VPOS="2225"
                          HPOS="1041"
                          CONTENT="est"/>
                  <SP HEIGHT="50" WIDTH="26" VPOS="2225" HPOS="1222"/>
                  <String HEIGHT="50"
                          WIDTH="207"
                          VPOS="2225"
                          HPOS="1118"
                          CONTENT="finis."/>
               </TextLine>
               <TextLine ID="tl_32"
                         BASELINE="316,2330 426,2330 621,2339 822,2326 1038,2325 1153,2324 1328,2314"
                         HEIGHT="52"
                         WIDTH="1012"
                         VPOS="2288"
                         HPOS="316">
                  <String HEIGHT="52"
                          WIDTH="193"
                          VPOS="2288"
                          HPOS="292"
                          CONTENT="Hanc"/>
                  <SP HEIGHT="52" WIDTH="24" VPOS="2288" HPOS="485"/>
                  <String HEIGHT="52"
                          WIDTH="289"
                          VPOS="2288"
                          HPOS="412"
                          CONTENT="refutat,"/>
                  <SP HEIGHT="52" WIDTH="24" VPOS="2288" HPOS="702"/>
                  <String HEIGHT="52"
                          WIDTH="265"
                          VPOS="2288"
                          HPOS="629"
                          CONTENT="probans"/>
                  <SP HEIGHT="52" WIDTH="24" VPOS="2288" HPOS="894"/>
                  <String HEIGHT="52"
                          WIDTH="265"
                          VPOS="2288"
                          HPOS="822"
                          CONTENT="habitum"/>
                  <SP HEIGHT="52" WIDTH="24" VPOS="2288" HPOS="1087"/>
                  <String HEIGHT="52"
                          WIDTH="193"
                          VPOS="2288"
                          HPOS="1015"
                          CONTENT="dici"/>
                  <SP HEIGHT="52" WIDTH="24" VPOS="2288" HPOS="1208"/>
                  <String HEIGHT="52"
                          WIDTH="217"
                          VPOS="2288"
                          HPOS="1111"
                          CONTENT="practi¬"
                          SUBS_TYPE="HypPart1"
                          SUBS_CONTENT="practicum"/>
                  <HYP CONTENT="-"/>
               </TextLine>
               <TextLine ID="tl_33"
                         BASELINE="313,2396 404,2394 475,2395 663,2399 799,2391 1006,2390 1158,2389 1328,2380"
                         HEIGHT="50"
                         WIDTH="1015"
                         VPOS="2354"
                         HPOS="313">
                  <String HEIGHT="50"
                          WIDTH="173"
                          VPOS="2354"
                          HPOS="288"
                          CONTENT="cum"
                          SUBS_TYPE="HypPart2"
                          SUBS_CONTENT="practicum"/>
                  <SP HEIGHT="50" WIDTH="25" VPOS="2354" HPOS="462"/>
                  <String HEIGHT="50" WIDTH="149" VPOS="2354" HPOS="387" CONTENT="ex"/>
                  <SP HEIGHT="50" WIDTH="25" VPOS="2354" HPOS="536"/>
                  <String HEIGHT="50"
                          WIDTH="297"
                          VPOS="2354"
                          HPOS="462"
                          CONTENT="objecto,"/>
                  <SP HEIGHT="50" WIDTH="25" VPOS="2354" HPOS="759"/>
                  <String HEIGHT="50"
                          WIDTH="198"
                          VPOS="2354"
                          HPOS="684"
                          CONTENT="quia"/>
                  <SP HEIGHT="50" WIDTH="25" VPOS="2354" HPOS="882"/>
                  <String HEIGHT="50"
                          WIDTH="272"
                          VPOS="2354"
                          HPOS="808"
                          CONTENT="haberet"/>
                  <SP HEIGHT="50" WIDTH="25" VPOS="2354" HPOS="1080"/>
                  <String HEIGHT="50"
                          WIDTH="223"
                          VPOS="2354"
                          HPOS="1006"
                          CONTENT="illam"/>
                  <SP HEIGHT="50" WIDTH="25" VPOS="2354" HPOS="1229"/>
                  <String HEIGHT="50"
                          WIDTH="198"
                          VPOS="2354"
                          HPOS="1130"
                          CONTENT="exten¬"
                          SUBS_TYPE="HypPart1"
                          SUBS_CONTENT="extensionem,"/>
                  <HYP CONTENT="-"/>
               </TextLine>
               <TextLine ID="tl_34"
                         BASELINE="316,2459 484,2465 667,2456 783,2454 917,2454 1061,2453 1196,2453 1329,2443"
                         HEIGHT="49"
                         WIDTH="1013"
                         VPOS="2417"
                         HPOS="316">
                  <String HEIGHT="49"
                          WIDTH="259"
                          VPOS="2417"
                          HPOS="292"
                          CONTENT="sionem,"
                          SUBS_TYPE="HypPart2"
                          SUBS_CONTENT="extensionem,"/>
                  <SP HEIGHT="49" WIDTH="24" VPOS="2417" HPOS="552"/>
                  <String HEIGHT="49"
                          WIDTH="259"
                          VPOS="2417"
                          HPOS="481"
                          CONTENT="etiamsi"/>
                  <SP HEIGHT="49" WIDTH="24" VPOS="2417" HPOS="740"/>
                  <String HEIGHT="49"
                          WIDTH="212"
                          VPOS="2417"
                          HPOS="669"
                          CONTENT="finis"/>
                  <SP HEIGHT="49" WIDTH="24" VPOS="2417" HPOS="881"/>
                  <String HEIGHT="49"
                          WIDTH="212"
                          VPOS="2417"
                          HPOS="811"
                          CONTENT="nullo"/>
                  <SP HEIGHT="49" WIDTH="24" VPOS="2417" HPOS="1023"/>
                  <String HEIGHT="49"
                          WIDTH="188"
                          VPOS="2417"
                          HPOS="952"
                          CONTENT="modo"/>
                  <SP HEIGHT="49" WIDTH="24" VPOS="2417" HPOS="1141"/>
                  <String HEIGHT="49"
                          WIDTH="212"
                          VPOS="2417"
                          HPOS="1070"
                          CONTENT="esset"/>
                  <SP HEIGHT="49" WIDTH="24" VPOS="2417" HPOS="1282"/>
                  <String HEIGHT="49"
                          WIDTH="141"
                          VPOS="2417"
                          HPOS="1188"
                          CONTENT="ama¬"
                          SUBS_TYPE="HypPart1"
                          SUBS_CONTENT="amatus."/>
                  <HYP CONTENT="-"/>
               </TextLine>
               <TextLine ID="tl_35"
                         BASELINE="314,2522 393,2521 615,2528 671,2520 799,2518 877,2518 1068,2516 1329,2507"
                         HEIGHT="48"
                         WIDTH="1015"
                         VPOS="2481"
                         HPOS="314">
                  <String HEIGHT="48"
                          WIDTH="185"
                          VPOS="2481"
                          HPOS="291"
                          CONTENT="tus."
                          SUBS_TYPE="HypPart2"
                          SUBS_CONTENT="amatus."/>
                  <SP HEIGHT="48" WIDTH="23" VPOS="2481" HPOS="475"/>
                  <String HEIGHT="48"
                          WIDTH="277"
                          VPOS="2481"
                          HPOS="406"
                          CONTENT="Secundo,"/>
                  <SP HEIGHT="48" WIDTH="23" VPOS="2481" HPOS="683"/>
                  <String HEIGHT="48" WIDTH="138" VPOS="2481" HPOS="614" CONTENT="si"/>
                  <SP HEIGHT="48" WIDTH="23" VPOS="2481" HPOS="752"/>
                  <String HEIGHT="48"
                          WIDTH="208"
                          VPOS="2481"
                          HPOS="683"
                          CONTENT="finis"/>
                  <SP HEIGHT="48" WIDTH="23" VPOS="2481" HPOS="891"/>
                  <String HEIGHT="48" WIDTH="138" VPOS="2481" HPOS="822" CONTENT="ut"/>
                  <SP HEIGHT="48" WIDTH="23" VPOS="2481" HPOS="960"/>
                  <String HEIGHT="48"
                          WIDTH="254"
                          VPOS="2481"
                          HPOS="891"
                          CONTENT="habitus"/>
                  <SP HEIGHT="48" WIDTH="23" VPOS="2481" HPOS="1144"/>
                  <String HEIGHT="48"
                          WIDTH="277"
                          VPOS="2481"
                          HPOS="1052"
                          CONTENT="considere¬"
                          SUBS_TYPE="HypPart1"
                          SUBS_CONTENT="consideretur,"/>
                  <HYP CONTENT="-"/>
               </TextLine>
               <TextLine ID="tl_36"
                         BASELINE="313,2586 396,2592 478,2585 668,2583 871,2592 991,2581 1092,2580 1332,2580"
                         HEIGHT="49"
                         WIDTH="1019"
                         VPOS="2544"
                         HPOS="313">
                  <String HEIGHT="49"
                          WIDTH="177"
                          VPOS="2544"
                          HPOS="291"
                          CONTENT="tur,"
                          SUBS_TYPE="HypPart2"
                          SUBS_CONTENT="consideretur,"/>
                  <SP HEIGHT="49" WIDTH="22" VPOS="2544" HPOS="468"/>
                  <String HEIGHT="49"
                          WIDTH="155"
                          VPOS="2544"
                          HPOS="402"
                          CONTENT="est"/>
                  <SP HEIGHT="49" WIDTH="22" VPOS="2544" HPOS="557"/>
                  <String HEIGHT="49"
                          WIDTH="266"
                          VPOS="2544"
                          HPOS="490"
                          CONTENT="effectus"/>
                  <SP HEIGHT="49" WIDTH="22" VPOS="2544" HPOS="756"/>
                  <String HEIGHT="49"
                          WIDTH="266"
                          VPOS="2544"
                          HPOS="690"
                          CONTENT="habitus;"/>
                  <SP HEIGHT="49" WIDTH="22" VPOS="2544" HPOS="955"/>
                  <String HEIGHT="49"
                          WIDTH="177"
                          VPOS="2544"
                          HPOS="889"
                          CONTENT="ergo"/>
                  <SP HEIGHT="49" WIDTH="22" VPOS="2544" HPOS="1066"/>
                  <String HEIGHT="49"
                          WIDTH="155"
                          VPOS="2544"
                          HPOS="1000"
                          CONTENT="non"/>
                  <SP HEIGHT="49" WIDTH="22" VPOS="2544" HPOS="1155"/>
                  <String HEIGHT="49"
                          WIDTH="266"
                          VPOS="2544"
                          HPOS="1066"
                          CONTENT="distinguit"/>
               </TextLine>
               <TextLine ID="tl_37"
                         BASELINE="319,2651 410,2648 436,2659 492,2648 558,2648 764,2645 1033,2651 1169,2644 1233,2644 1333,2635"
                         HEIGHT="51"
                         WIDTH="1014"
                         VPOS="2609"
                         HPOS="319">
                  <String HEIGHT="51"
                          WIDTH="161"
                          VPOS="2609"
                          HPOS="296"
                          CONTENT="eum"/>
                  <SP HEIGHT="51" WIDTH="23" VPOS="2609" HPOS="457"/>
                  <String HEIGHT="51" WIDTH="115" VPOS="2609" HPOS="388" CONTENT=";"/>
                  <SP HEIGHT="51" WIDTH="23" VPOS="2609" HPOS="503"/>
                  <String HEIGHT="51" WIDTH="138" VPOS="2609" HPOS="434" CONTENT="si"/>
                  <SP HEIGHT="51" WIDTH="23" VPOS="2609" HPOS="573"/>
                  <String HEIGHT="51" WIDTH="138" VPOS="2609" HPOS="503" CONTENT="ut"/>
                  <SP HEIGHT="51" WIDTH="23" VPOS="2609" HPOS="642"/>
                  <String HEIGHT="51"
                          WIDTH="277"
                          VPOS="2609"
                          HPOS="573"
                          CONTENT="cognitus"/>
                  <SP HEIGHT="51" WIDTH="23" VPOS="2609" HPOS="849"/>
                  <String HEIGHT="51"
                          WIDTH="346"
                          VPOS="2609"
                          HPOS="780"
                          CONTENT="distinguit,"/>
                  <SP HEIGHT="51" WIDTH="23" VPOS="2609" HPOS="1126"/>
                  <String HEIGHT="51"
                          WIDTH="184"
                          VPOS="2609"
                          HPOS="1056"
                          CONTENT="ergo"/>
                  <SP HEIGHT="51" WIDTH="23" VPOS="2609" HPOS="1241"/>
                  <String HEIGHT="51"
                          WIDTH="138"
                          VPOS="2609"
                          HPOS="1172"
                          CONTENT="ut"/>
                  <SP HEIGHT="51" WIDTH="23" VPOS="2609" HPOS="1310"/>
                  <String HEIGHT="51"
                          WIDTH="115"
                          VPOS="2609"
                          HPOS="1218"
                          CONTENT="ob¬"
                          SUBS_TYPE="HypPart1"
                          SUBS_CONTENT="objectum."/>
                  <HYP CONTENT="-"/>
               </TextLine>
               <TextLine ID="tl_38"
                         BASELINE="317,2726 485,2716 672,2720 866,2710 1086,2718 1198,2710 1337,2712"
                         HEIGHT="52"
                         WIDTH="1020"
                         VPOS="2674"
                         HPOS="317">
                  <String HEIGHT="52"
                          WIDTH="261"
                          VPOS="2674"
                          HPOS="293"
                          CONTENT="jectum."
                          SUBS_TYPE="HypPart2"
                          SUBS_CONTENT="objectum."/>
                  <SP HEIGHT="52" WIDTH="24" VPOS="2674" HPOS="554"/>
                  <String HEIGHT="52"
                          WIDTH="261"
                          VPOS="2674"
                          HPOS="483"
                          CONTENT="Tertio,"/>
                  <SP HEIGHT="52" WIDTH="24" VPOS="2674" HPOS="744"/>
                  <String HEIGHT="52"
                          WIDTH="261"
                          VPOS="2674"
                          HPOS="673"
                          CONTENT="moralis"/>
                  <SP HEIGHT="52" WIDTH="24" VPOS="2674" HPOS="934"/>
                  <String HEIGHT="52"
                          WIDTH="308"
                          VPOS="2674"
                          HPOS="863"
                          CONTENT="scientia,"/>
                  <SP HEIGHT="52" WIDTH="24" VPOS="2674" HPOS="1171"/>
                  <String HEIGHT="52"
                          WIDTH="166"
                          VPOS="2674"
                          HPOS="1100"
                          CONTENT="non"/>
                  <SP HEIGHT="52" WIDTH="24" VPOS="2674" HPOS="1266"/>
                  <String HEIGHT="52"
                          WIDTH="166"
                          VPOS="2674"
                          HPOS="1171"
                          CONTENT="esset"/>
               </TextLine>
               <TextLine ID="tl_39"
                         BASELINE="326,2790 517,2785 579,2777 702,2776 920,2774 1203,2775 1338,2765"
                         HEIGHT="51"
                         WIDTH="1012"
                         VPOS="2739"
                         HPOS="326">
                  <String HEIGHT="51"
                          WIDTH="299"
                          VPOS="2739"
                          HPOS="303"
                          CONTENT="practica,"/>
                  <SP HEIGHT="51" WIDTH="23" VPOS="2739" HPOS="602"/>
                  <String HEIGHT="51" WIDTH="138" VPOS="2739" HPOS="533" CONTENT="et"/>
                  <SP HEIGHT="51" WIDTH="23" VPOS="2739" HPOS="671"/>
                  <String HEIGHT="51"
                          WIDTH="184"
                          VPOS="2739"
                          HPOS="602"
                          CONTENT="hanc"/>
                  <SP HEIGHT="51" WIDTH="23" VPOS="2739" HPOS="786"/>
                  <String HEIGHT="51"
                          WIDTH="276"
                          VPOS="2739"
                          HPOS="717"
                          CONTENT="rationem"/>
                  <SP HEIGHT="51" WIDTH="23" VPOS="2739" HPOS="993"/>
                  <String HEIGHT="51"
                          WIDTH="345"
                          VPOS="2739"
                          HPOS="924"
                          CONTENT="prosequitur"/>
                  <SP HEIGHT="51" WIDTH="23" VPOS="2739" HPOS="1269"/>
                  <String HEIGHT="51"
                          WIDTH="161"
                          VPOS="2739"
                          HPOS="1177"
                          CONTENT="refu¬"
                          SUBS_TYPE="HypPart1"
                          SUBS_CONTENT="refutando"/>
                  <HYP CONTENT="-"/>
               </TextLine>
               <TextLine ID="tl_40"
                         BASELINE="325,2844 446,2840 603,2839 856,2837 1061,2837"
                         HEIGHT="42"
                         WIDTH="736"
                         VPOS="2802"
                         HPOS="325">
                  <String HEIGHT="42"
                          WIDTH="207"
                          VPOS="2802"
                          HPOS="302"
                          CONTENT="tando"
                          SUBS_TYPE="HypPart2"
                          SUBS_CONTENT="refutando"/>
                  <SP HEIGHT="42" WIDTH="23" VPOS="2802" HPOS="509"/>
                  <String HEIGHT="42"
                          WIDTH="230"
                          VPOS="2802"
                          HPOS="440"
                          CONTENT="varias"/>
                  <SP HEIGHT="42" WIDTH="23" VPOS="2802" HPOS="670"/>
                  <String HEIGHT="42"
                          WIDTH="322"
                          VPOS="2802"
                          HPOS="601"
                          CONTENT="solutiones"/>
                  <SP HEIGHT="42" WIDTH="23" VPOS="2802" HPOS="923"/>
                  <String HEIGHT="42"
                          WIDTH="230"
                          VPOS="2802"
                          HPOS="831"
                          CONTENT="Henrici."/>
               </TextLine>
               <TextLine ID="tl_41"
                         BASELINE="385,2940 555,2938 790,2936 909,2944 1090,2935 1263,2937 1337,2936"
                         HEIGHT="60"
                         WIDTH="952"
                         VPOS="2889"
                         HPOS="385">
                  <String HEIGHT="60"
                          WIDTH="298"
                          VPOS="2889"
                          HPOS="355"
                          CONTENT="Aliter"/>
                  <SP HEIGHT="60" WIDTH="30" VPOS="2889" HPOS="653"/>
                  <String HEIGHT="60"
                          WIDTH="327"
                          VPOS="2889"
                          HPOS="564"
                          CONTENT="dicitur"/>
                  <SP HEIGHT="60" WIDTH="30" VPOS="2889" HPOS="891"/>
                  <String HEIGHT="60"
                          WIDTH="238"
                          VPOS="2889"
                          HPOS="802"
                          CONTENT="(a),"/>
                  <SP HEIGHT="60" WIDTH="30" VPOS="2889" HPOS="1040"/>
                  <String HEIGHT="60"
                          WIDTH="238"
                          VPOS="2889"
                          HPOS="950"
                          CONTENT="quod"/>
                  <SP HEIGHT="60" WIDTH="30" VPOS="2889" HPOS="1188"/>
                  <String HEIGHT="60"
                          WIDTH="268"
                          VPOS="2889"
                          HPOS="1099"
                          CONTENT="illud"/>
                  <SP HEIGHT="60" WIDTH="30" VPOS="2889" HPOS="1367"/>
                  <String HEIGHT="60" WIDTH="89" VPOS="2889" HPOS="1248" CONTENT="a"/>
               </TextLine>
               <TextLine ID="tl_42"
                         BASELINE="328,3031 428,3014 662,3013 734,3013 908,3012 1190,3012 1339,2998"
                         HEIGHT="66"
                         WIDTH="1011"
                         VPOS="2965"
                         HPOS="328">
                  <String HEIGHT="66"
                          WIDTH="208"
                          VPOS="2965"
                          HPOS="298"
                          CONTENT="quo"/>
                  <SP HEIGHT="66" WIDTH="30" VPOS="2965" HPOS="506"/>
                  <String HEIGHT="66"
                          WIDTH="327"
                          VPOS="2965"
                          HPOS="417"
                          CONTENT="habitus"/>
                  <SP HEIGHT="66" WIDTH="30" VPOS="2965" HPOS="744"/>
                  <String HEIGHT="66" WIDTH="178" VPOS="2965" HPOS="655" CONTENT="et"/>
                  <SP HEIGHT="66" WIDTH="30" VPOS="2965" HPOS="834"/>
                  <String HEIGHT="66"
                          WIDTH="268"
                          VPOS="2965"
                          HPOS="744"
                          CONTENT="actus"/>
                  <SP HEIGHT="66" WIDTH="30" VPOS="2965" HPOS="1012"/>
                  <String HEIGHT="66"
                          WIDTH="357"
                          VPOS="2965"
                          HPOS="923"
                          CONTENT="dicuntur"/>
                  <SP HEIGHT="66" WIDTH="30" VPOS="2965" HPOS="1280"/>
                  <String HEIGHT="66"
                          WIDTH="178"
                          VPOS="2965"
                          HPOS="1161"
                          CONTENT="pra-"
                          SUBS_TYPE="HypPart1"
                          SUBS_CONTENT="practici,"/>
                  <HYP CONTENT="-"/>
               </TextLine>
               <TextLine ID="tl_43"
                         BASELINE="327,3093 466,3097 593,3091 754,3088 847,3089 1126,3088 1342,3075"
                         HEIGHT="62"
                         WIDTH="1015"
                         VPOS="3042"
                         HPOS="327">
                  <String HEIGHT="62"
                          WIDTH="290"
                          VPOS="3042"
                          HPOS="298"
                          CONTENT="ctici,"
                          SUBS_TYPE="HypPart2"
                          SUBS_CONTENT="practici,"/>
                  <SP HEIGHT="62" WIDTH="29" VPOS="3042" HPOS="588"/>
                  <String HEIGHT="62"
                          WIDTH="203"
                          VPOS="3042"
                          HPOS="501"
                          CONTENT="est"/>
                  <SP HEIGHT="62" WIDTH="29" VPOS="3042" HPOS="704"/>
                  <String HEIGHT="62"
                          WIDTH="261"
                          VPOS="3042"
                          HPOS="617"
                          CONTENT="finis"/>
                  <SP HEIGHT="62" WIDTH="29" VPOS="3042" HPOS="878"/>
                  <String HEIGHT="62" WIDTH="174" VPOS="3042" HPOS="791" CONTENT="et"/>
                  <SP HEIGHT="62" WIDTH="29" VPOS="3042" HPOS="965"/>
                  <String HEIGHT="62"
                          WIDTH="348"
                          VPOS="3042"
                          HPOS="878"
                          CONTENT="extensio"/>
                  <SP HEIGHT="62" WIDTH="29" VPOS="3042" HPOS="1226"/>
                  <String HEIGHT="62"
                          WIDTH="232"
                          VPOS="3042"
                          HPOS="1110"
                          CONTENT="cogni¬"
                          SUBS_TYPE="HypPart1"
                          SUBS_CONTENT="cognitionis"/>
                  <HYP CONTENT="-"/>
               </TextLine>
               <TextLine ID="tl_44"
                         BASELINE="326,3169 489,3166 764,3165 848,3165 1098,3173 1237,3166 1339,3167"
                         HEIGHT="63"
                         WIDTH="1013"
                         VPOS="3118"
                         HPOS="326">
                  <String HEIGHT="63"
                          WIDTH="281"
                          VPOS="3118"
                          HPOS="298"
                          CONTENT="tionis"
                          SUBS_TYPE="HypPart2"
                          SUBS_CONTENT="cognitionis"/>
                  <SP HEIGHT="63" WIDTH="28" VPOS="3118" HPOS="579"/>
                  <String HEIGHT="63"
                          WIDTH="366"
                          VPOS="3118"
                          HPOS="495"
                          CONTENT="practicae"/>
                  <SP HEIGHT="63" WIDTH="28" VPOS="3118" HPOS="861"/>
                  <String HEIGHT="63" WIDTH="169" VPOS="3118" HPOS="776" CONTENT="ad"/>
                  <SP HEIGHT="63" WIDTH="28" VPOS="3118" HPOS="945"/>
                  <String HEIGHT="63"
                          WIDTH="310"
                          VPOS="3118"
                          HPOS="861"
                          CONTENT="praxim,"/>
                  <SP HEIGHT="63" WIDTH="28" VPOS="3118" HPOS="1170"/>
                  <String HEIGHT="63"
                          WIDTH="225"
                          VPOS="3118"
                          HPOS="1086"
                          CONTENT="quae"/>
                  <SP HEIGHT="63" WIDTH="28" VPOS="3118" HPOS="1311"/>
                  <String HEIGHT="63"
                          WIDTH="141"
                          VPOS="3118"
                          HPOS="1198"
                          CONTENT="est"/>
               </TextLine>
               <TextLine ID="tl_45"
                         BASELINE="327,3246 566,3243 670,3242 868,3240 1004,3242 1134,3242 1341,3228"
                         HEIGHT="59"
                         WIDTH="1014"
                         VPOS="3195"
                         HPOS="327">
                  <String HEIGHT="59"
                          WIDTH="369"
                          VPOS="3195"
                          HPOS="296"
                          CONTENT="extensio"/>
                  <SP HEIGHT="59" WIDTH="31" VPOS="3195" HPOS="665"/>
                  <String HEIGHT="59" WIDTH="184" VPOS="3195" HPOS="573" CONTENT="ad"/>
                  <SP HEIGHT="59" WIDTH="31" VPOS="3195" HPOS="757"/>
                  <String HEIGHT="59"
                          WIDTH="307"
                          VPOS="3195"
                          HPOS="665"
                          CONTENT="finem."/>
                  <SP HEIGHT="59" WIDTH="31" VPOS="3195" HPOS="972"/>
                  <String HEIGHT="59"
                          WIDTH="215"
                          VPOS="3195"
                          HPOS="880"
                          CONTENT="Pro"/>
                  <SP HEIGHT="59" WIDTH="31" VPOS="3195" HPOS="1095"/>
                  <String HEIGHT="59"
                          WIDTH="215"
                          VPOS="3195"
                          HPOS="1003"
                          CONTENT="hac"/>
                  <SP HEIGHT="59" WIDTH="31" VPOS="3195" HPOS="1218"/>
                  <String HEIGHT="59"
                          WIDTH="246"
                          VPOS="3195"
                          HPOS="1095"
                          CONTENT="opini¬"
                          SUBS_TYPE="HypPart1"
                          SUBS_CONTENT="opinione"/>
                  <HYP CONTENT="-"/>
               </TextLine>
               <TextLine ID="tl_46"
                         BASELINE="331,3322 427,3320 570,3319 939,3316 1151,3317 1338,3318"
                         HEIGHT="63"
                         WIDTH="1007"
                         VPOS="3270"
                         HPOS="331">
                  <String HEIGHT="63"
                          WIDTH="196"
                          VPOS="3270"
                          HPOS="303"
                          CONTENT="one"
                          SUBS_TYPE="HypPart2"
                          SUBS_CONTENT="opinione"/>
                  <SP HEIGHT="63" WIDTH="28" VPOS="3270" HPOS="499"/>
                  <String HEIGHT="63"
                          WIDTH="224"
                          VPOS="3270"
                          HPOS="415"
                          CONTENT="sunt"/>
                  <SP HEIGHT="63" WIDTH="28" VPOS="3270" HPOS="639"/>
                  <String HEIGHT="63"
                          WIDTH="448"
                          VPOS="3270"
                          HPOS="555"
                          CONTENT="auctoritates"/>
                  <SP HEIGHT="63" WIDTH="28" VPOS="3270" HPOS="1002"/>
                  <String HEIGHT="63"
                          WIDTH="308"
                          VPOS="3270"
                          HPOS="918"
                          CONTENT="positae"/>
                  <SP HEIGHT="63" WIDTH="28" VPOS="3270" HPOS="1226"/>
                  <String HEIGHT="63"
                          WIDTH="224"
                          VPOS="3270"
                          HPOS="1114"
                          CONTENT="prius."/>
               </TextLine>
               <TextLine ID="tl_47"
                         BASELINE="329,3399 590,3394 783,3393 912,3392 1183,3394 1299,3394 1338,3394"
                         HEIGHT="63"
                         WIDTH="1009"
                         VPOS="3347"
                         HPOS="329">
                  <String HEIGHT="63"
                          WIDTH="367"
                          VPOS="3347"
                          HPOS="298"
                          CONTENT="Arguitur"/>
                  <SP HEIGHT="63" WIDTH="31" VPOS="3347" HPOS="665"/>
                  <String HEIGHT="63"
                          WIDTH="275"
                          VPOS="3347"
                          HPOS="574"
                          CONTENT="etiam"/>
                  <SP HEIGHT="63" WIDTH="31" VPOS="3347" HPOS="849"/>
                  <String HEIGHT="63"
                          WIDTH="214"
                          VPOS="3347"
                          HPOS="757"
                          CONTENT="per"/>
                  <SP HEIGHT="63" WIDTH="31" VPOS="3347" HPOS="971"/>
                  <String HEIGHT="63"
                          WIDTH="367"
                          VPOS="3347"
                          HPOS="879"
                          CONTENT="rationes"/>
                  <SP HEIGHT="63" WIDTH="31" VPOS="3347" HPOS="1246"/>
                  <String HEIGHT="63"
                          WIDTH="214"
                          VPOS="3347"
                          HPOS="1155"
                          CONTENT="sic"/>
                  <SP HEIGHT="63" WIDTH="31" VPOS="3347" HPOS="1369"/>
                  <String HEIGHT="63" WIDTH="92" VPOS="3347" HPOS="1246" CONTENT=":"/>
               </TextLine>
               <TextLine ID="tl_48"
                         BASELINE="330,3475 528,3479 699,3470 841,3470 1096,3469 1341,3470"
                         HEIGHT="64"
                         WIDTH="1011"
                         VPOS="3421"
                         HPOS="330">
                  <String HEIGHT="64"
                          WIDTH="326"
                          VPOS="3421"
                          HPOS="297"
                          CONTENT="Primo,"/>
                  <SP HEIGHT="64" WIDTH="33" VPOS="3421" HPOS="624"/>
                  <String HEIGHT="64"
                          WIDTH="261"
                          VPOS="3421"
                          HPOS="526"
                          CONTENT="quia"/>
                  <SP HEIGHT="64" WIDTH="33" VPOS="3421" HPOS="787"/>
                  <String HEIGHT="64"
                          WIDTH="228"
                          VPOS="3421"
                          HPOS="689"
                          CONTENT="aut"/>
                  <SP HEIGHT="64" WIDTH="33" VPOS="3421" HPOS="917"/>
                  <String HEIGHT="64"
                          WIDTH="359"
                          VPOS="3421"
                          HPOS="819"
                          CONTENT="habitus"/>
                  <SP HEIGHT="64" WIDTH="33" VPOS="3421" HPOS="1178"/>
                  <String HEIGHT="64"
                          WIDTH="294"
                          VPOS="3421"
                          HPOS="1047"
                          CONTENT="dicitur"/>
               </TextLine>
               <TextLine ID="tl_49"
                         BASELINE="330,3565 601,3548 709,3547 957,3546 1101,3547 1176,3546 1336,3546"
                         HEIGHT="67"
                         WIDTH="1006"
                         VPOS="3498"
                         HPOS="330">
                  <String HEIGHT="67"
                          WIDTH="409"
                          VPOS="3498"
                          HPOS="299"
                          CONTENT="practicus"/>
                  <SP HEIGHT="67" WIDTH="31" VPOS="3498" HPOS="707"/>
                  <String HEIGHT="67" WIDTH="189" VPOS="3498" HPOS="613" CONTENT="ab"/>
                  <SP HEIGHT="67" WIDTH="31" VPOS="3498" HPOS="802"/>
                  <String HEIGHT="67"
                          WIDTH="346"
                          VPOS="3498"
                          HPOS="707"
                          CONTENT="objecto"/>
                  <SP HEIGHT="67" WIDTH="31" VPOS="3498" HPOS="1053"/>
                  <String HEIGHT="67"
                          WIDTH="220"
                          VPOS="3498"
                          HPOS="959"
                          CONTENT="aut"/>
                  <SP HEIGHT="67" WIDTH="31" VPOS="3498" HPOS="1179"/>
                  <String HEIGHT="67" WIDTH="157" VPOS="3498" HPOS="1085" CONTENT="a"/>
                  <SP HEIGHT="67" WIDTH="31" VPOS="3498" HPOS="1242"/>
                  <String HEIGHT="67"
                          WIDTH="220"
                          VPOS="3498"
                          HPOS="1116"
                          CONTENT="fine."/>
               </TextLine>
               <TextLine ID="tl_50"
                         BASELINE="331,3638 476,3627 607,3625 697,3623 966,3630 1181,3631 1340,3625"
                         HEIGHT="66"
                         WIDTH="1009"
                         VPOS="3574"
                         HPOS="331">
                  <String HEIGHT="66"
                          WIDTH="252"
                          VPOS="3574"
                          HPOS="299"
                          CONTENT="Quod"/>
                  <SP HEIGHT="66" WIDTH="32" VPOS="3574" HPOS="552"/>
                  <String HEIGHT="66"
                          WIDTH="221"
                          VPOS="3574"
                          HPOS="457"
                          CONTENT="non"/>
                  <SP HEIGHT="66" WIDTH="32" VPOS="3574" HPOS="678"/>
                  <String HEIGHT="66" WIDTH="189" VPOS="3574" HPOS="583" CONTENT="ab"/>
                  <SP HEIGHT="66" WIDTH="32" VPOS="3574" HPOS="772"/>
                  <String HEIGHT="66"
                          WIDTH="378"
                          VPOS="3574"
                          HPOS="678"
                          CONTENT="objecto,"/>
                  <SP HEIGHT="66" WIDTH="32" VPOS="3574" HPOS="1056"/>
                  <String HEIGHT="66"
                          WIDTH="315"
                          VPOS="3574"
                          HPOS="962"
                          CONTENT="probo,"/>
                  <SP HEIGHT="66" WIDTH="32" VPOS="3574" HPOS="1277"/>
                  <String HEIGHT="66"
                          WIDTH="189"
                          VPOS="3574"
                          HPOS="1151"
                          CONTENT="quia"/>
               </TextLine>
            </TextBlock>
            <TextBlock ID="TextRegion_1611074273163_1125"
                       HEIGHT="3348"
                       WIDTH="1037"
                       VPOS="293"
                       HPOS="1397">
               <Shape>
                  <Polygon POINTS="1399,293 2434,293 2434,3641 1397,3641 1397,2050"/>
               </Shape>
               <TextLine ID="line_1611074273314_1128"
                         BASELINE="1400,342 1701,344 2056,345 2167,347 2390,347 2434,350"
                         HEIGHT="67"
                         WIDTH="1034"
                         VPOS="294"
                         HPOS="1400">
                  <String HEIGHT="67"
                          WIDTH="345"
                          VPOS="294"
                          HPOS="1377"
                          CONTENT="intellectus"/>
                  <SP HEIGHT="67" WIDTH="23" VPOS="294" HPOS="1722"/>
                  <String HEIGHT="67"
                          WIDTH="322"
                          VPOS="294"
                          HPOS="1653"
                          CONTENT="extensione"/>
                  <SP HEIGHT="67" WIDTH="23" VPOS="294" HPOS="1974"/>
                  <String HEIGHT="67"
                          WIDTH="161"
                          VPOS="294"
                          HPOS="1906"
                          CONTENT="fit"/>
                  <SP HEIGHT="67" WIDTH="23" VPOS="294" HPOS="2066"/>
                  <String HEIGHT="67"
                          WIDTH="253"
                          VPOS="294"
                          HPOS="1997"
                          CONTENT="praeii-"/>
                  <SP HEIGHT="67" WIDTH="23" VPOS="294" HPOS="2250"/>
                  <String HEIGHT="67" WIDTH="138" VPOS="294" HPOS="2181" CONTENT="3."/>
                  <SP HEIGHT="67" WIDTH="23" VPOS="294" HPOS="2319"/>
                  <String HEIGHT="67" WIDTH="138" VPOS="294" HPOS="2250" CONTENT="de"/>
                  <SP HEIGHT="67" WIDTH="23" VPOS="294" HPOS="2388"/>
                  <String HEIGHT="67"
                          WIDTH="138"
                          VPOS="294"
                          HPOS="2296"
                          CONTENT="Ani-"
                          SUBS_TYPE="HypPart1"
                          SUBS_CONTENT="Anicus,"/>
                  <HYP CONTENT="-"/>
               </TextLine>
               <TextLine ID="line_1611074273315_1132"
                         BASELINE="1401,420 1507,429 1680,421 1821,421 1941,424 2155,424 2304,423 2378,423 2434,403"
                         HEIGHT="70"
                         WIDTH="1034"
                         VPOS="365"
                         HPOS="1400">
                  <String HEIGHT="70"
                          WIDTH="202"
                          VPOS="365"
                          HPOS="1375"
                          CONTENT="cus,"
                          SUBS_TYPE="HypPart2"
                          SUBS_CONTENT="Anicus,"/>
                  <SP HEIGHT="70" WIDTH="25" VPOS="365" HPOS="1577"/>
                  <String HEIGHT="70"
                          WIDTH="202"
                          VPOS="365"
                          HPOS="1501"
                          CONTENT="quod"/>
                  <SP HEIGHT="70" WIDTH="25" VPOS="365" HPOS="1703"/>
                  <String HEIGHT="70"
                          WIDTH="177"
                          VPOS="365"
                          HPOS="1627"
                          CONTENT="non"/>
                  <SP HEIGHT="70" WIDTH="25" VPOS="365" HPOS="1804"/>
                  <String HEIGHT="70"
                          WIDTH="177"
                          VPOS="365"
                          HPOS="1728"
                          CONTENT="est"/>
                  <SP HEIGHT="70" WIDTH="25" VPOS="365" HPOS="1904"/>
                  <String HEIGHT="70"
                          WIDTH="227"
                          VPOS="365"
                          HPOS="1829"
                          CONTENT="verum"/>
                  <SP HEIGHT="70" WIDTH="25" VPOS="365" HPOS="2056"/>
                  <String HEIGHT="70"
                          WIDTH="202"
                          VPOS="365"
                          HPOS="1980"
                          CONTENT="nisi"/>
                  <SP HEIGHT="70" WIDTH="25" VPOS="365" HPOS="2182"/>
                  <String HEIGHT="70" WIDTH="151" VPOS="365" HPOS="2106" CONTENT="de"/>
                  <SP HEIGHT="70" WIDTH="25" VPOS="365" HPOS="2257"/>
                  <String HEIGHT="70"
                          WIDTH="277"
                          VPOS="365"
                          HPOS="2157"
                          CONTENT="m49.text‘"/>
               </TextLine>
               <TextLine ID="tl_53"
                         BASELINE="1400,496 1579,498 1896,497 2091,498 2410,486"
                         HEIGHT="64"
                         WIDTH="1010"
                         VPOS="449"
                         HPOS="1400">
                  <String HEIGHT="64"
                          WIDTH="275"
                          VPOS="449"
                          HPOS="1369"
                          CONTENT="eodem"/>
                  <SP HEIGHT="64" WIDTH="31" VPOS="449" HPOS="1645"/>
                  <String HEIGHT="64"
                          WIDTH="428"
                          VPOS="449"
                          HPOS="1553"
                          CONTENT="intellectu"/>
                  <SP HEIGHT="64" WIDTH="31" VPOS="449" HPOS="1982"/>
                  <String HEIGHT="64"
                          WIDTH="275"
                          VPOS="449"
                          HPOS="1890"
                          CONTENT="prius"/>
                  <SP HEIGHT="64" WIDTH="31" VPOS="449" HPOS="2165"/>
                  <String HEIGHT="64"
                          WIDTH="367"
                          VPOS="449"
                          HPOS="2043"
                          CONTENT="speculati¬"
                          SUBS_TYPE="HypPart1"
                          SUBS_CONTENT="speculativo,"/>
                  <HYP CONTENT="-"/>
               </TextLine>
               <TextLine ID="tl_54"
                         BASELINE="1400,572 1480,580 1562,575 1781,575 2067,582 2321,576 2412,575"
                         HEIGHT="63"
                         WIDTH="1012"
                         VPOS="527"
                         HPOS="1400">
                  <String HEIGHT="63"
                          WIDTH="208"
                          VPOS="527"
                          HPOS="1370"
                          CONTENT="vo,"
                          SUBS_TYPE="HypPart2"
                          SUBS_CONTENT="speculativo,"/>
                  <SP HEIGHT="63" WIDTH="30" VPOS="527" HPOS="1579"/>
                  <String HEIGHT="63" WIDTH="179" VPOS="527" HPOS="1489" CONTENT="et"/>
                  <SP HEIGHT="63" WIDTH="30" VPOS="527" HPOS="1668"/>
                  <String HEIGHT="63"
                          WIDTH="298"
                          VPOS="527"
                          HPOS="1579"
                          CONTENT="postea"/>
                  <SP HEIGHT="63" WIDTH="30" VPOS="527" HPOS="1876"/>
                  <String HEIGHT="63"
                          WIDTH="387"
                          VPOS="527"
                          HPOS="1787"
                          CONTENT="practico,"/>
                  <SP HEIGHT="63" WIDTH="30" VPOS="527" HPOS="2174"/>
                  <String HEIGHT="63"
                          WIDTH="327"
                          VPOS="527"
                          HPOS="2085"
                          CONTENT="extenso"/>
                  <SP HEIGHT="63" WIDTH="30" VPOS="527" HPOS="2412"/>
                  <String HEIGHT="63" WIDTH="119" VPOS="527" HPOS="2293" CONTENT="ad"/>
               </TextLine>
               <TextLine ID="tl_55"
                         BASELINE="1403,649 1560,658 1764,650 1942,650 2114,650 2412,651"
                         HEIGHT="63"
                         WIDTH="1009"
                         VPOS="603"
                         HPOS="1403">
                  <String HEIGHT="63"
                          WIDTH="284"
                          VPOS="603"
                          HPOS="1371"
                          CONTENT="opus;"/>
                  <SP HEIGHT="63" WIDTH="32" VPOS="603" HPOS="1655"/>
                  <String HEIGHT="63"
                          WIDTH="315"
                          VPOS="603"
                          HPOS="1561"
                          CONTENT="igitur"/>
                  <SP HEIGHT="63" WIDTH="32" VPOS="603" HPOS="1876"/>
                  <String HEIGHT="63"
                          WIDTH="284"
                          VPOS="603"
                          HPOS="1781"
                          CONTENT="circa"/>
                  <SP HEIGHT="63" WIDTH="32" VPOS="603" HPOS="2065"/>
                  <String HEIGHT="63"
                          WIDTH="252"
                          VPOS="603"
                          HPOS="1971"
                          CONTENT="idem"/>
                  <SP HEIGHT="63" WIDTH="32" VPOS="603" HPOS="2223"/>
                  <String HEIGHT="63"
                          WIDTH="315"
                          VPOS="603"
                          HPOS="2097"
                          CONTENT="objectum"/>
               </TextLine>
               <TextLine ID="tl_56"
                         BASELINE="1402,740 1577,728 1736,727 2129,727 2410,727"
                         HEIGHT="62"
                         WIDTH="1008"
                         VPOS="680"
                         HPOS="1402">
                  <String HEIGHT="62"
                          WIDTH="305"
                          VPOS="680"
                          HPOS="1371"
                          CONTENT="potest"/>
                  <SP HEIGHT="62" WIDTH="31" VPOS="680" HPOS="1677"/>
                  <String HEIGHT="62"
                          WIDTH="244"
                          VPOS="680"
                          HPOS="1585"
                          CONTENT="esse"/>
                  <SP HEIGHT="62" WIDTH="31" VPOS="680" HPOS="1830"/>
                  <String HEIGHT="62"
                          WIDTH="489"
                          VPOS="680"
                          HPOS="1738"
                          CONTENT="consideratio"/>
                  <SP HEIGHT="62" WIDTH="31" VPOS="680" HPOS="2227"/>
                  <String HEIGHT="62"
                          WIDTH="305"
                          VPOS="680"
                          HPOS="2105"
                          CONTENT="practica"/>
               </TextLine>
               <TextLine ID="tl_57"
                         BASELINE="1401,802 1451,804 1834,803"
                         HEIGHT="59"
                         WIDTH="433"
                         VPOS="758"
                         HPOS="1401">
                  <String HEIGHT="59" WIDTH="173" VPOS="758" HPOS="1372" CONTENT="et"/>
                  <SP HEIGHT="59" WIDTH="29" VPOS="758" HPOS="1545"/>
                  <String HEIGHT="59"
                          WIDTH="404"
                          VPOS="758"
                          HPOS="1430"
                          CONTENT="speculativa."/>
               </TextLine>
               <TextLine ID="tl_58"
                         BASELINE="1461,882 1693,880 1814,887 1964,879 2256,880 2412,866"
                         HEIGHT="62"
                         WIDTH="951"
                         VPOS="831"
                         HPOS="1461">
                  <String HEIGHT="62"
                          WIDTH="327"
                          VPOS="831"
                          HPOS="1431"
                          CONTENT="Secundo"/>
                  <SP HEIGHT="62" WIDTH="30" VPOS="831" HPOS="1758"/>
                  <String HEIGHT="62"
                          WIDTH="238"
                          VPOS="831"
                          HPOS="1669"
                          CONTENT="sic,"/>
                  <SP HEIGHT="62" WIDTH="30" VPOS="831" HPOS="1907"/>
                  <String HEIGHT="62"
                          WIDTH="238"
                          VPOS="831"
                          HPOS="1818"
                          CONTENT="quia"/>
                  <SP HEIGHT="62" WIDTH="30" VPOS="831" HPOS="2055"/>
                  <String HEIGHT="62"
                          WIDTH="357"
                          VPOS="831"
                          HPOS="1966"
                          CONTENT="Medicina"/>
                  <SP HEIGHT="62" WIDTH="30" VPOS="831" HPOS="2323"/>
                  <String HEIGHT="62"
                          WIDTH="208"
                          VPOS="831"
                          HPOS="2204"
                          CONTENT="divi¬"
                          SUBS_TYPE="HypPart1"
                          SUBS_CONTENT="dividitur"/>
                  <HYP CONTENT="-"/>
               </TextLine>
               <TextLine ID="tl_59"
                         BASELINE="1402,955 1544,955 1647,956 2076,956 2170,956 2411,941"
                         HEIGHT="63"
                         WIDTH="1009"
                         VPOS="907"
                         HPOS="1402">
                  <String HEIGHT="63"
                          WIDTH="284"
                          VPOS="907"
                          HPOS="1370"
                          CONTENT="ditur"
                          SUBS_TYPE="HypPart2"
                          SUBS_CONTENT="dividitur"/>
                  <SP HEIGHT="63" WIDTH="32" VPOS="907" HPOS="1654"/>
                  <String HEIGHT="63" WIDTH="189" VPOS="907" HPOS="1560" CONTENT="in"/>
                  <SP HEIGHT="63" WIDTH="32" VPOS="907" HPOS="1749"/>
                  <String HEIGHT="63"
                          WIDTH="505"
                          VPOS="907"
                          HPOS="1654"
                          CONTENT="speculativam"/>
                  <SP HEIGHT="63" WIDTH="32" VPOS="907" HPOS="2159"/>
                  <String HEIGHT="63" WIDTH="189" VPOS="907" HPOS="2064" CONTENT="et"/>
                  <SP HEIGHT="63" WIDTH="32" VPOS="907" HPOS="2253"/>
                  <String HEIGHT="63"
                          WIDTH="284"
                          VPOS="907"
                          HPOS="2127"
                          CONTENT="practi¬"
                          SUBS_TYPE="HypPart1"
                          SUBS_CONTENT="practicam,"/>
                  <HYP CONTENT="-"/>
               </TextLine>
               <TextLine ID="tl_60"
                         BASELINE="1403,1032 1536,1040 1628,1033 1850,1031 1992,1032 2104,1033 2202,1032 2411,1031"
                         HEIGHT="61"
                         WIDTH="1008"
                         VPOS="985"
                         HPOS="1403">
                  <String HEIGHT="61"
                          WIDTH="252"
                          VPOS="985"
                          HPOS="1372"
                          CONTENT="cam,"
                          SUBS_TYPE="HypPart2"
                          SUBS_CONTENT="practicam,"/>
                  <SP HEIGHT="61" WIDTH="32" VPOS="985" HPOS="1624"/>
                  <String HEIGHT="61" WIDTH="189" VPOS="985" HPOS="1529" CONTENT="et"/>
                  <SP HEIGHT="61" WIDTH="32" VPOS="985" HPOS="1718"/>
                  <String HEIGHT="61"
                          WIDTH="284"
                          VPOS="985"
                          HPOS="1624"
                          CONTENT="tamen"/>
                  <SP HEIGHT="61" WIDTH="32" VPOS="985" HPOS="1907"/>
                  <String HEIGHT="61"
                          WIDTH="252"
                          VPOS="985"
                          HPOS="1813"
                          CONTENT="ipsa"/>
                  <SP HEIGHT="61" WIDTH="32" VPOS="985" HPOS="2065"/>
                  <String HEIGHT="61"
                          WIDTH="221"
                          VPOS="985"
                          HPOS="1970"
                          CONTENT="est"/>
                  <SP HEIGHT="61" WIDTH="32" VPOS="985" HPOS="2191"/>
                  <String HEIGHT="61" WIDTH="189" VPOS="985" HPOS="2096" CONTENT="de"/>
                  <SP HEIGHT="61" WIDTH="32" VPOS="985" HPOS="2285"/>
                  <String HEIGHT="61"
                          WIDTH="252"
                          VPOS="985"
                          HPOS="2159"
                          CONTENT="aliquo"/>
               </TextLine>
               <TextLine ID="tl_61"
                         BASELINE="1404,1108 1583,1108 1864,1113 1952,1108 2037,1107 2300,1108 2414,1107"
                         HEIGHT="62"
                         WIDTH="1010"
                         VPOS="1060"
                         HPOS="1404">
                  <String HEIGHT="62"
                          WIDTH="267"
                          VPOS="1060"
                          HPOS="1374"
                          CONTENT="eodem"/>
                  <SP HEIGHT="62" WIDTH="30" VPOS="1060" HPOS="1642"/>
                  <String HEIGHT="62"
                          WIDTH="386"
                          VPOS="1060"
                          HPOS="1553"
                          CONTENT="subjecto,"/>
                  <SP HEIGHT="62" WIDTH="30" VPOS="1060" HPOS="1939"/>
                  <String HEIGHT="62"
                          WIDTH="178"
                          VPOS="1060"
                          HPOS="1850"
                          CONTENT="ut"/>
                  <SP HEIGHT="62" WIDTH="30" VPOS="1060" HPOS="2028"/>
                  <String HEIGHT="62"
                          WIDTH="178"
                          VPOS="1060"
                          HPOS="1939"
                          CONTENT="de"/>
                  <SP HEIGHT="62" WIDTH="30" VPOS="1060" HPOS="2117"/>
                  <String HEIGHT="62"
                          WIDTH="356"
                          VPOS="1060"
                          HPOS="2028"
                          CONTENT="sanitate"/>
                  <SP HEIGHT="62" WIDTH="30" VPOS="1060" HPOS="2384"/>
                  <String HEIGHT="62"
                          WIDTH="149"
                          VPOS="1060"
                          HPOS="2265"
                          CONTENT="vel"/>
               </TextLine>
               <TextLine ID="tl_62"
                         BASELINE="1403,1184 1462,1184 1722,1183 2008,1182 2208,1191 2412,1183"
                         HEIGHT="62"
                         WIDTH="1009"
                         VPOS="1136"
                         HPOS="1403">
                  <String HEIGHT="62"
                          WIDTH="189"
                          VPOS="1136"
                          HPOS="1371"
                          CONTENT="de"/>
                  <SP HEIGHT="62" WIDTH="32" VPOS="1136" HPOS="1561"/>
                  <String HEIGHT="62"
                          WIDTH="347"
                          VPOS="1136"
                          HPOS="1466"
                          CONTENT="corpore"/>
                  <SP HEIGHT="62" WIDTH="32" VPOS="1136" HPOS="1813"/>
                  <String HEIGHT="62"
                          WIDTH="410"
                          VPOS="1136"
                          HPOS="1718"
                          CONTENT="sanabili."/>
                  <SP HEIGHT="62" WIDTH="32" VPOS="1136" HPOS="2128"/>
                  <String HEIGHT="62"
                          WIDTH="284"
                          VPOS="1136"
                          HPOS="2034"
                          CONTENT="Item,"/>
                  <SP HEIGHT="62" WIDTH="32" VPOS="1136" HPOS="2317"/>
                  <String HEIGHT="62"
                          WIDTH="221"
                          VPOS="1136"
                          HPOS="2191"
                          CONTENT="actus"/>
               </TextLine>
               <TextLine ID="tl_63"
                         BASELINE="1403,1260 1598,1259 1912,1267 2083,1260 2293,1260 2413,1259"
                         HEIGHT="62"
                         WIDTH="1010"
                         VPOS="1212"
                         HPOS="1403">
                  <String HEIGHT="62"
                          WIDTH="337"
                          VPOS="1212"
                          HPOS="1372"
                          CONTENT="dicitur"/>
                  <SP HEIGHT="62" WIDTH="31" VPOS="1212" HPOS="1709"/>
                  <String HEIGHT="62"
                          WIDTH="428"
                          VPOS="1212"
                          HPOS="1617"
                          CONTENT="practicus,"/>
                  <SP HEIGHT="62" WIDTH="31" VPOS="1212" HPOS="2046"/>
                  <String HEIGHT="62"
                          WIDTH="245"
                          VPOS="1212"
                          HPOS="1954"
                          CONTENT="quia"/>
                  <SP HEIGHT="62" WIDTH="31" VPOS="1212" HPOS="2199"/>
                  <String HEIGHT="62"
                          WIDTH="275"
                          VPOS="1212"
                          HPOS="2107"
                          CONTENT="bonus"/>
                  <SP HEIGHT="62" WIDTH="31" VPOS="1212" HPOS="2382"/>
                  <String HEIGHT="62"
                          WIDTH="153"
                          VPOS="1212"
                          HPOS="2260"
                          CONTENT="vel"/>
               </TextLine>
               <TextLine ID="tl_64"
                         BASELINE="1407,1334 1577,1335 1929,1341 2177,1335 2263,1336 2412,1321"
                         HEIGHT="55"
                         WIDTH="1005"
                         VPOS="1287"
                         HPOS="1407">
                  <String HEIGHT="55"
                          WIDTH="292"
                          VPOS="1287"
                          HPOS="1375"
                          CONTENT="malus"/>
                  <SP HEIGHT="55" WIDTH="32" VPOS="1287" HPOS="1666"/>
                  <String HEIGHT="55"
                          WIDTH="454"
                          VPOS="1287"
                          HPOS="1569"
                          CONTENT="moraliter;"/>
                  <SP HEIGHT="55" WIDTH="32" VPOS="1287" HPOS="2023"/>
                  <String HEIGHT="55"
                          WIDTH="357"
                          VPOS="1287"
                          HPOS="1926"
                          CONTENT="bonitas"/>
                  <SP HEIGHT="55" WIDTH="32" VPOS="1287" HPOS="2282"/>
                  <String HEIGHT="55"
                          WIDTH="195"
                          VPOS="1287"
                          HPOS="2185"
                          CONTENT="et"/>
                  <SP HEIGHT="55" WIDTH="32" VPOS="1287" HPOS="2380"/>
                  <String HEIGHT="55"
                          WIDTH="162"
                          VPOS="1287"
                          HPOS="2250"
                          CONTENT="ma¬"
                          SUBS_TYPE="HypPart1"
                          SUBS_CONTENT="malitia"/>
                  <HYP CONTENT="-"/>
               </TextLine>
               <TextLine ID="tl_65"
                         BASELINE="1402,1410 1520,1410 1739,1410 2102,1412 2289,1410 2411,1410"
                         HEIGHT="63"
                         WIDTH="1009"
                         VPOS="1362"
                         HPOS="1402">
                  <String HEIGHT="63"
                          WIDTH="303"
                          VPOS="1362"
                          HPOS="1368"
                          CONTENT="litia"
                          SUBS_TYPE="HypPart2"
                          SUBS_CONTENT="malitia"/>
                  <SP HEIGHT="63" WIDTH="34" VPOS="1362" HPOS="1671"/>
                  <String HEIGHT="63"
                          WIDTH="303"
                          VPOS="1362"
                          HPOS="1570"
                          CONTENT="moris"/>
                  <SP HEIGHT="63" WIDTH="34" VPOS="1362" HPOS="1873"/>
                  <String HEIGHT="63"
                          WIDTH="437"
                          VPOS="1362"
                          HPOS="1772"
                          CONTENT="competunt"/>
                  <SP HEIGHT="63" WIDTH="34" VPOS="1362" HPOS="2209"/>
                  <String HEIGHT="63"
                          WIDTH="303"
                          VPOS="1362"
                          HPOS="2108"
                          CONTENT="actui"/>
                  <SP HEIGHT="63" WIDTH="34" VPOS="1362" HPOS="2411"/>
                  <String HEIGHT="63"
                          WIDTH="135"
                          VPOS="1362"
                          HPOS="2276"
                          CONTENT="ex"/>
               </TextLine>
               <TextLine ID="tl_66"
                         BASELINE="1403,1488 1846,1493 2029,1487 2412,1473"
                         HEIGHT="55"
                         WIDTH="1009"
                         VPOS="1439"
                         HPOS="1403">
                  <String HEIGHT="55"
                          WIDTH="581"
                          VPOS="1439"
                          HPOS="1372"
                          CONTENT="circumstantiis;"/>
                  <SP HEIGHT="55" WIDTH="31" VPOS="1439" HPOS="1953"/>
                  <String HEIGHT="55"
                          WIDTH="275"
                          VPOS="1439"
                          HPOS="1862"
                          CONTENT="inter"/>
                  <SP HEIGHT="55" WIDTH="31" VPOS="1439" HPOS="2137"/>
                  <String HEIGHT="55"
                          WIDTH="397"
                          VPOS="1439"
                          HPOS="2015"
                          CONTENT="Circumstan¬"
                          SUBS_TYPE="HypPart1"
                          SUBS_CONTENT="Circumstantias"/>
                  <HYP CONTENT="-"/>
               </TextLine>
               <TextLine ID="tl_67"
                         BASELINE="1402,1565 1506,1564 1713,1562 1919,1562 2002,1564 2305,1563 2412,1565"
                         HEIGHT="62"
                         WIDTH="1010"
                         VPOS="1516"
                         HPOS="1402">
                  <String HEIGHT="62"
                          WIDTH="245"
                          VPOS="1516"
                          HPOS="1371"
                          CONTENT="tias"
                          SUBS_TYPE="HypPart2"
                          SUBS_CONTENT="Circumstantias"/>
                  <SP HEIGHT="62" WIDTH="31" VPOS="1516" HPOS="1616"/>
                  <String HEIGHT="62"
                          WIDTH="275"
                          VPOS="1516"
                          HPOS="1524"
                          CONTENT="autem"/>
                  <SP HEIGHT="62" WIDTH="31" VPOS="1516" HPOS="1800"/>
                  <String HEIGHT="62"
                          WIDTH="275"
                          VPOS="1516"
                          HPOS="1708"
                          CONTENT="prima"/>
                  <SP HEIGHT="62" WIDTH="31" VPOS="1516" HPOS="1984"/>
                  <String HEIGHT="62"
                          WIDTH="184"
                          VPOS="1516"
                          HPOS="1892"
                          CONTENT="et"/>
                  <SP HEIGHT="62" WIDTH="31" VPOS="1516" HPOS="2075"/>
                  <String HEIGHT="62"
                          WIDTH="398"
                          VPOS="1516"
                          HPOS="1984"
                          CONTENT="praecipua"/>
                  <SP HEIGHT="62" WIDTH="31" VPOS="1516" HPOS="2381"/>
                  <String HEIGHT="62"
                          WIDTH="153"
                          VPOS="1516"
                          HPOS="2259"
                          CONTENT="est"/>
               </TextLine>
               <TextLine ID="tl_68"
                         BASELINE="1404,1641 1817,1638 1972,1638"
                         HEIGHT="50"
                         WIDTH="568"
                         VPOS="1592"
                         HPOS="1404">
                  <String HEIGHT="50"
                          WIDTH="483"
                          VPOS="1592"
                          HPOS="1376"
                          CONTENT="circumstantia"/>
                  <SP HEIGHT="50" WIDTH="28" VPOS="1592" HPOS="1858"/>
                  <String HEIGHT="50"
                          WIDTH="227"
                          VPOS="1592"
                          HPOS="1745"
                          CONTENT="finis."/>
               </TextLine>
               <TextLine ID="line_1611074273317_1136"
                         BASELINE="1480,1718 1680,1716 1800,1728 2023,1717 2410,1724 2434,1724"
                         HEIGHT="63"
                         WIDTH="954"
                         VPOS="1669"
                         HPOS="1480">
                  <String HEIGHT="63"
                          WIDTH="265"
                          VPOS="1669"
                          HPOS="1454"
                          CONTENT="Contra"/>
                  <SP HEIGHT="63" WIDTH="27" VPOS="1669" HPOS="1719"/>
                  <String HEIGHT="63"
                          WIDTH="186"
                          VPOS="1669"
                          HPOS="1639"
                          CONTENT="(b)"/>
                  <SP HEIGHT="63" WIDTH="27" VPOS="1669" HPOS="1825"/>
                  <String HEIGHT="63"
                          WIDTH="239"
                          VPOS="1669"
                          HPOS="1745"
                          CONTENT="istam"/>
                  <SP HEIGHT="63" WIDTH="27" VPOS="1669" HPOS="1984"/>
                  <String HEIGHT="63"
                          WIDTH="398"
                          VPOS="1669"
                          HPOS="1904"
                          CONTENT="positionem,"/>
                  <SP HEIGHT="63" WIDTH="27" VPOS="1669" HPOS="2302"/>
                  <String HEIGHT="63"
                          WIDTH="239"
                          VPOS="1669"
                          HPOS="2196"
                          CONTENT="Habitus"/>
               </TextLine>
               <TextLine ID="line_1611074273318_1138"
                         BASELINE="1406,1806 1584,1794 1690,1791 1940,1792 2030,1793 2209,1794 2412,1780 2434,1784"
                         HEIGHT="73"
                         WIDTH="1028"
                         VPOS="1744"
                         HPOS="1406">
                  <String HEIGHT="73"
                          WIDTH="223"
                          VPOS="1744"
                          HPOS="1384"
                          CONTENT="quaero"/>
                  <SP HEIGHT="73" WIDTH="22" VPOS="1744" HPOS="1607"/>
                  <String HEIGHT="73"
                          WIDTH="134"
                          VPOS="1744"
                          HPOS="1540"
                          CONTENT="an"/>
                  <SP HEIGHT="73" WIDTH="22" VPOS="1744" HPOS="1674"/>
                  <String HEIGHT="73"
                          WIDTH="246"
                          VPOS="1744"
                          HPOS="1607"
                          CONTENT="habitus"/>
                  <SP HEIGHT="73" WIDTH="22" VPOS="1744" HPOS="1853"/>
                  <String HEIGHT="73"
                          WIDTH="134"
                          VPOS="1744"
                          HPOS="1786"
                          CONTENT="et"/>
                  <SP HEIGHT="73" WIDTH="22" VPOS="1744" HPOS="1920"/>
                  <String HEIGHT="73"
                          WIDTH="201"
                          VPOS="1744"
                          HPOS="1853"
                          CONTENT="actus"/>
                  <SP HEIGHT="73" WIDTH="22" VPOS="1744" HPOS="2054"/>
                  <String HEIGHT="73"
                          WIDTH="223"
                          VPOS="1744"
                          HPOS="1987"
                          CONTENT="dican-"/>
                  <SP HEIGHT="73" WIDTH="22" VPOS="1744" HPOS="2211"/>
                  <String HEIGHT="73"
                          WIDTH="313"
                          VPOS="1744"
                          HPOS="2121"
                          CONTENT="practicus111"/>
               </TextLine>
               <TextLine ID="tl_71"
                         BASELINE="1401,1869 1493,1869 1751,1868 2013,1868 2412,1870"
                         HEIGHT="62"
                         WIDTH="1011"
                         VPOS="1821"
                         HPOS="1401">
                  <String HEIGHT="62"
                          WIDTH="221"
                          VPOS="1821"
                          HPOS="1369"
                          CONTENT="tur"/>
                  <SP HEIGHT="62" WIDTH="32" VPOS="1821" HPOS="1591"/>
                  <String HEIGHT="62"
                          WIDTH="379"
                          VPOS="1821"
                          HPOS="1496"
                          CONTENT="practici"/>
                  <SP HEIGHT="62" WIDTH="32" VPOS="1821" HPOS="1875"/>
                  <String HEIGHT="62"
                          WIDTH="348"
                          VPOS="1821"
                          HPOS="1780"
                          CONTENT="propter"/>
                  <SP HEIGHT="62" WIDTH="32" VPOS="1821" HPOS="2128"/>
                  <String HEIGHT="62"
                          WIDTH="411"
                          VPOS="1821"
                          HPOS="2001"
                          CONTENT="extensionem"/>
               </TextLine>
               <TextLine ID="line_1611074273318_1140"
                         BASELINE="1404,1946 1668,1946 1764,1945 1924,1944 2033,1944 2268,1946 2413,1933 2434,1935"
                         HEIGHT="67"
                         WIDTH="1030"
                         VPOS="1889"
                         HPOS="1404">
                  <String HEIGHT="67"
                          WIDTH="294"
                          VPOS="1889"
                          HPOS="1379"
                          CONTENT="actualem"/>
                  <SP HEIGHT="67" WIDTH="25" VPOS="1889" HPOS="1674"/>
                  <String HEIGHT="67"
                          WIDTH="147"
                          VPOS="1889"
                          HPOS="1600"
                          CONTENT="ad"/>
                  <SP HEIGHT="67" WIDTH="25" VPOS="1889" HPOS="1747"/>
                  <String HEIGHT="67"
                          WIDTH="196"
                          VPOS="1889"
                          HPOS="1674"
                          CONTENT="opus"/>
                  <SP HEIGHT="67" WIDTH="25" VPOS="1889" HPOS="1870"/>
                  <String HEIGHT="67"
                          WIDTH="172"
                          VPOS="1889"
                          HPOS="1796"
                          CONTENT="vel"/>
                  <SP HEIGHT="67" WIDTH="25" VPOS="1889" HPOS="1968"/>
                  <String HEIGHT="67"
                          WIDTH="245"
                          VPOS="1889"
                          HPOS="1894"
                          CONTENT="tantum"/>
                  <SP HEIGHT="67" WIDTH="25" VPOS="1889" HPOS="2140"/>
                  <String HEIGHT="67"
                          WIDTH="196"
                          VPOS="1889"
                          HPOS="2066"
                          CONTENT="pro-"/>
                  <SP HEIGHT="67" WIDTH="25" VPOS="1889" HPOS="2262"/>
                  <String HEIGHT="67"
                          WIDTH="270"
                          VPOS="1889"
                          HPOS="2164"
                          CONTENT="actuaienj"/>
               </TextLine>
               <TextLine ID="tl_74"
                         BASELINE="1404,2036 1524,2022 1938,2021 2409,2021"
                         HEIGHT="63"
                         WIDTH="1005"
                         VPOS="1973"
                         HPOS="1404">
                  <String HEIGHT="63"
                          WIDTH="259"
                          VPOS="1973"
                          HPOS="1372"
                          CONTENT="pter"/>
                  <SP HEIGHT="63" WIDTH="32" VPOS="1973" HPOS="1631"/>
                  <String HEIGHT="63"
                          WIDTH="486"
                          VPOS="1973"
                          HPOS="1534"
                          CONTENT="extensionem"/>
                  <SP HEIGHT="63" WIDTH="32" VPOS="1973" HPOS="2020"/>
                  <String HEIGHT="63"
                          WIDTH="519"
                          VPOS="1973"
                          HPOS="1890"
                          CONTENT="aptitudinalem."/>
               </TextLine>
               <TextLine ID="tl_75"
                         BASELINE="1403,2098 1521,2097 1771,2096 2079,2104 2162,2099 2415,2098"
                         HEIGHT="60"
                         WIDTH="1012"
                         VPOS="2051"
                         HPOS="1403">
                  <String HEIGHT="60"
                          WIDTH="221"
                          VPOS="2051"
                          HPOS="1371"
                          CONTENT="Non"/>
                  <SP HEIGHT="60" WIDTH="32" VPOS="2051" HPOS="1593"/>
                  <String HEIGHT="60"
                          WIDTH="348"
                          VPOS="2051"
                          HPOS="1498"
                          CONTENT="propter"/>
                  <SP HEIGHT="60" WIDTH="32" VPOS="2051" HPOS="1846"/>
                  <String HEIGHT="60"
                          WIDTH="411"
                          VPOS="2051"
                          HPOS="1751"
                          CONTENT="actualem,"/>
                  <SP HEIGHT="60" WIDTH="32" VPOS="2051" HPOS="2162"/>
                  <String HEIGHT="60"
                          WIDTH="190"
                          VPOS="2051"
                          HPOS="2067"
                          CONTENT="ut"/>
                  <SP HEIGHT="60" WIDTH="32" VPOS="2051" HPOS="2257"/>
                  <String HEIGHT="60"
                          WIDTH="285"
                          VPOS="2051"
                          HPOS="2130"
                          CONTENT="habetur"/>
               </TextLine>
               <TextLine ID="tl_76"
                         BASELINE="1401,2172 1420,2172 1507,2175 1597,2172 1753,2175 1902,2174 2254,2183 2414,2176"
                         HEIGHT="64"
                         WIDTH="1013"
                         VPOS="2126"
                         HPOS="1401">
                  <String HEIGHT="64"
                          WIDTH="179"
                          VPOS="2126"
                          HPOS="1371"
                          CONTENT="in"/>
                  <SP HEIGHT="64" WIDTH="30" VPOS="2126" HPOS="1550"/>
                  <String HEIGHT="64"
                          WIDTH="179"
                          VPOS="2126"
                          HPOS="1461"
                          CONTENT="2."/>
                  <SP HEIGHT="64" WIDTH="30" VPOS="2126" HPOS="1639"/>
                  <String HEIGHT="64"
                          WIDTH="238"
                          VPOS="2126"
                          HPOS="1550"
                          CONTENT="ari."/>
                  <SP HEIGHT="64" WIDTH="30" VPOS="2126" HPOS="1788"/>
                  <String HEIGHT="64"
                          WIDTH="179"
                          VPOS="2126"
                          HPOS="1699"
                          CONTENT="et"/>
                  <SP HEIGHT="64" WIDTH="30" VPOS="2126" HPOS="1878"/>
                  <String HEIGHT="64"
                          WIDTH="238"
                          VPOS="2126"
                          HPOS="1788"
                          CONTENT="ipsi"/>
                  <SP HEIGHT="64" WIDTH="30" VPOS="2126" HPOS="2027"/>
                  <String HEIGHT="64"
                          WIDTH="417"
                          VPOS="2126"
                          HPOS="1937"
                          CONTENT="concedunt,"/>
                  <SP HEIGHT="64" WIDTH="30" VPOS="2126" HPOS="2354"/>
                  <String HEIGHT="64"
                          WIDTH="179"
                          VPOS="2126"
                          HPOS="2235"
                          CONTENT="quia"/>
               </TextLine>
               <TextLine ID="tl_77"
                         BASELINE="1402,2253 1525,2253 1689,2250 1806,2249 1941,2250 2195,2252 2317,2251 2414,2239"
                         HEIGHT="61"
                         WIDTH="1012"
                         VPOS="2204"
                         HPOS="1402">
                  <String HEIGHT="61"
                          WIDTH="231"
                          VPOS="2204"
                          HPOS="1373"
                          CONTENT="tunc"/>
                  <SP HEIGHT="61" WIDTH="29" VPOS="2204" HPOS="1604"/>
                  <String HEIGHT="61"
                          WIDTH="260"
                          VPOS="2204"
                          HPOS="1518"
                          CONTENT="faber"/>
                  <SP HEIGHT="61" WIDTH="29" VPOS="2204" HPOS="1778"/>
                  <String HEIGHT="61"
                          WIDTH="202"
                          VPOS="2204"
                          HPOS="1691"
                          CONTENT="non"/>
                  <SP HEIGHT="61" WIDTH="29" VPOS="2204" HPOS="1894"/>
                  <String HEIGHT="61"
                          WIDTH="231"
                          VPOS="2204"
                          HPOS="1807"
                          CONTENT="actu"/>
                  <SP HEIGHT="61" WIDTH="29" VPOS="2204" HPOS="2038"/>
                  <String HEIGHT="61"
                          WIDTH="318"
                          VPOS="2204"
                          HPOS="1951"
                          CONTENT="operans"/>
                  <SP HEIGHT="61" WIDTH="29" VPOS="2204" HPOS="2269"/>
                  <String HEIGHT="61"
                          WIDTH="202"
                          VPOS="2204"
                          HPOS="2183"
                          CONTENT="non"/>
                  <SP HEIGHT="61" WIDTH="29" VPOS="2204" HPOS="2385"/>
                  <String HEIGHT="61"
                          WIDTH="145"
                          VPOS="2204"
                          HPOS="2269"
                          CONTENT="ha¬"
                          SUBS_TYPE="HypPart1"
                          SUBS_CONTENT="haberet"/>
                  <HYP CONTENT="-"/>
               </TextLine>
               <TextLine ID="tl_78"
                         BASELINE="1398,2329 1548,2330 1939,2328 2302,2335 2414,2317"
                         HEIGHT="61"
                         WIDTH="1016"
                         VPOS="2281"
                         HPOS="1398">
                  <String HEIGHT="61"
                          WIDTH="286"
                          VPOS="2281"
                          HPOS="1366"
                          CONTENT="beret"
                          SUBS_TYPE="HypPart2"
                          SUBS_CONTENT="haberet"/>
                  <SP HEIGHT="61" WIDTH="32" VPOS="2281" HPOS="1652"/>
                  <String HEIGHT="61"
                          WIDTH="476"
                          VPOS="2281"
                          HPOS="1557"
                          CONTENT="cognitionem"/>
                  <SP HEIGHT="61" WIDTH="32" VPOS="2281" HPOS="2033"/>
                  <String HEIGHT="61"
                          WIDTH="445"
                          VPOS="2281"
                          HPOS="1938"
                          CONTENT="practicam;"/>
                  <SP HEIGHT="61" WIDTH="32" VPOS="2281" HPOS="2382"/>
                  <String HEIGHT="61"
                          WIDTH="159"
                          VPOS="2281"
                          HPOS="2255"
                          CONTENT="er¬"
                          SUBS_TYPE="HypPart1"
                          SUBS_CONTENT="ergo"/>
                  <HYP CONTENT="-"/>
               </TextLine>
               <TextLine ID="tl_79"
                         BASELINE="1402,2417 1467,2406 1713,2403 2096,2404 2427,2393"
                         HEIGHT="64"
                         WIDTH="1025"
                         VPOS="2356"
                         HPOS="1402">
                  <String HEIGHT="64"
                          WIDTH="181"
                          VPOS="2356"
                          HPOS="1372"
                          CONTENT="go"
                          SUBS_TYPE="HypPart2"
                          SUBS_CONTENT="ergo"/>
                  <SP HEIGHT="64" WIDTH="30" VPOS="2356" HPOS="1553"/>
                  <String HEIGHT="64"
                          WIDTH="332"
                          VPOS="2356"
                          HPOS="1462"
                          CONTENT="propter"/>
                  <SP HEIGHT="64" WIDTH="30" VPOS="2356" HPOS="1794"/>
                  <String HEIGHT="64"
                          WIDTH="452"
                          VPOS="2356"
                          HPOS="1703"
                          CONTENT="extensionem"/>
                  <SP HEIGHT="64" WIDTH="30" VPOS="2356" HPOS="2156"/>
                  <String HEIGHT="64"
                          WIDTH="392"
                          VPOS="2356"
                          HPOS="2035"
                          CONTENT="aptitudina¬"
                          SUBS_TYPE="HypPart1"
                          SUBS_CONTENT="aptitudinalem."/>
                  <HYP CONTENT="-"/>
               </TextLine>
               <TextLine ID="tl_80"
                         BASELINE="1402,2479 1521,2478 1645,2479 1906,2479 2034,2479 2308,2481 2420,2481"
                         HEIGHT="62"
                         WIDTH="1018"
                         VPOS="2431"
                         HPOS="1402">
                  <String HEIGHT="62"
                          WIDTH="240"
                          VPOS="2431"
                          HPOS="1372"
                          CONTENT="lem."
                          SUBS_TYPE="HypPart2"
                          SUBS_CONTENT="aptitudinalem."/>
                  <SP HEIGHT="62" WIDTH="30" VPOS="2431" HPOS="1612"/>
                  <String HEIGHT="62"
                          WIDTH="210"
                          VPOS="2431"
                          HPOS="1522"
                          CONTENT="Sed"/>
                  <SP HEIGHT="62" WIDTH="30" VPOS="2431" HPOS="1731"/>
                  <String HEIGHT="62"
                          WIDTH="359"
                          VPOS="2431"
                          HPOS="1642"
                          CONTENT="aptitudo"/>
                  <SP HEIGHT="62" WIDTH="30" VPOS="2431" HPOS="2001"/>
                  <String HEIGHT="62"
                          WIDTH="210"
                          VPOS="2431"
                          HPOS="1911"
                          CONTENT="non"/>
                  <SP HEIGHT="62" WIDTH="30" VPOS="2431" HPOS="2121"/>
                  <String HEIGHT="62"
                          WIDTH="359"
                          VPOS="2431"
                          HPOS="2031"
                          CONTENT="convenit"/>
                  <SP HEIGHT="62" WIDTH="30" VPOS="2431" HPOS="2390"/>
                  <String HEIGHT="62"
                          WIDTH="150"
                          VPOS="2431"
                          HPOS="2270"
                          CONTENT="uni"/>
               </TextLine>
               <TextLine ID="tl_81"
                         BASELINE="1404,2554 1626,2563 1787,2554 2091,2557 2290,2558 2426,2557"
                         HEIGHT="61"
                         WIDTH="1022"
                         VPOS="2508"
                         HPOS="1404">
                  <String HEIGHT="61"
                          WIDTH="361"
                          VPOS="2508"
                          HPOS="1374"
                          CONTENT="naturae,"/>
                  <SP HEIGHT="61" WIDTH="30" VPOS="2508" HPOS="1735"/>
                  <String HEIGHT="61"
                          WIDTH="240"
                          VPOS="2508"
                          HPOS="1644"
                          CONTENT="quae"/>
                  <SP HEIGHT="61" WIDTH="30" VPOS="2508" HPOS="1885"/>
                  <String HEIGHT="61"
                          WIDTH="361"
                          VPOS="2508"
                          HPOS="1795"
                          CONTENT="repugnat"/>
                  <SP HEIGHT="61" WIDTH="30" VPOS="2508" HPOS="2155"/>
                  <String HEIGHT="61"
                          WIDTH="301"
                          VPOS="2508"
                          HPOS="2065"
                          CONTENT="alteri"/>
                  <SP HEIGHT="61" WIDTH="30" VPOS="2508" HPOS="2366"/>
                  <String HEIGHT="61"
                          WIDTH="180"
                          VPOS="2508"
                          HPOS="2246"
                          CONTENT="nisi"/>
               </TextLine>
               <TextLine ID="tl_82"
                         BASELINE="1406,2646 1630,2632 1875,2631 2216,2632 2300,2632 2424,2633"
                         HEIGHT="63"
                         WIDTH="1018"
                         VPOS="2583"
                         HPOS="1406">
                  <String HEIGHT="63"
                          WIDTH="339"
                          VPOS="2583"
                          HPOS="1375"
                          CONTENT="propter"/>
                  <SP HEIGHT="63" WIDTH="31" VPOS="2583" HPOS="1714"/>
                  <String HEIGHT="63"
                          WIDTH="339"
                          VPOS="2583"
                          HPOS="1622"
                          CONTENT="aliquod"/>
                  <SP HEIGHT="63" WIDTH="31" VPOS="2583" HPOS="1961"/>
                  <String HEIGHT="63"
                          WIDTH="401"
                          VPOS="2583"
                          HPOS="1869"
                          CONTENT="absolutum"/>
                  <SP HEIGHT="63" WIDTH="31" VPOS="2583" HPOS="2270"/>
                  <String HEIGHT="63"
                          WIDTH="185"
                          VPOS="2583"
                          HPOS="2177"
                          CONTENT="in"/>
                  <SP HEIGHT="63" WIDTH="31" VPOS="2583" HPOS="2362"/>
                  <String HEIGHT="63"
                          WIDTH="185"
                          VPOS="2583"
                          HPOS="2239"
                          CONTENT="tali"/>
               </TextLine>
               <TextLine ID="tl_83"
                         BASELINE="1408,2706 1603,2708 1642,2714 1837,2707 2029,2707 2190,2709 2428,2709"
                         HEIGHT="61"
                         WIDTH="1020"
                         VPOS="2660"
                         HPOS="1408">
                  <String HEIGHT="61"
                          WIDTH="329"
                          VPOS="2660"
                          HPOS="1375"
                          CONTENT="natura"/>
                  <SP HEIGHT="61" WIDTH="33" VPOS="2660" HPOS="1704"/>
                  <String HEIGHT="61" WIDTH="165" VPOS="2660" HPOS="1605" CONTENT=";"/>
                  <SP HEIGHT="61" WIDTH="33" VPOS="2660" HPOS="1770"/>
                  <String HEIGHT="61"
                          WIDTH="296"
                          VPOS="2660"
                          HPOS="1671"
                          CONTENT="(quia"/>
                  <SP HEIGHT="61" WIDTH="33" VPOS="2660" HPOS="1967"/>
                  <String HEIGHT="61"
                          WIDTH="263"
                          VPOS="2660"
                          HPOS="1869"
                          CONTENT="enim"/>
                  <SP HEIGHT="61" WIDTH="33" VPOS="2660" HPOS="2132"/>
                  <String HEIGHT="61"
                          WIDTH="263"
                          VPOS="2660"
                          HPOS="2033"
                          CONTENT="haec"/>
                  <SP HEIGHT="61" WIDTH="33" VPOS="2660" HPOS="2296"/>
                  <String HEIGHT="61"
                          WIDTH="263"
                          VPOS="2660"
                          HPOS="2165"
                          CONTENT="natura"/>
               </TextLine>
               <TextLine ID="tl_84"
                         BASELINE="1409,2784 1490,2785 1665,2790 1821,2784 1962,2783 2249,2787 2425,2785"
                         HEIGHT="56"
                         WIDTH="1016"
                         VPOS="2735"
                         HPOS="1409">
                  <String HEIGHT="56"
                          WIDTH="203"
                          VPOS="2735"
                          HPOS="1380"
                          CONTENT="est"/>
                  <SP HEIGHT="56" WIDTH="29" VPOS="2735" HPOS="1583"/>
                  <String HEIGHT="56"
                          WIDTH="290"
                          VPOS="2735"
                          HPOS="1496"
                          CONTENT="talis,"/>
                  <SP HEIGHT="56" WIDTH="29" VPOS="2735" HPOS="1786"/>
                  <String HEIGHT="56"
                          WIDTH="232"
                          VPOS="2735"
                          HPOS="1699"
                          CONTENT="ideo"/>
                  <SP HEIGHT="56" WIDTH="29" VPOS="2735" HPOS="1932"/>
                  <String HEIGHT="56"
                          WIDTH="232"
                          VPOS="2735"
                          HPOS="1844"
                          CONTENT="sibi"/>
                  <SP HEIGHT="56" WIDTH="29" VPOS="2735" HPOS="2077"/>
                  <String HEIGHT="56"
                          WIDTH="348"
                          VPOS="2735"
                          HPOS="1990"
                          CONTENT="convenit"/>
                  <SP HEIGHT="56" WIDTH="29" VPOS="2735" HPOS="2338"/>
                  <String HEIGHT="56"
                          WIDTH="203"
                          VPOS="2735"
                          HPOS="2222"
                          CONTENT="talis"/>
               </TextLine>
               <TextLine ID="tl_85"
                         BASELINE="1412,2860 1668,2871 1893,2859 2314,2862 2425,2861"
                         HEIGHT="64"
                         WIDTH="1013"
                         VPOS="2812"
                         HPOS="1412">
                  <String HEIGHT="64"
                          WIDTH="412"
                          VPOS="2812"
                          HPOS="1380"
                          CONTENT="aptitudo)"/>
                  <SP HEIGHT="64" WIDTH="32" VPOS="2812" HPOS="1792"/>
                  <String HEIGHT="64"
                          WIDTH="317"
                          VPOS="2812"
                          HPOS="1697"
                          CONTENT="igitur"/>
                  <SP HEIGHT="64" WIDTH="32" VPOS="2812" HPOS="2013"/>
                  <String HEIGHT="64"
                          WIDTH="507"
                          VPOS="2812"
                          HPOS="1919"
                          CONTENT="praesupponit"/>
                  <SP HEIGHT="64" WIDTH="32" VPOS="2812" HPOS="2425"/>
                  <String HEIGHT="64"
                          WIDTH="127"
                          VPOS="2812"
                          HPOS="2298"
                          CONTENT="in"/>
               </TextLine>
               <TextLine ID="tl_86"
                         BASELINE="1412,2936 1517,2936 1988,2936 2262,2937 2425,2924"
                         HEIGHT="63"
                         WIDTH="1013"
                         VPOS="2888"
                         HPOS="1412">
                  <String HEIGHT="63"
                          WIDTH="253"
                          VPOS="2888"
                          HPOS="1380"
                          CONTENT="ista"/>
                  <SP HEIGHT="63" WIDTH="32" VPOS="2888" HPOS="1634"/>
                  <String HEIGHT="63"
                          WIDTH="570"
                          VPOS="2888"
                          HPOS="1539"
                          CONTENT="consideratione"/>
                  <SP HEIGHT="63" WIDTH="32" VPOS="2888" HPOS="2108"/>
                  <String HEIGHT="63"
                          WIDTH="348"
                          VPOS="2888"
                          HPOS="2013"
                          CONTENT="aliquam"/>
                  <SP HEIGHT="63" WIDTH="32" VPOS="2888" HPOS="2362"/>
                  <String HEIGHT="63"
                          WIDTH="190"
                          VPOS="2888"
                          HPOS="2235"
                          CONTENT="con¬"
                          SUBS_TYPE="HypPart1"
                          SUBS_CONTENT="conditionem"/>
                  <HYP CONTENT="-"/>
               </TextLine>
               <TextLine ID="tl_87"
                         BASELINE="1413,3014 1665,3013 2080,3020 2225,3013 2424,3015"
                         HEIGHT="64"
                         WIDTH="1011"
                         VPOS="2965"
                         HPOS="1413">
                  <String HEIGHT="64"
                          WIDTH="404"
                          VPOS="2965"
                          HPOS="1379"
                          CONTENT="ditionem"
                          SUBS_TYPE="HypPart2"
                          SUBS_CONTENT="conditionem"/>
                  <SP HEIGHT="64" WIDTH="34" VPOS="2965" HPOS="1784"/>
                  <String HEIGHT="64"
                          WIDTH="539"
                          VPOS="2965"
                          HPOS="1683"
                          CONTENT="intrinsecam,"/>
                  <SP HEIGHT="64" WIDTH="34" VPOS="2965" HPOS="2222"/>
                  <String HEIGHT="64"
                          WIDTH="236"
                          VPOS="2965"
                          HPOS="2121"
                          CONTENT="per"/>
                  <SP HEIGHT="64" WIDTH="34" VPOS="2965" HPOS="2357"/>
                  <String HEIGHT="64"
                          WIDTH="202"
                          VPOS="2965"
                          HPOS="2222"
                          CONTENT="quam"/>
               </TextLine>
               <TextLine ID="line_1611074273320_1142"
                         BASELINE="1415,3089 1513,3088 1833,3089 2106,3088 2283,3089 2425,3090 2434,3089"
                         HEIGHT="61"
                         WIDTH="1019"
                         VPOS="3041"
                         HPOS="1415">
                  <String HEIGHT="61"
                          WIDTH="181"
                          VPOS="3041"
                          HPOS="1392"
                          CONTENT="sibi"/>
                  <SP HEIGHT="61" WIDTH="23" VPOS="3041" HPOS="1574"/>
                  <String HEIGHT="61"
                          WIDTH="294"
                          VPOS="3041"
                          HPOS="1506"
                          CONTENT="conveniat"/>
                  <SP HEIGHT="61" WIDTH="23" VPOS="3041" HPOS="1800"/>
                  <String HEIGHT="61"
                          WIDTH="272"
                          VPOS="3041"
                          HPOS="1732"
                          CONTENT="aptitudo"/>
                  <SP HEIGHT="61" WIDTH="23" VPOS="3041" HPOS="2004"/>
                  <String HEIGHT="61"
                          WIDTH="226"
                          VPOS="3041"
                          HPOS="1936"
                          CONTENT="talis."/>
                  <SP HEIGHT="61" WIDTH="23" VPOS="3041" HPOS="2162"/>
                  <String HEIGHT="61"
                          WIDTH="181"
                          VPOS="3041"
                          HPOS="2094"
                          CONTENT="Ista"/>
                  <SP HEIGHT="61" WIDTH="23" VPOS="3041" HPOS="2275"/>
                  <String HEIGHT="61"
                          WIDTH="249"
                          VPOS="3041"
                          HPOS="2185"
                          CONTENT="scientiam"/>
               </TextLine>
               <TextLine ID="line_1611074273321_1144"
                         BASELINE="1415,3165 1645,3164 2127,3165 2226,3165 2319,3166 2424,3166 2434,3165"
                         HEIGHT="65"
                         WIDTH="1019"
                         VPOS="3116"
                         HPOS="1415">
                  <String HEIGHT="65"
                          WIDTH="278"
                          VPOS="3116"
                          HPOS="1392"
                          CONTENT="conditio"/>
                  <SP HEIGHT="65" WIDTH="23" VPOS="3116" HPOS="1670"/>
                  <String HEIGHT="65"
                          WIDTH="440"
                          VPOS="3116"
                          HPOS="1600"
                          CONTENT="considerationis"/>
                  <SP HEIGHT="65" WIDTH="23" VPOS="3116" HPOS="2040"/>
                  <String HEIGHT="65"
                          WIDTH="139"
                          VPOS="3116"
                          HPOS="1971"
                          CONTENT="in"/>
                  <SP HEIGHT="65" WIDTH="23" VPOS="3116" HPOS="2110"/>
                  <String HEIGHT="65"
                          WIDTH="139"
                          VPOS="3116"
                          HPOS="2040"
                          CONTENT="se"/>
                  <SP HEIGHT="65" WIDTH="23" VPOS="3116" HPOS="2179"/>
                  <String HEIGHT="65"
                          WIDTH="162"
                          VPOS="3116"
                          HPOS="2110"
                          CONTENT="est"/>
                  <SP HEIGHT="65" WIDTH="23" VPOS="3116" HPOS="2272"/>
                  <String HEIGHT="65"
                          WIDTH="255"
                          VPOS="3116"
                          HPOS="2179"
                          CONTENT="practican"/>
               </TextLine>
               <TextLine ID="line_1611074273321_1146"
                         BASELINE="1415,3241 1477,3240 1676,3239 1859,3240 1994,3240 2221,3249 2278,3242 2434,3228"
                         HEIGHT="78"
                         WIDTH="1019"
                         VPOS="3177"
                         HPOS="1415">
                  <String HEIGHT="78"
                          WIDTH="136"
                          VPOS="3177"
                          HPOS="1392"
                          CONTENT="ab"/>
                  <SP HEIGHT="78" WIDTH="23" VPOS="3177" HPOS="1528"/>
                  <String HEIGHT="78"
                          WIDTH="226"
                          VPOS="3177"
                          HPOS="1460"
                          CONTENT="aliqua"/>
                  <SP HEIGHT="78" WIDTH="23" VPOS="3177" HPOS="1687"/>
                  <String HEIGHT="78"
                          WIDTH="204"
                          VPOS="3177"
                          HPOS="1619"
                          CONTENT="causa"/>
                  <SP HEIGHT="78" WIDTH="23" VPOS="3177" HPOS="1823"/>
                  <String HEIGHT="78"
                          WIDTH="181"
                          VPOS="3177"
                          HPOS="1755"
                          CONTENT="ejus"/>
                  <SP HEIGHT="78" WIDTH="23" VPOS="3177" HPOS="1936"/>
                  <String HEIGHT="78"
                          WIDTH="249"
                          VPOS="3177"
                          HPOS="1868"
                          CONTENT="priore,"/>
                  <SP HEIGHT="78" WIDTH="23" VPOS="3177" HPOS="2117"/>
                  <String HEIGHT="78"
                          WIDTH="226"
                          VPOS="3177"
                          HPOS="2049"
                          CONTENT="causae"/>
                  <SP HEIGHT="78" WIDTH="23" VPOS="3177" HPOS="2275"/>
                  <String HEIGHT="78"
                          WIDTH="249"
                          VPOS="3177"
                          HPOS="2185"
                          CONTENT="abob,iec^"/>
               </TextLine>
               <TextLine ID="tl_91"
                         BASELINE="1416,3318 1593,3317 1752,3316 2004,3317 2179,3320 2425,3304"
                         HEIGHT="63"
                         WIDTH="1009"
                         VPOS="3269"
                         HPOS="1416">
                  <String HEIGHT="63"
                          WIDTH="284"
                          VPOS="3269"
                          HPOS="1384"
                          CONTENT="autem"/>
                  <SP HEIGHT="63" WIDTH="32" VPOS="3269" HPOS="1668"/>
                  <String HEIGHT="63"
                          WIDTH="252"
                          VPOS="3269"
                          HPOS="1574"
                          CONTENT="ejus"/>
                  <SP HEIGHT="63" WIDTH="32" VPOS="3269" HPOS="1826"/>
                  <String HEIGHT="63"
                          WIDTH="347"
                          VPOS="3269"
                          HPOS="1731"
                          CONTENT="priores"/>
                  <SP HEIGHT="63" WIDTH="32" VPOS="3269" HPOS="2078"/>
                  <String HEIGHT="63"
                          WIDTH="252"
                          VPOS="3269"
                          HPOS="1984"
                          CONTENT="sunt"/>
                  <SP HEIGHT="63" WIDTH="32" VPOS="3269" HPOS="2236"/>
                  <String HEIGHT="63"
                          WIDTH="315"
                          VPOS="3269"
                          HPOS="2110"
                          CONTENT="intelle¬"
                          SUBS_TYPE="HypPart1"
                          SUBS_CONTENT="intellectus"/>
                  <HYP CONTENT="-"/>
               </TextLine>
               <TextLine ID="tl_92"
                         BASELINE="1417,3394 1533,3394 1605,3394 1893,3392 1921,3399 2080,3393 2209,3394 2425,3380"
                         HEIGHT="62"
                         WIDTH="1008"
                         VPOS="3345"
                         HPOS="1417">
                  <String HEIGHT="62"
                          WIDTH="230"
                          VPOS="3345"
                          HPOS="1388"
                          CONTENT="ctus"
                          SUBS_TYPE="HypPart2"
                          SUBS_CONTENT="intellectus"/>
                  <SP HEIGHT="62" WIDTH="29" VPOS="3345" HPOS="1619"/>
                  <String HEIGHT="62"
                          WIDTH="173"
                          VPOS="3345"
                          HPOS="1532"
                          CONTENT="et"/>
                  <SP HEIGHT="62" WIDTH="29" VPOS="3345" HPOS="1705"/>
                  <String HEIGHT="62"
                          WIDTH="346"
                          VPOS="3345"
                          HPOS="1619"
                          CONTENT="objectum"/>
                  <SP HEIGHT="62" WIDTH="29" VPOS="3345" HPOS="1964"/>
                  <String HEIGHT="62" WIDTH="144" VPOS="3345" HPOS="1878" CONTENT=";"/>
                  <SP HEIGHT="62" WIDTH="29" VPOS="3345" HPOS="2022"/>
                  <String HEIGHT="62"
                          WIDTH="230"
                          VPOS="3345"
                          HPOS="1935"
                          CONTENT="ergo"/>
                  <SP HEIGHT="62" WIDTH="29" VPOS="3345" HPOS="2166"/>
                  <String HEIGHT="62"
                          WIDTH="230"
                          VPOS="3345"
                          HPOS="2079"
                          CONTENT="sibi"/>
                  <SP HEIGHT="62" WIDTH="29" VPOS="3345" HPOS="2310"/>
                  <String HEIGHT="62"
                          WIDTH="230"
                          VPOS="3345"
                          HPOS="2195"
                          CONTENT="conve¬"
                          SUBS_TYPE="HypPart1"
                          SUBS_CONTENT="convenit"/>
                  <HYP CONTENT="-"/>
               </TextLine>
               <TextLine ID="tl_93"
                         BASELINE="1414,3470 1492,3471 1583,3469 1805,3469 2058,3470 2186,3470 2427,3458"
                         HEIGHT="62"
                         WIDTH="1013"
                         VPOS="3421"
                         HPOS="1414">
                  <String HEIGHT="62"
                          WIDTH="209"
                          VPOS="3421"
                          HPOS="1384"
                          CONTENT="nit"
                          SUBS_TYPE="HypPart2"
                          SUBS_CONTENT="convenit"/>
                  <SP HEIGHT="62" WIDTH="30" VPOS="3421" HPOS="1593"/>
                  <String HEIGHT="62"
                          WIDTH="179"
                          VPOS="3421"
                          HPOS="1503"
                          CONTENT="ab"/>
                  <SP HEIGHT="62" WIDTH="30" VPOS="3421" HPOS="1682"/>
                  <String HEIGHT="62"
                          WIDTH="298"
                          VPOS="3421"
                          HPOS="1593"
                          CONTENT="aliquo"/>
                  <SP HEIGHT="62" WIDTH="30" VPOS="3421" HPOS="1891"/>
                  <String HEIGHT="62"
                          WIDTH="328"
                          VPOS="3421"
                          HPOS="1801"
                          CONTENT="objecto"/>
                  <SP HEIGHT="62" WIDTH="30" VPOS="3421" HPOS="2129"/>
                  <String HEIGHT="62"
                          WIDTH="209"
                          VPOS="3421"
                          HPOS="2040"
                          CONTENT="vel"/>
                  <SP HEIGHT="62" WIDTH="30" VPOS="3421" HPOS="2248"/>
                  <String HEIGHT="62"
                          WIDTH="298"
                          VPOS="3421"
                          HPOS="2129"
                          CONTENT="intelle¬"
                          SUBS_TYPE="HypPart1"
                          SUBS_CONTENT="intellectu"/>
                  <HYP CONTENT="-"/>
               </TextLine>
               <TextLine ID="tl_94"
                         BASELINE="1416,3549 1502,3547 1528,3554 1681,3545 1784,3546 2111,3555 2274,3549 2425,3550"
                         HEIGHT="64"
                         WIDTH="1009"
                         VPOS="3499"
                         HPOS="1416">
                  <String HEIGHT="64"
                          WIDTH="208"
                          VPOS="3499"
                          HPOS="1386"
                          CONTENT="ctu"
                          SUBS_TYPE="HypPart2"
                          SUBS_CONTENT="intellectu"/>
                  <SP HEIGHT="64" WIDTH="30" VPOS="3499" HPOS="1594"/>
                  <String HEIGHT="64" WIDTH="148" VPOS="3499" HPOS="1505" CONTENT=";"/>
                  <SP HEIGHT="64" WIDTH="30" VPOS="3499" HPOS="1653"/>
                  <String HEIGHT="64"
                          WIDTH="208"
                          VPOS="3499"
                          HPOS="1564"
                          CONTENT="non"/>
                  <SP HEIGHT="64" WIDTH="30" VPOS="3499" HPOS="1772"/>
                  <String HEIGHT="64"
                          WIDTH="178"
                          VPOS="3499"
                          HPOS="1683"
                          CONTENT="ab"/>
                  <SP HEIGHT="64" WIDTH="30" VPOS="3499" HPOS="1861"/>
                  <String HEIGHT="64"
                          WIDTH="445"
                          VPOS="3499"
                          HPOS="1772"
                          CONTENT="intellectu,"/>
                  <SP HEIGHT="64" WIDTH="30" VPOS="3499" HPOS="2217"/>
                  <String HEIGHT="64"
                          WIDTH="237"
                          VPOS="3499"
                          HPOS="2128"
                          CONTENT="quia"/>
                  <SP HEIGHT="64" WIDTH="30" VPOS="3499" HPOS="2366"/>
                  <String HEIGHT="64"
                          WIDTH="178"
                          VPOS="3499"
                          HPOS="2247"
                          CONTENT="tunc"/>
               </TextLine>
               <TextLine ID="tl_95"
                         BASELINE="1416,3624 1586,3623 1965,3625 2134,3626 2420,3635"
                         HEIGHT="66"
                         WIDTH="1004"
                         VPOS="3574"
                         HPOS="1416">
                  <String HEIGHT="66"
                          WIDTH="266"
                          VPOS="3574"
                          HPOS="1386"
                          CONTENT="omnis"/>
                  <SP HEIGHT="66" WIDTH="30" VPOS="3574" HPOS="1652"/>
                  <String HEIGHT="66"
                          WIDTH="472"
                          VPOS="3574"
                          HPOS="1564"
                          CONTENT="consideratio"/>
                  <SP HEIGHT="66" WIDTH="30" VPOS="3574" HPOS="2036"/>
                  <String HEIGHT="66"
                          WIDTH="266"
                          VPOS="3574"
                          HPOS="1948"
                          CONTENT="esset"/>
                  <SP HEIGHT="66" WIDTH="30" VPOS="3574" HPOS="2213"/>
                  <String HEIGHT="66"
                          WIDTH="325"
                          VPOS="3574"
                          HPOS="2095"
                          CONTENT="practica,"/>
               </TextLine>
            </TextBlock>
         </PrintSpace>
      </Page>
   </Layout>
</alto>
