2653 3979
198 394 315 63 objecto
427 394 200 63 tam
542 394 315 63 habitus
770 394 286 63 (licet
942 394 286 63 mediate)

194 471 243 62 quam
346 471 273 62 actus
528 471 334 62 dicitur
740 471 365 62 practicus.

442 602 478 40 COMMENTARIUS.

185 701 152 57 51.
272 701 152 57 (a)
359 701 217 57 Aliter
511 701 260 57 dicitur.
706 701 173 57 Haec
814 701 152 57 est
901 701 217 57 opinio
1031 701 195 57 Henrici

195 778 294 56 quodlib.
415 778 147 56 8.
488 778 269 56 quaist.
684 778 245 56 prima,
856 778 171 56 qui
954 778 220 56 dicit
1076 778 147 56 quod

194 853 257 55 habitus
380 853 303 55 practicus
614 853 187 55 sive
730 853 210 55 actus
870 853 327 55 practicus,
1103 853 117 55 di¬-

195 928 215 56 citur
338 928 310 56 practicus
577 928 143 56 ex
649 928 167 56 hoc
744 928 191 56 quod
864 928 167 56 est
935 928 287 56 extensibi-

193 1005 168 53 lis
289 1005 144 53 ad
361 1005 239 53 praxim
528 1005 144 53 ut
600 1005 144 53 ad
672 1005 239 53 finem,
839 1005 191 53 quia
959 1005 239 53 praxis
1102 1005 120 53 est

192 1081 257 53 ultimus
379 1081 234 53 finis,
543 1081 140 53 id
613 1081 187 53 est,
730 1081 164 53 est
823 1081 211 53 illud
964 1081 257 53 ultimum
1127 1081 94 53 ad

191 1158 201 55 quod
316 1158 276 55 dirigit
517 1158 276 55 notitia
718 1158 326 55 praclica;
969 1158 151 55 et
1019 1158 201 55 probat

188 1234 201 54 hanc
314 1234 327 54 opinionem
565 1234 252 54 tribus
742 1234 277 54 mediis,
943 1234 176 54 qui
1019 1234 201 54 postea

187 1309 312 42 solventur
427 1309 192 42 loco
523 1309 144 42 suo.

175 1377 167 58 :ot.
280 1377 146 58 im-
363 1377 146 58 (b)
447 1377 209 58 Contra
593 1377 188 58 istam
718 1377 313 58 positionem.
969 1377 167 58 Ilie
1053 1377 167 58 Doctor

173 1455 209 54 leni-.
319 1455 230 54 probat,
486 1455 167 54 quod
591 1455 230 54 notitia
758 1455 251 54 practica
946 1455 146 54 non
1029 1455 209 54 habeat
1154 1455 63 54 a

186 1529 226 55 praxi
337 1529 201 55 quod
463 1529 176 55 sit
563 1529 327 55 practica.
815 1529 151 55 Et
890 1529 226 55 primo
1016 1529 201 55 probat

185 1605 196 54 sic,
307 1605 196 54 quia
429 1605 220 54 supra
576 1605 294 54 probatum
797 1605 171 54 est
895 1605 196 54 quod
993 1605 220 54 notitia

185 1680 264 54 dicitur
377 1680 288 54 practica
593 1680 264 54 propter
784 1680 360 54 extensionem
1048 1680 168 54 apti-

182 1757 362 53 tudinalem.
467 1757 310 53 Aptiludo
700 1757 233 53 enim,
855 1757 207 53 quae
958 1757 259 53 convenit

181 1834 235 53 alicui
346 1834 259 53 naturae
534 1834 141 53 et
605 1834 282 53 repugnat
816 1834 259 53 alteri,
981 1834 235 53 convenit

179 1909 197 54 sibi
302 1909 172 54 per
401 1909 271 54 aliquod
598 1909 320 54 absolutum
844 1909 197 54 sibi
942 1909 271 54 intrinse¬-

181 1985 196 56 cum,
304 1985 147 56 si
378 1985 221 56 talis
525 1985 246 56 natura
697 1985 172 56 est
795 1985 319 56 absoluta,
1017 1985 196 56 cujus-

181 2060 183 54 modi
295 2060 160 54 est
387 2060 274 54 notitia,
592 2060 137 54 ut
660 2060 205 54 patet
797 2060 114 54 a
843 2060 251 54 Doctore
1003 2060 205 54 quaesi.

181 2137 171 53 13.
278 2137 245 53 Quodl.
450 2137 147 53 Si
523 2137 196 53 vero
645 2137 171 53 non
743 2137 171 53 est
841 2137 318 53 absoluta,
1061 2137 147 53 con¬-

174 2213 222 54 venit
322 2213 197 54 sibi
445 2213 172 54 per
544 2213 271 54 aliquod
741 2213 394 54 intrinsecum,
1037 2213 172 54 palet

175 2287 387 56 discurrendo
484 2287 180 56 per
588 2287 387 56 apliludines
897 2287 206 56 quae
1000 2287 206 56 conve¬-

174 2363 216 53 niunt
318 2363 168 53 uni
414 2363 144 53 et
487 2363 313 53 repugnant
727 2363 265 53 alteri.
919 2363 216 53 Illud
1040 2363 168 53 autem

170 2438 388 53 intrinsecum
481 2438 363 53 communiter
766 2438 181 53 est
869 2438 207 53 ipsa
973 2438 233 53 entitas

173 2514 282 53 naturae,
384 2514 164 53 vel
478 2514 258 53 aliquid
666 2514 305 53 pertinens
901 2514 141 53 ad
948 2514 258 53 essentiam

170 2589 278 55 ipsius.
372 2589 177 55 Sed
473 2589 253 55 certum
650 2589 177 55 est
751 2589 202 55 quod
877 2589 152 55 ex
953 2589 177 55 quo
1028 2589 177 55 talis

169 2664 286 54 notitia
377 2664 234 54 habet
533 2664 390 54 aptitudinem
844 2664 364 54 extendendi
1104 2664 104 54 ad

169 2741 247 54 praxim
342 2741 173 54 est
441 2741 197 54 vere
564 2741 296 54 causata,
786 2741 173 54 cum
884 2741 173 54 sit
958 2741 247 54 qualitas

169 2818 320 56 absoluta,
415 2818 148 56 ut
489 2818 221 56 patet
637 2818 123 56 a
686 2818 271 56 Doctore
883 2818 221 56 supra
1031 2818 123 56 ;
1055 2818 148 56 ergo

170 2896 151 52 et
245 2896 303 52 conditio
472 2896 177 52 per
573 2896 202 52 quam
700 2896 202 52 sibi
826 2896 303 52 convenit
1027 2896 177 52 talis

167 2971 303 54 aplitudo
394 2971 202 54 erit
521 2971 278 54 causata
723 2971 152 54 ab
799 2971 253 54 eisdem
976 2971 253 54 causis
1127 2971 76 54 a

169 3046 240 54 quibus
337 3046 144 54 et
409 3046 288 54 notitia.
625 3046 168 54 Sed
720 3046 264 54 notitia
912 3046 168 54 est
984 3046 216 54 causata

164 3122 159 55 ab
244 3122 372 55 intellectu
536 3122 159 55 et
616 3122 159 55 ab
696 3122 319 55 objecto,
934 3122 159 55 ut
988 3122 212 55 probat

168 3196 219 54 Doctor
321 3196 219 54 infra,
475 3196 197 54 dist.
606 3196 131 54 3.
672 3196 241 54 quaesi.
847 3196 131 54 7.
913 3196 131 54 et
979 3196 153 54 15.
1045 3196 153 54 Quod¬-

167 3270 179 56 lib.
278 3270 179 56 ergo
390 3270 134 56 et
457 3270 268 56 aplitudo
658 3270 201 56 talis
792 3270 223 56 inerit
948 3270 179 56 sibi
1038 3270 156 56 effe¬-

167 3347 210 55 ctive
307 3347 140 55 ab
376 3347 326 55 intellectu
633 3347 163 55 vel
726 3347 140 55 ab
796 3347 256 55 objecto
982 3347 117 55 ;
1029 3347 163 55 non
1099 3347 93 55 ab

162 3425 377 54 intellectu,
463 3425 201 54 quia
589 3425 201 54 tunc
715 3425 226 54 omnis
840 3425 352 54 consideratio

163 3501 215 53 esset
307 3501 311 53 practica,
546 3501 167 53 cum
641 3501 215 53 omnes
785 3501 191 53 sint
904 3501 143 53 in
952 3501 239 53 intelle¬-

164 3574 196 57 ctu,
286 3574 147 57 et
359 3574 245 57 omnium
530 3574 171 57 sit
628 3574 196 57 unus
751 3574 391 57 intellectus,
1044 3574 147 57 ergo

166 3651 183 55 erit
280 3651 297 55 effective
509 3651 137 55 ab
577 3651 251 55 objecto
760 3651 114 55 ;
806 3651 160 55 sic
897 3651 251 55 notitia
1057 3651 137 55 pra¬

1285 399 244 55 ctica
1448 399 407 55 denominatur
1774 399 326 55 practica
1991 399 326 55 (denomina¬-

1278 475 226 55 tione
1428 475 226 55 tamen
1579 475 376 55 extrinseca)
1880 475 150 55 ab
1955 475 276 55 objecto
2156 475 125 55 a
2181 475 125 55 quo

1276 547 302 60 dependet
1502 547 151 60 in
1577 547 201 60 esse
1703 547 151 60 et
1778 547 377 60 conservari;
2080 547 201 60 ergo
2180 547 126 60 non

1272 625 132 55 a
1324 625 264 55 praxi,
1510 625 185 55 cum
1615 625 264 55 praxis
1801 625 185 55 sit
1906 625 344 55 posterior
2144 625 159 55 tali

1275 701 240 51 notitia
1428 701 240 51 praclica.

1328 777 148 56 Sed
1412 777 148 56 hic
1497 777 211 56 oritur
1645 777 148 56 una
1729 777 190 56 parva
1856 777 338 56 difficultas,
2130 777 169 56 quia
2214 777 106 56 52.

1273 855 150 55 ex
1348 855 175 55 quo
1448 855 276 55 notitia
1649 855 301 55 practica
1874 855 175 55 est
1974 855 326 55 effective
2200 855 100 55 ab

1273 930 352 55 intellectu,
1554 930 164 55 imo
1648 930 352 55 intellectus
1929 930 164 55 est
1999 930 305 55 principalis

1271 1007 238 54 causa
1429 1007 159 54 ut
1509 1007 371 54 comparatur
1800 1007 159 54 ad
1879 1007 318 54 objectum
2091 1007 212 54 imper¬-

1271 1082 280 55 fectius,
1481 1082 140 55 ut
1551 1082 210 55 patet
1691 1082 117 55 a
1738 1082 257 55 Doctore
1925 1082 234 55 infra,
2089 1082 210 55 dist.
2206 1082 93 55 3.

1271 1159 251 56 qnaest.
1454 1159 297 56 penultim.
1682 1159 137 56 et
1750 1159 205 56 alibi
1887 1159 228 56 saepe;
2047 1159 183 56 ergo
2138 1159 160 56 talis

1270 1234 245 54 notitia
1448 1234 245 54 dicitur
1626 1234 267 54 practica
1826 1234 134 54 ab
1871 1234 289 54 intellectu.

1323 1311 125 62 Ad
1386 1311 166 62 quam
1489 1311 291 62 respondeo,
1718 1311 166 62 quod
1822 1311 166 62 etsi
1925 1311 228 62 entitas
2071 1311 249 62 Responsio,

1268 1387 303 54 notitiae,
1501 1387 140 54 et
1571 1387 257 54 quantum
1758 1387 140 54 ad
1827 1387 350 54 substantiam
2084 1387 210 54 ipsius,

1267 1463 151 54 et
1342 1463 276 54 quantum
1543 1463 151 54 ad
1618 1463 402 54 intensionem,
1945 1463 176 54 sit
2020 1463 276 54 principa¬-

1268 1537 182 57 liter
1389 1537 121 57 ab
1450 1537 304 57 intellectu,
1693 1537 182 57 tamen
1814 1537 223 57 quantum
1976 1537 121 57 ad
2037 1537 162 57 spe-
2118 1537 202 57 Scienti*

1271 1615 303 57 cmcationem,
1513 1615 161 57 puta
1614 1615 161 57 quod
1715 1615 222 57 dicatur
1876 1615 182 57 talis
1997 1615 141 57 vel
2078 1615 141 57 sit
2138 1615 182 57 princi-

1270 1676 165 68 quod
1373 1676 329 68 distinguatur
1641 1676 206 68 specie
1785 1676 123 68 ab
1847 1676 185 68 alia,
1970 1676 185 68 habet
2073 1676 247 68 abPfntdie.

1270 1749 331 76 principaliter
1542 1749 117 76 ab
1600 1749 233 76 objecto.
1775 1749 156 76 Unde
1873 1749 195 76 Doctor
2009 1749 175 76 dicit
2106 1749 214 76 ^"^p^ifi-

1268 1830 191 62 infra,
1402 1830 115 62 d.
1459 1830 115 62 3.
1517 1830 210 62 quaest.
1670 1830 115 62 7.
1727 1830 153 62 quod
1823 1830 172 62 omnis
1937 1830 230 62 scientia
2090 1830 230 62 tame^obje'

1262 1909 403 56 specificatur
1589 1909 151 56 ab
1665 1909 302 56 objecto,
1891 1909 151 56 et
1967 1909 176 56 sic
2067 1909 227 56 patet
2193 1909 101 56 ad

1262 1985 442 57 difficultatem.
1631 1985 147 57 Et
1704 1985 147 57 de
1778 1985 319 57 hujusmodi
1999 1985 294 57 specifica¬-

1260 2061 227 58 tione
1411 2061 201 58 vide
1537 2061 352 58 singularem
1814 2061 302 58 glossam,
2040 2061 201 58 quam
2141 2061 151 58 feci

1259 2138 207 52 super
1397 2138 138 52 q.
1466 2138 161 52 10.
1559 2138 138 52 d.
1628 2138 138 52 3.
1674 2138 92 52 2.

1312 2212 160 56 (c)
1403 2212 137 56 Si
1472 2212 274 56 dicatur,
1677 2212 182 56 quod
1791 2212 205 56 etiam
1928 2212 205 56 finis
2065 2212 160 56 est
2133 2212 160 56 causa

1250 2289 256 52 prior,
1429 2289 179 52 imo
1531 2289 230 52 prima
1685 2289 230 52 inter
1838 2289 256 52 omnes,
2017 2289 204 52 etc.
2145 2289 153 52 ut
2196 2289 102 52 ei

1259 2363 292 56 conveniat
1483 2363 202 56 talis
1618 2363 292 56 aptiludo,
1843 2363 135 56 et
1910 2363 157 56 sic
2000 2363 112 56 a
2045 2363 202 56 praxi
2180 2363 135 56 ut
2225 2363 67 56 a

1258 2437 169 56 fine
1363 2437 253 56 notitiae
1553 2437 274 56 practicae
1764 2437 232 56 poterit
1933 2437 169 56 esse
2038 2437 190 56 talis
2143 2437 148 56 apli¬-

1254 2512 221 56 tudo,
1402 2512 172 56 vel
1500 2512 147 56 ab
1574 2512 246 56 aliquo
1746 2512 196 56 alio
1868 2512 221 56 fine,
1991 2512 295 56 accipiendo

1252 2589 228 54 finem
1404 2589 177 54 pro
1505 2589 228 54 causa
1657 2589 279 54 finali,
1859 2589 203 54 quae
1986 2589 228 54 inter
2113 2589 177 54 omnes

1255 2664 240 55 causas
1423 2664 168 55 est
1519 2664 359 55 simpliciter
1806 2664 216 55 prima
1950 2664 144 55 in
2022 2664 287 55 causando
2213 2664 72 55 ;

1250 2739 202 55 ergo
1376 2739 227 55 talis
1527 2739 302 55 conditio
1754 2739 176 55 non
1855 2739 202 55 erit
1981 2739 302 55 praecise
2182 2739 101 55 ab

1229 2813 235 52 objecto.

1300 2908 285 49 Contra,
1508 2908 234 49 finis
1663 2908 182 49 non
1767 2908 182 49 est
1871 2908 259 49 causa,
2052 2908 208 49 etc.
2156 2908 130 49 Hic

1249 2981 253 56 Doctor
1426 2981 278 56 arguit,
1628 2981 202 56 quod
1754 2981 278 56 notitia
1956 2981 303 56 practica
2159 2981 126 56 non

1253 3056 157 58 sit
1342 3056 269 58 practica
1544 3056 112 58 a
1589 3056 180 58 fine
1701 3056 180 58 sive
1814 3056 112 58 a
1859 3056 202 58 causa
1993 3056 247 58 finali,
2150 3056 135 58 quod

1245 3132 218 56 ideo
1381 3132 246 56 dico,
1545 3132 218 56 quia
1681 3132 246 56 infra
1845 3132 218 56 vult
1982 3132 218 56 quod
2091 3132 191 56 omnia

1247 3207 313 55 principia
1488 3207 289 55 praclica
1705 3207 289 55 sumantur
1922 3207 120 55 a
1970 3207 217 55 fine,
2114 3207 145 55 et
2163 3207 120 55 per

1248 3283 329 54 consequens
1506 3283 258 54 notitia
1693 3283 282 54 practica
1905 3283 258 54 dicatur
2069 3283 211 54 practi¬-

1243 3356 148 57 ca
1317 3356 123 57 a
1366 3356 221 57 fine,
1514 3356 148 57 ut
1588 3356 295 57 patebit;
1809 3356 148 57 et
1883 3356 221 57 verum
2031 3356 197 57 est,
2129 3356 148 57 quod

1242 3432 271 54 dicitur
1439 3432 295 54 praclica
1661 3432 123 54 a
1710 3432 197 54 fine
1833 3432 148 54 ut
1907 3432 221 54 habet
2030 3432 246 54 rationem

1238 3509 310 55 objecti,
1471 3509 181 55 non
1574 3509 233 55 autem
1730 3509 129 55 a
1781 3509 207 55 fine
1911 3509 181 55 qui
2014 3509 181 55 est
2092 3509 181 55 causa

1239 3582 287 56 finalis,
1455 3582 240 56 quorum
1622 3582 359 56 differentia
1910 3582 216 56 infra
2029 3582 240 56 patebit.

1241 3660 150 55 Et
1316 3660 350 55 argumentum
1591 3660 300 55 Doctoris
1817 3660 175 55 est
1917 3660 225 55 satis
2042 3660 225 55 clarum,
