2624 3979
287 340 240 52 praxim
455 340 168 52 pro
551 340 264 52 termino
743 340 240 52 illius
910 340 360 52 extensionis
1174 340 144 52 sive

291 414 383 53 directionis,
602 414 168 53 qui
698 414 287 53 terminus
913 414 168 53 est
1009 414 215 53 actus
1129 414 191 53 volun¬-

296 490 244 45 tatis,
466 490 171 45 non
564 490 268 45 teneret
759 490 219 45 ratio
905 490 244 45 contra
1051 490 268 45 Henricum.

293 565 164 44 Sed
386 565 141 44 ex
457 565 234 44 dictis
620 565 258 44 Henrici
808 565 258 44 videtur
995 565 234 44 Doctor
1136 565 187 44 tenere

289 642 239 53 primo
449 642 239 53 modo,
608 642 186 53 non
714 642 292 53 secundo
927 642 239 53 modo,
1086 642 212 53 ideo
1192 642 133 53 ra¬-

292 719 166 51 tio
387 719 238 51 contra
554 719 214 51 ipsum
673 719 190 51 tenet.

345 793 149 54 (i)
430 793 171 54 Ideo
537 793 235 54 dicitur
708 793 214 54 aliter
857 793 171 54 quod
964 793 192 54 finis
1071 793 256 54 scientiae,

297 868 200 55 etc.
422 868 251 55 Contra
598 868 175 55 hoc
698 868 251 55 arguit
873 868 351 55 Doclor.non
1124 868 200 55 negan¬-

298 943 144 54 do
370 943 192 54 quod
490 943 216 54 actus
634 943 288 54 virtutis
850 943 168 54 sit
946 943 264 54 praxis,
1138 943 168 54 cum
1210 943 120 54 se¬-

299 1019 257 53 cundum
479 1019 232 53 ipsum
634 1019 232 53 omnis
788 1019 232 53 actus
943 1019 309 53 virtutis
1149 1019 180 53 appe-

311 1095 267 53 titiVcC
505 1095 170 53 sit
602 1095 267 53 praxis;
797 1095 170 53 sed
894 1095 243 53 contra
1065 1095 170 53 hoc
1137 1095 195 53 arguit

303 1170 191 55 quod
423 1170 239 55 dicit,
590 1170 191 55 quod
709 1170 287 55 scientia
925 1170 287 55 practica
1116 1170 215 55 ordina¬-

306 1246 167 53 tur
402 1246 143 53 ad
473 1246 215 53 actum
617 1246 287 53 virtutis
832 1246 263 53 tanquam
1023 1246 143 53 ad
1095 1246 239 53 finem,
1238 1246 96 53 et

309 1325 209 50 arguit
455 1325 146 50 ibi
518 1325 63 50 :

356 1400 270 52 Contra,
553 1400 172 52 non
651 1400 221 52 omnis
798 1400 368 52 cognitionis
1068 1400 270 52 practicae

299 1475 218 53 finis
444 1475 170 53 est
541 1475 267 53 praxis,
735 1475 194 53 puta
856 1475 315 53 appetitus
1074 1475 267 53 sensitivi

302 1549 279 53 visivoe
504 1549 355 53 potentiae,
783 1549 203 53 etc.
909 1549 152 53 ut
985 1549 177 53 cum
1061 1549 279 53 imperatur

309 1626 239 54 aliqua
477 1626 215 54 visio
620 1626 120 54 a
668 1626 311 54 voluntate
907 1626 287 54 regulata
1123 1626 120 54 a
1147 1626 191 54 cogni¬-

312 1704 211 52 tione
452 1704 211 52 recta
593 1704 117 52 ;
640 1704 164 52 vel
734 1704 258 52 motivse
922 1704 329 52 potentiae,
1180 1704 141 52 ut
1227 1704 117 52 cum

308 1780 346 54 imperatur
574 1780 293 54 aliquis
787 1780 239 54 motus
947 1780 426 54 progressivus
1266 1780 80 54 a

313 1855 313 55 voluntate
554 1855 241 55 regula
722 1855 144 55 ta
794 1855 120 55 a
843 1855 337 55 cognitione
1107 1855 241 55 recta,
1252 1855 96 55 ut

310 1931 240 44 motus
470 1931 160 44 ad
550 1931 373 44 Ecclesiam.
843 1931 266 44 Nullus
1029 1931 240 44 autem
1163 1931 186 44 actus

315 2006 293 54 potentiae
541 2006 315 54 sensitiva?
788 2006 158 54 est
878 2006 270 54 nobilior
1081 2006 225 54 aliquo
1216 2006 135 54 actu

311 2083 347 53 intellectus,
593 2083 130 53 ut
658 2083 217 53 patet,
810 2083 173 53 quia
918 2083 130 53 si
983 2083 260 53 potentia
1178 2083 152 53 esL
1243 2083 108 53 es¬-

316 2159 324 54 sentialiter
576 2159 281 54 nobilior,
792 2159 130 54 et
856 2159 173 54 ejus
964 2159 259 54 operatio
1159 2159 173 54 erit
1245 2159 108 54 es¬-

321 2235 361 53 sentialiter
610 2235 313 53 nobilior.
851 2235 145 53 Et
923 2235 217 53 dicit
1044 2235 313 53 specialiter

324 2310 144 54 de
396 2310 193 54 actu
517 2310 313 54 potentiae
757 2310 361 54 inferioris,
1046 2310 193 54 quia
1166 2310 144 54 de
1215 2310 144 54 actu

327 2387 321 53 voluntatis
579 2387 206 53 patet
717 2387 137 53 ab
785 2387 183 53 ipso
900 2387 137 53 in
969 2387 229 53 quarto
1129 2387 206 53 dist.
1243 2387 115 53 49.

330 2462 184 53 quod
445 2462 161 53 est
537 2462 275 53 nobilior
743 2462 184 53 actu
858 2462 344 53 intellectus
1133 2462 115 53 ;
1179 2462 138 53 de
1225 2462 138 53 actu

331 2540 192 52 ergo
451 2540 311 52 potentia?
690 2540 335 52 sensitivae
954 2540 311 52 loquitur.
1169 2540 192 52 Potest

307 2599 151 74 A£T
394 2599 172 74 6nim
501 2599 172 74 esse
609 2599 194 74 actus
738 2599 259 74 virtutis
932 2599 129 74 in
997 2599 194 74 parte
1105 2599 259 74 sensitiva,

311 2680 269 83 ehfparteSt
522 2680 115 83 ut
580 2680 173 83 Patet
695 2680 96 83 a
734 2680 211 83 Doctore
887 2680 115 83 in
945 2680 115 83 3.
1003 2680 173 83 dist.
1118 2680 135 83 33.
1195 2680 115 83 et
1233 2680 135 83 talis

312 2764 274 61 sensitiva,
528 2764 176 61 gotus
645 2764 157 61 erit
743 2764 157 61 vere
841 2764 215 61 praxis,
998 2764 118 61 et
1057 2764 196 61 certum
1194 2764 137 61 est
1252 2764 118 61 quod

339 2848 175 53 erit
449 2848 306 53 ignobilior
689 2848 241 53 notitia
865 2848 350 53 intellectiva
1127 2848 241 53 practica;

335 2929 224 52 modo
475 2929 336 52 nobilius
727 2929 196 52 non
839 2929 280 52 potest
1036 2929 336 52 ordinari
1260 2929 112 52 ad

344 3006 337 47 ignobilius
608 3006 144 47 ut
681 3006 144 47 ad
729 3006 192 47 finem.

313 3080 165 53 5?.
408 3080 165 53 Sed
502 3080 189 53 quia
620 3080 236 53 Doctor
786 3080 236 53 dicit,
951 3080 189 53 quod
1069 3080 283 53 nobilius
1258 3080 118 53 non

319 3158 142 53 tur
400 3158 163 53 mu!-
502 3158 204 53 potest
644 3158 244 53 ordinari
827 3158 122 53 ad
889 3158 285 53 ignobilius
1112 3158 122 53 ut
1173 3158 122 53 ad
1214 3158 163 53 finem,

349 3235 257 54 propter
536 3235 164 54 hoc
629 3235 234 54 dictum
793 3235 140 54 ut
863 3235 257 54 clarius
1027 3235 351 54 intelligatur,

342 3308 346 55 distinguo
609 3308 160 55 de
689 3308 240 55 fine.
848 3308 186 55 Nam
955 3308 240 55 primo
1088 3308 293 55 accipitur

341 3385 203 53 finis
477 3385 136 53 ut
545 3385 158 53 est
635 3385 203 53 causa
771 3385 271 53 finalis,
974 3385 136 53 et
1042 3385 158 53 hic
1132 3385 226 53 potest
1268 3385 113 53 ac¬-

351 3463 187 52 cipi
468 3463 164 52 pro
561 3463 281 52 respectu
772 3463 187 52 sive
889 3463 164 52 pro
982 3463 351 52 revelatione
1240 3463 140 52 cau-

352 3539 258 51 santis,
539 3539 141 51 et
609 3539 164 51 sic
703 3539 164 51 non
797 3539 164 51 est
891 3539 234 51 semper
1055 3539 305 51 nobilior,
1266 3539 117 51 vel

353 3612 175 52 pro
453 3612 350 52 fundamento
728 3612 275 52 illius;
928 3612 150 52 et
1003 3612 200 52 tale
1103 3612 275 52 fundamen-

1368 334 189 54 tum
1476 334 324 54 secundum
1719 334 216 54 suam
1854 334 351 54 enlitatem
2097 334 297 54 aliquando

1375 412 156 52 est
1464 412 267 52 nobilius
1664 412 311 52 efficiente
1909 412 133 52 et
1975 412 245 52 effectu
2153 412 111 52 ,
2198 412 133 52 ut
2242 412 156 52 quan¬-

1371 489 159 53 do
1450 489 212 53 volo
1582 489 291 53 aliquid
1794 489 291 53 propter
2006 489 212 53 Deum
2138 489 265 53 amatum
2297 489 106 53 et

1373 564 413 53 desideratum.
1709 564 336 53 Aliquando
1967 564 232 53 aeque
2122 564 284 53 nobile,
2303 564 103 53 ut

1374 637 252 55 quando
1550 637 201 55 idem
1676 637 176 55 est
1777 637 378 55 simpliciter
2079 637 327 55 efficiens
2305 637 101 55 et

1375 713 224 52 finis,
1531 713 134 52 ut
1599 713 224 52 quando
1756 713 179 52 Deus
1868 713 269 52 producit
2069 713 269 52 effectum
2271 713 134 52 _.
2338 713 112 52 .
2361 713 67 52 J

1378 790 246 51 propter
1557 790 336 51 semetipsum.
1825 790 291 51 Aliquando
2049 790 157 51 est
2138 790 201 51 nobi-
2250 790 179 51 semper

1382 866 158 55 lior
1481 866 297 55 efficiente,
1719 866 119 55 ut
1778 866 198 55 quando
1917 866 158 55 homo
2015 866 158 55 vult
2114 866 139 55 me-
2174 866 257 55 efficiente,

1378 944 206 52 dici
1507 944 180 52 nam
1610 944 283 52 propter
1815 944 334 52 sanitatem
2072 944 283 52 amatam,
2252 944 154 52 homo

1380 1019 191 44 enim
1500 1019 143 44 in
1571 1019 143 44 se
1643 1019 167 44 est
1739 1019 287 44 nobilior
1954 1019 311 44 sanitate.
2193 1019 191 44 Dico
2288 1019 120 44 ta¬-

1380 1093 201 55 men,
1506 1093 201 55 quod
1632 1093 176 55 ubi
1732 1093 227 55 causa
1883 1093 277 55 finalis
2085 1093 176 55 est
2185 1093 201 55 alia
2286 1093 126 55 res

1378 1168 159 57 ab
1458 1168 398 57 efficiente,
1776 1168 212 57 quem
1909 1168 239 57 movet
2068 1168 159 57 ad
2148 1168 292 57 agendum
2333 1168 80 57 ,

1379 1245 286 56 quantum
1587 1245 156 56 ad
1665 1245 182 56 hoc
1769 1245 182 56 est
1873 1245 312 56 nobilior
2080 1245 338 56 efficiente,

1383 1320 344 56 distincto
1647 1320 159 56 ab
1727 1320 238 56 ipsa,
1886 1320 212 56 quia
2018 1320 238 56 movet
2177 1320 238 56 ipsum
2309 1320 106 56 ad

1381 1396 336 58 agendum,
1633 1396 196 58 nam
1745 1396 280 58 movens
1941 1396 168 58 ut
2025 1396 364 58 hujusmodi
2277 1396 140 58 est

1386 1473 296 54 nobilius
1608 1473 197 54 moto
1732 1473 148 54 ut
1781 1473 296 54 hujusmodi.

1442 1548 261 56 Secundo
1632 1548 309 56 accipitur
1870 1548 214 56 finis
2012 1548 143 56 ut
2084 1548 166 56 est
2155 1548 261 56 perfectio

1389 1624 317 55 ordinati
1626 1624 159 55 ad
1706 1624 264 55 finem,
1891 1624 159 55 et
1970 1624 185 55 hoc
2076 1624 159 55 ut
2128 1624 291 55 perfectio

1391 1704 387 52 intrinseca,
1701 1704 155 52 et
1778 1704 181 52 hoc
1881 1704 206 52 modo
2010 1704 387 52 operationes
2294 1704 129 52 po¬-

1398 1778 290 54 tentiarum
1621 1778 268 54 dicuntur
1822 1778 201 54 fines
1956 1778 246 54 illarum
2135 1778 112 54 ;
2179 1778 201 54 fines
2291 1778 134 54 dico

1397 1858 384 55 perficientes
1709 1858 240 55 ipsas,
1877 1858 144 55 et
1948 1858 168 55 sic
2044 1858 360 55 intelligere
2308 1858 120 55 est

1404 1931 166 54 finis
1514 1931 295 54 intellectus,
1754 1931 111 54 et
1810 1931 166 54 velle
1921 1931 166 54 finis
2031 1931 277 54 voluntatis,
2253 1931 166 54 Finis
2345 1931 111 54 pote

1407 2008 111 55 et
1462 2008 184 55 videre
1591 2008 166 55 finis
1702 2008 240 55 potentiae
1886 2008 221 55 visivae.
2052 2008 111 55 Et
2108 2008 129 55 ubi
2181 2008 166 55 talis
2292 2008 129 55 est
2347 2008 111 55 actu

1402 2086 190 54 finis
1529 2086 339 54 distinguitur
1804 2086 254 54 realiler
1994 2086 106 54 a
2037 2086 254 54 potentia
2227 2086 148 54 se-
2291 2086 169 54 earum.

1401 2162 274 52 eundum
1592 2162 219 52 suam
1729 2162 384 52 enlitatem,
2031 2162 192 52 est
2113 2162 329 52 ignobilior

1405 2238 305 56 potentia
1633 2238 178 56 (ut
1735 2238 254 56 patet)
1913 2238 229 56 tamen
2065 2238 254 56 semper
2243 2238 178 56 est
2319 2238 127 56 no¬-

1406 2314 248 55 bilior
1580 2314 322 55 inquantum
1827 2314 297 55 perficit
2051 2314 347 55 potentiam,
2298 2314 149 55 quia

1410 2389 329 58 perficiens
1669 2389 165 58 est
1763 2389 235 58 semper
1928 2389 282 58 nobilius
2116 2389 329 58 perfeclibili

1411 2465 145 45 ul
1483 2465 194 45 sic.
1604 2465 242 45 Potest
1774 2465 218 45 etiam
1919 2465 194 45 dici
2040 2465 290 45 nobilius
2233 2465 218 45 denomi¬-

1411 2543 285 52 natione
1619 2543 363 52 extrinseca
1904 2543 130 52 ,
1956 2543 311 52 scilicet
2164 2543 285 52 inquantum

1412 2620 198 53 unit
1536 2620 322 53 potentiam
1784 2620 372 53 nobilissimo
2082 2620 273 53 objecto
2280 2620 149 53 ut
2330 2620 124 53 co¬-

1417 2696 240 54 gnitio
1585 2696 192 54 Dei;
1706 2696 144 54 et
1778 2696 240 54 quanto
1946 2696 313 54 nobiliori
2186 2696 192 54 modo
2283 2696 168 54 unit,

1422 2773 221 49 tanto
1570 2773 320 49 nobilior,
1816 2773 148 49 ut
1890 2773 221 49 visio
2038 2773 172 49 Dei
2136 2773 148 49 in
2210 2773 172 49 se-
2284 2773 172 49 Licet

1424 2847 188 56 ergo
1541 2847 188 56 homo
1658 2847 141 56 in
1728 2847 141 56 se
1799 2847 164 56 sit
1892 2847 281 56 nobilior
2103 2847 328 56 fruitione,
2338 2847 117 56 qua

1402 2924 234 54 .clare
1565 2924 257 54 fruitur
1752 2924 187 54 Deo,
1869 2924 210 54 tamen
2010 2924 164 54 est
2103 2924 327 54 ignobilior
2337 2924 117 54 in-

1433 2997 203 75 quantum
1580 2997 258 75 perficitur
1782 2997 110 75 ab
1838 2997 110 75 ea
1893 2997 350 75 accidenlaliter,
2187 2997 110 75 et
2224 2997 258 75 fruI^)lei?n<

1424 3084 321 52 inquanlum
1671 3084 247 52 unitur
1844 3084 173 52 per
1943 3084 222 52 ipsam
2067 3084 247 52 Deitati.

1481 3161 234 52 Tertio
1644 3161 304 52 accipitur
1878 3161 187 52 fmis
1995 3161 304 52 terminati
2228 3161 140 52 ve
2298 3161 140 52 ut
2345 3161 117 52 ob¬-

1424 3236 254 53 jecta,
1601 3236 203 53 quae
1728 3236 330 53 terminant
1982 3236 381 53 operationes
2262 3236 203 53 poten¬-

1431 3312 258 53 tiarum,
1618 3312 141 53 et
1689 3312 211 53 talis
1830 3312 305 53 inquantum
2065 3312 352 53 simpliciter
2323 3312 141 53 ter¬-

1430 3388 221 55 minat
1578 3388 147 55 ut
1651 3388 319 55 hujusmodi
1897 3388 172 55 est
1995 3388 295 55 nobilior
2216 3388 147 55 re
2266 3388 196 55 termi¬-

1432 3463 207 55 nata,
1570 3463 138 55 et
1639 3463 230 55 forte,
1800 3463 184 55 quia
1915 3463 138 55 ut
1984 3463 161 55 dat
2076 3463 322 55 operationi
2306 3463 161 55 quam¬-

1430 3540 186 52 dam
1537 3540 425 52 perfectionem
1882 3540 425 52 exlrinseoam,
2228 3540 213 52 quae
2334 3540 133 52 est

1432 3614 198 53 quod
1556 3614 173 53 una
1655 3614 371 53 intellectio
1952 3614 248 53 potest
2125 3614 198 53 dici
2224 3614 248 53 nobilior
