2653 3979
127 408 213 55 alia,
269 408 189 55 quia
387 408 331 55 terminatur
647 408 142 55 ad
718 408 284 55 nobilius
907 408 260 55 objectum.

182 484 266 55 Quarto,
375 484 314 55 accipitur
617 484 169 55 pro
713 484 193 55 illo
834 484 193 55 quod
931 484 242 55 ultimate

128 557 287 57 quielat
337 557 339 57 potentiam
597 557 156 57 et
676 557 261 57 replet
832 557 339 57 capacitatem

131 633 237 55 illius,
304 633 129 55 et
368 633 151 55 sic
454 633 172 55 dico
562 633 172 55 quod
669 633 194 55 talis
798 633 194 55 finis
927 633 129 55 in
992 633 129 55 se
1035 633 129 55 ali¬-

127 708 259 55 quando
309 708 182 55 est
412 708 311 55 nobilior
646 708 311 55 potentia
880 708 156 55 ut
931 708 234 55 Deitas,

130 783 184 56 quae
245 783 161 56 est
337 783 207 56 ratio
474 783 275 56 formalis
681 783 321 56 quietandi.
911 783 253 56 Aliquando

130 861 165 55 est
225 861 329 55 ignobiiior
483 861 141 55 ut
554 861 423 55 perfectissimus
906 861 235 55 color,
1047 861 118 55 qui

132 937 289 53 ultimate
349 937 265 53 quietat
542 937 313 53 potentiam
782 937 289 53 visivam,
999 937 145 53 et
1048 937 120 53 ta¬-

135 1014 164 54 men
228 1014 164 54 est
322 1014 141 54 in
393 1014 141 54 se
463 1014 329 54 ignobilior
722 1014 211 54 illa,
863 1014 235 54 potest
1004 1014 164 54 tamen

138 1090 183 54 dici
253 1090 275 54 nobilior
459 1090 298 54 inquantum
687 1090 275 54 quietans
893 1090 137 54 et
939 1090 229 54 satians.

123 1166 136 54 9.
191 1166 250 54 Quinto,
373 1166 296 54 accipitur
601 1166 182 54 M?'s
714 1166 159 54 pro
805 1166 250 54 effectu
964 1166 205 54 causae,

126 1242 177 53 ntiam
245 1242 177 53 sicut
363 1242 237 53 diurnus,
540 1242 177 53 finis
659 1242 296 53 efficientis
895 1242 138 53 est
954 1242 217 53 producere

126 1304 178 67 taie'
245 1304 237 67 effectum
422 1304 158 67 sibi
521 1304 237 67 similem.
698 1304 118 67 Si
758 1304 257 67 efficiens
955 1304 138 67 est
1014 1304 158 67 aequi-

138 1395 240 54 vocum,
306 1395 216 54 finis
451 1395 168 54 est
547 1395 337 54 ignobilior
811 1395 120 54 ;
859 1395 144 54 si
907 1395 265 54 univocum,

140 1471 203 52 aeque
253 1471 225 52 nobilis.

190 1560 233 55 Sexto
346 1560 337 55 accipitur
605 1560 259 55 finis,
786 1560 156 55 in
864 1560 311 55 respectu
1071 1560 104 55 ad

137 1635 233 56 media
293 1635 311 56 ordinata
526 1635 156 56 ad
604 1635 441 56 acquisitionem
941 1635 233 56 illius,

139 1712 223 46 sicut
288 1712 247 46 virtus
461 1712 322 46 ordinatur
708 1712 148 46 ad
782 1712 396 46 beatitudinem
1079 1712 99 46 et

138 1786 229 57 potio
290 1786 153 57 ad
367 1786 356 57 sanitatem,
647 1786 153 57 et
723 1786 178 57 hoc
825 1786 204 57 modo
927 1786 255 57 respectu

140 1863 272 58 ejusdem
338 1863 223 58 medii
487 1863 272 58 dicetur
684 1863 297 58 nobilior
907 1863 148 58 et
956 1863 223 58 ignobi¬-

137 1937 229 57 lior.
289 1937 178 57 Nam
391 1937 331 57 inquantum
645 1937 178 57 est
747 1937 153 57 id
823 1937 153 57 ad
899 1937 203 57 quod
1001 1937 178 57 ordi¬-

138 2015 229 53 natur
290 2015 254 53 medium
468 2015 178 53 est
570 2015 331 53 nobilior,
824 2015 178 53 sed
900 2015 280 53 inquantum

142 2090 338 57 producitur
408 2090 121 57 a
456 2090 193 57 tali
577 2090 218 57 medio
722 2090 169 57 est
819 2090 363 57 ignobilior.
1084 2090 97 57 In

143 2166 156 53 se
221 2166 259 53 autem,
403 2166 156 53 si
480 2166 259 53 medium
662 2166 182 53 est
766 2166 234 53 causa
896 2166 285 53 aequivoca

146 2239 164 55 est
239 2239 305 55 nobilior;
474 2239 141 55 si
545 2239 258 55 univoca
733 2239 164 55 est
827 2239 211 55 aeque
944 2239 235 55 nobilis.

146 2316 305 52 Similiter
380 2316 188 52 dico
498 2316 141 52 de
568 2316 258 52 virtute
756 2316 282 52 respectu
943 2316 235 52 beatitu-

146 2390 227 56 dinis
297 2390 354 56 naturalis,
575 2390 202 56 ipsa
702 2390 202 56 enim
828 2390 329 56 beatitudo
1056 2390 126 56 cum

144 2455 202 57 sit
260 2455 491 57 principaliter
664 2455 260 57 bonum
837 2455 318 57 commodi
1040 2455 144 57 est

148 2530 329 58 ignobilior
407 2530 259 58 virtute
596 2530 118 58 >
643 2530 188 58 quae
760 2530 400 58 principaliter
1066 2530 118 58 est

148 2606 227 54 bonum
299 2606 303 54 honesti.
526 2606 177 54 Hoc
627 2606 227 54 patet
778 2606 126 54 a
829 2606 277 54 Doctore
1031 2606 151 54 in
1081 2606 101 54 2.

152 2681 207 49 dist.
290 2681 161 49 35.
382 2681 138 49 et
451 2681 138 49 in
520 2681 138 49 4.
589 2681 207 49 dist.
727 2681 161 49 46.
819 2681 207 49 tamen
957 2681 161 49 est
1026 2681 161 49 imbi¬-

149 2757 177 58 bor
250 2757 328 58 inquantum
502 2757 253 58 virtus
679 2757 328 58 ordinatur
932 2757 152 58 ad
982 2757 202 58 illam,

155 2832 132 58 et
221 2832 154 58 sic
309 2832 198 58 patet
441 2832 132 58 de
507 2832 176 58 fine
617 2832 110 58 ;
661 2832 198 58 licet
792 2832 198 58 multa
924 2832 176 58 alia
1012 2832 176 58 essent

151 2906 318 57 dicenda,
390 2906 186 57 sed
496 2906 186 57 pro
602 2906 212 57 nunc
735 2906 371 57 sufficiant
1000 2906 186 57 ista.

151 2980 281 57 Certum
348 2980 197 57 est
460 2980 281 57 autem,
656 2980 225 57 quod
797 2980 253 57 actus
937 2980 253 57 moralis

153 3059 152 59 in
229 3059 228 59 parte
380 3059 329 59 sensitiva
633 3059 228 59 nullo
785 3059 278 59 istorum
962 3059 228 59 modorum

156 3134 246 60 potest
329 3134 197 60 dici
452 3134 246 60 finis;
624 3134 197 60 tota
747 3134 197 60 enim
870 3134 320 60 rectitudo
1092 3134 98 60 in

157 3210 227 58 illo,
308 3210 303 58 dependet
536 3210 126 58 a
586 3210 379 58 rectitudine
864 3210 329 58 cognitionis

137 3292 259 50 practicae.

213 3371 149 61 (k)
298 3371 255 61 Dicitur,
489 3371 170 61 quod
596 3371 191 61 licet
723 3371 319 61 intellectio
978 3371 170 61 sit.
1063 3371 128 61 etc.

162 3445 235 56 Contra
326 3445 164 56 hoc
420 3445 352 56 dupliciter.
701 3445 188 56 Ilie
819 3445 235 56 Doctor
959 3445 235 56 improbat

155 3519 219 60 hanc
291 3519 465 60 responsionem.
674 3519 273 60 Primo,
865 3519 219 60 quia
974 3519 219 60 falsum

135 3596 123 60 '
185 3596 370 60 supponitur;
480 3596 345 60 supponitur
751 3596 222 60 enim,
899 3596 197 60 quod
998 3596 197 60 intel¬-

161 3673 240 58 lectio
329 3673 289 58 practica
546 3673 168 58 non
642 3673 240 58 possit
810 3673 192 58 esse
930 3673 192 58 bona
1027 3673 168 58 mora-

1219 412 234 55 liler.
1383 412 164 55 Nam
1476 412 188 55 ipsa
1594 412 258 55 notitia
1781 412 164 55 est
1875 412 305 55 rectitudo
2109 412 117 55 a
2133 412 117 55 qua

1219 487 294 53 dependet
1440 487 221 53 omnis
1587 487 221 53 actus
1734 487 294 53 moralis,
1955 487 147 53 et
2028 487 172 53 hoc
2102 487 147 53 dif¬-

1216 562 179 58 fuse
1328 562 246 58 patebit
1507 562 112 58 a
1552 562 246 58 Doctore
1731 562 202 58 infra
1865 562 202 58 dist.
2000 562 157 58 17.
2067 562 179 58 hujus,

1219 639 128 45 et
1283 639 128 45 in
1347 639 192 45 dist.
1475 639 128 45 7.
1539 639 128 45 et
1604 639 150 45 40.
1689 639 128 45 et
1753 639 150 45 42.
1839 639 128 45 et
1903 639 128 45 in
1967 639 214 45 tertio
2095 639 150 45 dist.

1216 714 151 56 33.
1302 714 129 56 et
1366 714 129 56 in
1431 714 215 56 quarto
1581 714 194 56 dist.
1710 714 151 56 14.
1796 714 129 56 et
1861 714 194 56 alibi
1968 714 172 56 srepe.

1268 792 391 54 Confirmatur,
1585 792 195 54 quia
1707 792 317 54 prudentia
1951 792 171 54 est
2024 792 220 54 simpli¬-

1217 868 197 52 citer
1348 868 262 52 nobilior
1545 868 240 52 virtute
1720 868 240 52 morali,
1894 868 131 52 ut
1960 868 197 52 talis
2069 868 175 52 virtus

1217 945 168 56 est
1313 945 144 56 in
1385 945 288 56 appetitu
1601 945 312 56 sensitivo
1841 945 120 56 ;
1889 945 240 56 patet,
2057 945 192 56 quia
2153 945 96 56 et

1215 1021 283 55 potentia
1427 1021 377 55 intellectiva
1734 1021 165 55 est
1828 1021 353 55 simpliciter
2087 1021 165 55 nobi¬-

1217 1095 207 53 lior,
1355 1095 184 53 ergo
1470 1095 207 53 sicut
1607 1095 253 53 habitus
1791 1095 161 53 est
1883 1095 275 53 nobilior
2066 1095 184 53 forma-

1219 1169 202 57 liter
1353 1169 179 57 alio
1465 1169 247 57 habitu,
1645 1169 157 57 ita
1734 1169 135 57 et
1802 1169 224 57 actus,
1959 1169 179 57 sive
2048 1169 202 57 praece¬-

1220 1247 207 56 dens
1349 1247 284 56 habitum
1556 1247 207 56 sive
1685 1247 284 56 sequens
1892 1247 207 56 erit
1996 1247 258 56 nobilior

1223 1324 183 54 actu
1337 1324 274 54 alterius
1543 1324 252 54 habitus
1726 1324 114 54 ;
1772 1324 183 54 ergo
1886 1324 206 54 actus
2001 1324 252 54 practicus

1224 1398 215 55 etiam
1367 1398 143 55 in
1439 1398 191 55 esse
1558 1398 215 55 moris
1701 1398 191 55 erit
1820 1398 358 55 simpliciter
2082 1398 167 55 nobi¬-

1221 1474 196 54 lior
1344 1474 196 54 actu
1467 1474 295 54 virtutis
1688 1474 147 54 in
1762 1474 221 54 parte
1909 1474 344 54 sensitiva.
2155 1474 98 54 An

1224 1549 187 59 modo
1341 1549 304 59 prudentia
1575 1549 164 59 sit
1669 1549 281 59 nobilior
1879 1549 258 59 virtute
2043 1549 211 59 morali,

1225 1626 141 57 ut
1295 1626 258 57 ponitur
1482 1626 141 57 in
1553 1626 328 57 voluntate,
1811 1626 164 57 non
1904 1626 164 57 est
1975 1626 281 57 praesentis

1226 1702 398 58 speculationis
1553 1702 117 58 ;
1600 1702 234 58 posset
1764 1702 211 58 tamen
1905 1702 281 58 absolute
2092 1702 164 58 dici,

1227 1777 197 53 quod
1350 1777 246 53 virtus
1522 1777 270 53 moralis
1719 1777 148 53 in
1793 1777 320 53 voluntate
2039 1777 172 53 est
2112 1777 148 53 sim¬-

1228 1853 275 54 pliciter
1434 1853 275 54 nobilior
1641 1853 321 54 prudentia,
1893 1853 206 54 licet
2031 1853 206 54 forte
2145 1853 115 54 se¬-

1229 1929 264 60 cundum
1414 1929 211 60 quid
1546 1929 264 60 posset
1731 1929 211 60 dici
1863 1929 370 60 ignobilior
2127 1929 132 60 pro

1227 2006 258 55 quanto
1408 2006 284 55 dicitur
1615 2006 284 55 moralis
1822 2006 129 55 ,
1873 2006 207 55 quia
1977 2006 284 55 conformis

1231 2082 350 57 prudentiae,
1510 2082 140 57 de
1580 2082 186 57 lioc
1697 2082 140 57 in
1767 2082 186 57 isto
1883 2082 210 57 primo
2023 2082 210 57 dist.
2139 2082 117 57 17.

1233 2158 134 49 et
1300 2158 134 49 in
1367 2158 246 49 quarto,
1546 2158 201 49 dist.
1657 2158 112 49 49.

1281 2230 181 57 (1)
1385 2230 155 57 Ex
1462 2230 181 57 hoc
1566 2230 259 57 palet,
1747 2230 207 57 quod
1877 2230 285 57 dictare
2058 2230 207 57 secun¬-

1227 2310 197 55 dum
1339 2310 394 55 prudentiam
1649 2310 169 55 de
1733 2310 338 55 fortiter
1987 2310 281 55 agere,
2155 2310 113 55 id

1231 2385 172 59 est
1330 2385 295 59 cognitio
1551 2385 197 59 quae
1674 2385 246 59 dictat
1846 2385 148 59 de
1920 2385 295 59 fortiter
2116 2385 148 59 age¬-

1230 2460 144 59 re
1302 2460 144 59 in
1374 2460 312 59 potentia,
1614 2460 240 59 supple
1782 2460 312 59 sensitiva
2022 2460 144 59 ut
2094 2460 144 59 in
2142 2460 120 59 po¬-

1232 2536 253 56 tentia
1409 2536 253 56 motiva
1586 2536 126 56 ,
1636 2536 177 56 est
1737 2536 379 56 simpliciter
2015 2536 253 56 nobilior

1233 2612 202 60 quam
1359 2612 303 60 fortiter
1586 2612 252 60 agere,
1763 2612 202 60 quia
1889 2612 303 60 fortiter
2090 2612 177 60 agere

1231 2689 181 58 non
1335 2689 181 58 est
1438 2689 233 58 bonum
1594 2689 363 58 moraliter,
1879 2689 207 58 nisi
2009 2689 181 58 pro
2087 2689 181 58 quan¬-

1231 2765 168 53 to
1315 2765 196 53 sit
1427 2765 364 53 imperatum
1707 2765 140 53 a
1764 2765 364 53 voluntate
2016 2765 252 53 confor-

1236 2840 211 55 miter
1376 2840 141 55 se
1446 2840 258 55 habente
1634 2840 187 55 illi
1751 2840 328 55 cognitioni
1985 2840 281 55 diclativae

1240 2913 144 59 de
1312 2913 288 59 fortiter
1528 2913 216 59 agere
1672 2913 120 59 ;
1720 2913 144 59 et
1792 2913 192 59 ideo
1912 2913 216 59 actus
2032 2913 240 59 perfecte

1238 2992 277 46 moralis
1440 2992 151 46 et
1515 2992 277 46 formali
1717 2992 177 46 ter
1818 2992 277 46 moralis
2020 2992 177 46 est
2095 2992 177 46 actus

1242 3067 275 54 elicitus
1448 3067 344 54 voluntatis,
1723 3067 160 54 qui
1815 3067 252 54 dicitur
1998 3067 252 54 formali
2158 3067 115 54 ter

1238 3142 302 52 moralis;
1465 3142 202 52 quia
1591 3142 227 52 primo
1742 3142 378 52 conformiler
2019 3142 252 52 elicitur

1244 3219 312 53 cognitioni
1489 3219 245 53 rectae,
1667 3219 178 53 quae
1779 3219 334 53 conformitas
2046 3219 156 53 est
2113 3219 156 53 ratio

1241 3294 220 54 actus
1387 3294 294 54 moralis,
1607 3294 147 54 ut
1681 3294 220 54 infra
1828 3294 269 54 patebit
2023 3294 220 54 dist.
2146 3294 122 54 16;

1240 3370 221 53 actus
1388 3370 197 53 vero
1511 3370 295 53 moralis,
1732 3370 148 53 in
1806 3370 295 53 potentia
2003 3370 270 53 sensitiva

1242 3445 277 54 dicitur
1443 3445 252 54 tantum
1619 3445 402 54 materialiter
1946 3445 277 54 moralis
2147 3445 126 54 ,
2172 3445 101 54 de

1246 3522 156 51 quo
1335 3522 246 51 patebit
1514 3522 134 51 in
1581 3522 246 51 secundo
1760 3522 201 51 dist.
1894 3522 156 51 42.
1983 3522 134 51 et
2050 3522 134 51 in
2095 3522 179 51 tertio

1245 3598 206 53 dist.
1382 3598 160 53 34.
1474 3598 160 53 et.
1565 3598 137 53 in
1633 3598 137 53 4.
1702 3598 206 53 dist.
1839 3598 160 53 14.
1930 3598 137 53 et
1999 3598 137 53 in
2045 3598 228 53 Quoli').

1243 3673 217 59 dist.
1387 3673 169 59 17.
1484 3673 144 59 et
1556 3673 169 59 18.
1652 3673 144 59 Et
1724 3673 193 59 quia
1845 3673 217 59 dicit
1989 3673 241 59 Doctor
2134 3673 144 59 quod
