2624 3979
288 310 418 60 circumstantia
633 310 148 60 ex
706 310 270 60 genere,
903 310 148 60 id
977 310 172 60 esi
1075 310 197 60 quod
1173 310 148 60 illa

287 386 337 62 principia
546 386 311 62 pradica,
780 386 207 62 sive
909 386 311 62 cognitio
1117 386 207 62 talium

289 463 392 60 principiorum
608 463 196 60 quae
731 463 245 60 dictat
902 463 245 60 praxim
1074 463 196 60 esse
1172 463 147 60 eli¬-

287 541 272 52 ciendam
485 541 173 52 cum
584 541 222 52 aliis
732 541 469 52 circumstantiis,
1102 541 222 52 praeter

288 617 453 57 circumstantiam
665 617 151 57 ex
741 617 277 57 genere,
942 617 201 57 quod
1068 617 227 57 talis
1194 617 126 57 co¬-

287 687 258 60 gnitio
468 687 258 60 semper
648 687 284 60 sumitur
855 687 129 60 a
906 687 232 60 fine.
1061 687 181 60 Nam
1138 687 181 60 prae-

285 767 346 55 supposita
551 767 452 55 circumstantia
923 767 159 55 ex
1003 767 266 55 genere
1163 767 159 55 quae

287 840 181 55 est
391 840 440 55 circumstantia
753 840 285 55 objecti
960 840 285 55 debiti,
1142 840 181 55 prima

286 914 400 58 circumstantia
616 914 235 58 saltem
781 914 306 58 primitate
993 914 329 58 perfectionis

287 991 138 56 et
356 991 368 56 intentionis,
655 991 161 56 est
747 991 391 56 circumstantia
1069 991 230 56 finis;
1207 991 115 56 lo¬-

280 1065 306 63 quendo
495 1065 245 63 ergo
648 1065 184 63 de
740 1065 245 63 actu
893 1065 245 63 bono
1016 1065 306 63 secundum

282 1143 266 62 genus,
468 1143 186 62 sic
575 1143 319 62 objectum
814 1143 186 62 est
893 1143 425 62 circumstantia,

282 1221 181 59 imo
386 1221 233 59 prima
541 1221 467 59 circumstantia.
930 1221 181 59 Sed
1008 1221 311 59 praesuppo-

288 1295 184 57 sita
403 1295 184 57 ista
518 1295 390 57 circumstantia
839 1295 138 57 et
908 1295 275 57 loquendo
1114 1295 138 57 de
1160 1295 161 57 aliis

283 1373 480 57 circumstantiis,
687 1373 303 57 objectum
915 1373 177 57 non
1016 1373 177 57 est
1092 1373 227 57 circum¬-

281 1449 311 56 stantia,
515 1449 156 56 ut
592 1449 259 56 patet.
774 1449 311 56 Sequitur
1008 1449 130 56 :
1060 1449 208 56 Alio
1163 1449 156 56 modo

280 1526 373 56 accipiendo
574 1526 240 56 actum
734 1526 213 56 nude
867 1526 187 56 sic
973 1526 320 56 objectum
1187 1526 133 56 est

282 1601 455 56 circumstantia,
661 1601 152 56 id
737 1601 177 56 est
838 1601 202 56 quod
964 1601 227 56 actus
1116 1601 152 56 ut
1166 1601 152 56 nude

282 1678 429 56 consideratus,
635 1678 177 56 est
736 1678 227 56 primo
863 1678 455 56 circumstanliona-

279 1755 218 56 bilis
424 1755 412 56 circumstantia
763 1755 291 56 objecti,
981 1755 194 56 ista
1102 1755 194 56 enim
1199 1755 121 56 est

281 1832 362 58 simpliciter
570 1832 217 58 prima
715 1832 145 58 et
787 1832 338 58 necessario
1029 1832 289 58 praesuppo-

277 1909 240 51 nitur
437 1909 294 51 omnibus
651 1909 267 51 aliis;
838 1909 160 51 si
918 1909 213 51 enim
1051 1909 240 51 actus
1185 1909 133 51 non

279 1984 346 56 transiret
546 1984 240 56 super
705 1984 293 56 debitum
919 1984 346 56 objectum,
1158 1984 160 56 nun¬-

280 2059 207 58 quam
410 2059 259 58 posset
591 2059 207 58 esse
721 2059 311 58 perfecte
954 2059 311 58 moralis,
1161 2059 156 58 qua¬-

283 2138 249 56 cumque
458 2138 200 56 alia
582 2138 424 56 circumstantia
907 2138 224 56 posita.

331 2213 156 52 Ex
409 2213 182 52 hoc
513 2213 285 52 videtur
720 2213 363 52 antecedens
980 2213 337 52 improbatum,

278 2288 314 56 videlicet
520 2288 193 56 quod
640 2288 314 56 principia
882 2288 290 56 praefica
1100 2288 193 56 sive
1196 2288 121 56 co¬-

277 2363 242 59 gnitio
446 2363 242 59 talium
616 2363 242 59 semper
786 2363 267 59 sumitur
980 2363 121 59 a
1028 2363 218 59 fine,
1149 2363 170 59 patet

277 2440 170 55 hoc
374 2440 194 55 esse
495 2440 266 55 falsum,
688 2440 242 55 quando
858 2440 291 55 cognitio
1052 2440 266 55 simplici¬-

279 2519 173 53 ter
378 2519 223 53 didat
527 2519 148 53 de
601 2519 223 53 prima
749 2519 420 53 circumstantia
1095 2519 198 53 quae
1194 2519 124 53 est

278 2593 410 56 circumstantia
616 2593 290 56 objecti,
833 2593 217 56 talis
978 2593 193 56 enim
1075 2593 241 56 cognitio

274 2670 273 57 sumitur
473 2670 149 57 ab
548 2670 298 57 objecto,
771 2670 199 57 quia
895 2670 298 57 objectum
1094 2670 224 57 dicitur

274 2748 235 55 prius
431 2748 339 55 quocumque
692 2748 235 55 alio,
848 2748 157 55 et
926 2748 183 55 per
1005 2748 313 55 consequens

275 2823 212 56 prima
417 2823 283 56 dictatio
629 2823 165 56 est
723 2823 118 56 a
770 2823 400 56 circumstantia
1076 2823 236 56 objecti;

277 2898 328 57 objectum
523 2898 219 57 enim
660 2898 301 57 causans
878 2898 410 57 partialiter
1179 2898 137 57 ta¬-

268 2974 175 54 lem
368 2974 324 54 notitiam,
617 2974 175 54 dat
717 2974 150 54 ei
792 2974 225 54 illam
942 2974 374 54 aplitudinem
1216 2974 100 54 ad

263 3054 389 52 revelandum
569 3054 167 52 de
652 3054 250 52 prima
818 3054 500 52 circumstantia,
1207 3054 111 52 et

271 3132 195 50 patet
380 3132 216 50 littera.

621 3273 319 38 SGHOLIUM.

328 3407 255 48 Quoad
498 3407 340 48 secundam
753 3407 425 48 quaestionem
1064 3407 255 48 positam

271 3472 200 47 num.
396 3472 150 47 2.
471 3472 225 47 tenet
621 3472 375 47 cognitionem
921 3472 175 47 non
1021 3472 200 47 dici
1121 3472 200 47 praeb¬-

271 3534 179 49 eam
374 3534 154 49 ex
451 3534 256 49 ordine
630 3534 154 49 ad
707 3534 256 49 praxim
886 3534 154 49 ut
963 3534 154 49 ad
1040 3534 256 49 finem,
1194 3534 128 49 sed

277 3600 204 40 habet
414 3600 318 40 relationem
663 3600 386 40 conformitatis
981 3600 159 40 seu
1049 3600 273 40 rectitudi¬

1374 305 162 49 nem
1466 305 139 49 ab
1536 305 277 49 objecto,
1743 305 139 49 et
1813 305 323 49 relationem
2067 305 346 49 prioritatis
2321 305 92 49 ex

1372 368 232 50 ordine
1534 368 371 50 potentiarum,
1835 368 139 50 et
1904 368 185 50 quod
2020 368 278 50 cognitio
2206 368 208 50 confor¬-

1373 431 165 51 mis
1468 431 165 51 sit
1562 431 236 51 prior,
1728 431 213 51 habet
1870 431 213 51 simul
2011 431 142 51 ex
2082 431 236 51 ordine
2224 431 189 51 poten¬-

1373 497 238 48 tiarum,
1547 497 130 48 ex
1612 497 238 48 objecto
1785 497 130 48 et
1850 497 238 48 ratione
2024 497 282 48 potentiae
2219 497 195 48 practi-

1374 560 213 49 cantis
1523 560 149 49 (id
1608 560 170 49 est,
1714 560 298 49 voluntatis
1948 560 234 49 aliunde
2097 560 319 49 regulabitis).

1371 622 173 50 Nam
1470 622 149 50 si
1545 622 297 50 objectum
1767 622 347 50 determinet
2040 622 149 50 ad
2089 622 322 50 cognitionem

1377 689 368 48 rectitudinis
1676 689 207 48 prius
1814 689 345 48 naturaliter
2091 689 184 48 quam
2183 689 230 48 voluntas

1372 753 231 47 velit,
1534 753 139 47 et
1603 753 185 47 haec
1718 753 162 47 sit
1811 753 346 47 regulabitis
2088 753 185 47 illa
2180 753 231 47 cognitio

1373 815 300 49 praecedit
1603 815 230 49 praxim
1765 815 138 49 et
1834 815 207 49 juxta
1972 815 161 49 eam
2064 815 300 49 dirigenda
2272 815 138 49 est.

1374 878 177 49 Quod
1484 878 133 49 si
1551 878 287 49 rectitudo
1771 878 221 49 illius
1926 878 331 49 cognitionis
2169 878 243 49 dependeat

1372 941 130 49 ab
1437 941 173 49 actu
1545 941 325 49 voluntatis,
1805 941 173 49 erit
1913 941 346 49 contingenter
2173 941 238 49 practica,

1371 1006 242 47 potens
1540 1006 169 47 non
1637 1006 193 47 esse
1758 1006 242 47 recta,
1927 1006 169 47 sed
2023 1006 193 47 erit
2120 1006 290 47 necessario

1371 1067 401 41 determinativa
1702 1067 377 41 rectitudinis
2008 1067 189 41 illi
2126 1067 307 41 voluntati
2338 1067 71 41 a

1371 1133 169 49 qua
1467 1133 169 49 non
1564 1133 314 49 dependet,
1805 1133 145 49 ut
1877 1133 145 49 in
1950 1133 265 49 exemplo
2143 1133 145 49 de
2191 1133 217 49 colendo

1371 1198 197 39 Deum
1495 1198 148 39 in
1544 1198 345 39 Eucharistia.

1424 1308 173 63 Ex
1511 1308 201 63 hoc
1626 1308 259 63 patet
1798 1308 201 63 (a)
1913 1308 316 63 solutio
2114 1308 288 63 secundae

1371 1384 363 58 quaestionis
1661 1384 363 58 propositae,
1952 1384 218 58 cujus
2097 1384 218 58 teneo
2218 1384 218 58 Relatio

1367 1463 267 61 partem
1554 1463 374 61 negativam;
1848 1463 187 61 sed
1955 1463 267 61 primam
2115 1463 321 61 pnoritatid

1371 1536 347 57 relationem,
1649 1536 278 57 scilicet
1857 1536 394 57 conformitatem
2181 1536 278 57 mitatis.
2367 1536 69 57 i

1362 1613 276 64 habet
1546 1613 214 64 per
1669 1613 184 64 se
1761 1613 184 64 ab
1853 1613 368 64 objecto,
2128 1613 245 64 quod
2251 1613 153 64 vel

1365 1690 191 62 est
1474 1690 356 62 rectitudo
1748 1690 274 62 praxis
1939 1690 191 62 vel
2048 1690 301 62 aliquid
2240 1690 164 62 vir-

1362 1765 348 63 tualiter
1623 1765 377 63 includens
1913 1765 261 63 ipsam
2058 1765 348 63 rectitudi¬-

1364 1842 231 64 nem,
1509 1842 173 64 et
1595 1842 231 64 ideo
1740 1842 404 64 cognitioni
2057 1842 231 64 illi
2173 1842 231 64 praxis

1364 1918 197 64 est
1476 1918 478 64 conformabilis
1870 1918 169 64 ut
1954 1918 197 64 sit
2067 1918 281 64 recta,
2235 1918 169 64 quia

1364 1995 344 62 cognitio
1623 1995 201 62 est
1737 1995 258 62 talis
1881 1995 287 62 cogniti.

1423 2071 190 61 Sed
1532 2071 163 61 de
1613 2071 190 61 (b)
1722 2071 218 61 alia
1858 2071 381 61 relatione,
2130 2071 272 61 scilicet

1362 2146 173 61 de
1449 2146 404 61 prioritate
1767 2146 202 61 est
1882 2146 318 61 dubium,
2113 2146 231 61 unde
2229 2146 173 61 con¬-

1362 2223 307 64 veniat
1577 2223 460 64 cognitioni.
1945 2223 245 64 Dico
2098 2223 245 64 quod
2221 2223 184 64 pra¬-

1360 2299 222 64 xim
1487 2299 444 64 necessario
1836 2299 475 64 naturaliter
2184 2299 222 64 prae¬-

1362 2372 268 63 cedit
1541 2372 298 63 aliqua
1750 2372 388 63 cognitio,
2048 2372 268 63 sicut
2197 2372 209 63 patet

1361 2450 185 60 ex
1454 2450 185 60 1.
1546 2450 246 60 ari.
1700 2450 185 60 et
1792 2450 369 60 secundum
2069 2450 246 60 hoc,
2192 2450 215 60 praxi

1361 2523 370 64 convenit
1639 2523 555 64 posterioritas,
2101 2523 185 64 et
2162 2523 247 64 cogni¬-

1366 2600 254 63 tioni
1535 2600 254 63 prior
1704 2600 197 63 ita
1817 2600 169 63 s,
1901 2600 169 63 ex
1986 2600 310 63 ratione
2183 2600 226 63 poten¬-

1359 2676 339 51 tiarum
1596 2676 508 51 ordinatarum
1969 2676 440 51 naturaliter

1362 2753 179 61 in
1452 2753 328 61 agendo,
1690 2753 358 61 scilicet
1959 2753 447 61 intellectus
2287 2753 119 61 et

1364 2824 402 75 voluntatis.
1686 2824 188 75 Sed
1793 2824 188 75 non
1900 2824 268 75 semper
2088 2824 214 75 ista
2195 2824 241 75 i$Xd°i0

1367 2891 356 73 intellectio
1652 2891 214 73 prior
1795 2891 166 73 est
1890 2891 309 73 practica,
2127 2891 166 73 sed
2199 2891 238 73 dicaturi

1359 2982 326 60 tantum
1588 2982 326 60 quando
1816 2982 228 60 est
1914 2982 489 60 determinativa

1365 3058 447 62 rectitudinis
1728 3058 335 62 respectu
1980 3058 279 62 ipsius
2148 3058 252 62 praxis,

1362 3135 173 60 et
1449 3135 202 60 hoc
1564 3135 202 60 vel
1680 3135 405 60 formaliter
1998 3135 202 60 vel
2114 3135 260 60 Wrtua
2258 3135 145 60 li¬-

1359 3211 253 62 ter.
1518 3211 316 62 Quando
1739 3211 285 62 autem
1929 3211 190 62 in
1992 3211 411 62 apprehensi¬-

1364 3286 207 62 one
1483 3286 326 62 praevia
1720 3286 267 62 nulla
1898 3286 207 62 est
1986 3286 415 62 determinatio

1364 3361 338 50 formalis
1617 3361 197 50 vel
1730 3361 366 50 virtualis
2011 3361 169 50 de
2067 3361 338 50 rectitudi¬-

1364 3438 173 62 ne
1451 3438 317 62 praxis,
1681 3438 259 62 licet
1854 3438 202 62 ibi
1969 3438 202 62 sit
2055 3438 346 62 prioritas,

1363 3514 292 54 tamen
1557 3514 260 54 tunc
1720 3514 357 54 deficit
1947 3514 455 54 conformitas,

1370 3588 231 64 quia
1514 3588 231 64 ipsa
1658 3588 202 64 non
1774 3588 202 64 est
1889 3588 202 64 cui
2004 3588 288 64 debeat
2177 3588 231 64 praxis
