2624 3979
247 358 318 58 tingenter
491 358 147 58 el
565 358 416 58 delerminaliva
907 358 269 58 praxis,
1103 358 147 58 et
1152 358 122 58 hoc

239 434 336 56 loquendo
491 434 168 56 de
575 434 392 56 intellectu
883 434 168 56 in
967 434 308 56 communi
1163 434 112 56 et

240 511 345 53 voluntate
506 511 159 53 in
585 511 318 53 communi,
824 511 212 53 quia
957 511 186 53 hoc
1063 511 186 53 non
1142 511 133 53 est

236 583 259 58 verum
409 583 173 58 de
495 583 374 58 quocumque
783 583 403 58 intellectu
1100 583 173 58 et
1158 583 115 58 de

241 660 320 58 quacumque
487 660 345 58 voluntate.
758 660 172 58 Nam
857 660 221 58 talis
1004 660 271 58 notitia
1177 660 98 58 ut

243 737 168 50 est
339 737 144 50 in
411 737 336 50 intellectu
675 737 264 50 humano,
867 737 264 50 dicitur
1059 737 216 50 recta
1179 737 96 50 et

244 813 383 55 conformativa
555 813 240 55 praxis
723 813 335 55 elicienda;
987 813 120 55 a
1011 813 263 55 voluntate

242 887 147 57 in
316 887 221 57 eodem
463 887 344 57 supposito;
734 887 147 57 ut
807 887 196 57 vero
930 887 221 57 talis
1053 887 221 57 notitia

248 963 164 49 est
341 963 140 49 in
411 963 328 49 intellectu
669 963 257 49 divino,
856 963 164 49 non
949 963 257 49 dicitur
1113 963 164 49 dire-

247 1045 205 53 ctiva
384 1045 319 53 voluntatis
634 1045 251 53 divinae
817 1045 137 53 in
885 1045 251 53 praxirn
1044 1045 228 53 elicien¬-

244 1120 180 56 dam
347 1120 154 56 ab
424 1120 232 56 ipsa,
579 1120 257 56 patet,
759 1120 206 56 quia
888 1120 206 56 lota
991 1120 283 56 rectitudo

246 1195 384 59 praeceptorum
558 1195 288 59 secundae
774 1195 264 59 tabula;
965 1195 168 59 est
1061 1195 120 59 a
1085 1195 192 59 deter¬-

243 1272 320 52 minatione
490 1272 271 52 divinae
687 1272 370 52 voluntatis,
958 1272 320 52 praecedente

247 1348 387 58 cognitionem
557 1348 258 58 talium
738 1348 439 58 praeceptorum,
1099 1348 155 58 et
1151 1348 129 58 sic

251 1426 200 53 palet
384 1426 244 53 littera
539 1426 244 53 vectoris.

609 1548 157 36 SC
661 1548 235 36 MOLIUM.

289 1697 235 49 Quoad
445 1697 261 49 primam
628 1697 391 49 quaestionem
941 1697 235 49 ponit
1071 1697 209 49 primam

242 1760 347 49 sententiam
515 1760 297 49 Henrioi,
737 1760 198 49 quae
861 1760 223 49 tenet
985 1760 297 49 Theologiam

245 1825 270 49 absolute
448 1825 180 49 esse
561 1825 383 49 speculativam,
876 1825 180 49 quia
988 1825 203 49 actus
1101 1825 180 49 volun¬-

245 1887 194 52 tatis
375 1887 151 52 quo
461 1887 130 52 se
526 1887 173 52 unit
634 1887 173 52 fini
742 1887 324 52 Theologiae,
1001 1887 130 52 et
1066 1887 151 52 non
1131 1887 151 52 indi¬-

247 1950 169 52 get
343 1950 193 52 ulla
464 1950 361 52 directione,
752 1950 169 52 sed
849 1950 241 52 tantum
993 1950 289 52 ostensione

247 2015 276 51 objecti,
454 2015 184 51 quia
569 2015 161 51 non
661 2015 230 51 potest
822 2015 230 51 errare
983 2015 207 51 circa
1098 2015 184 51 finem,

251 2079 202 48 licet
385 2079 202 48 actus
520 2079 202 48 circa
654 2079 202 48 media
789 2079 314 48 directione
1013 2079 269 48 indigeant,

251 2144 176 51 quia
361 2144 132 51 in
427 2144 154 51 eis
515 2144 220 51 errari
669 2144 242 51 potest.
844 2144 176 51 Hanc
954 2144 242 51 refutat
1108 2144 176 51 Doctor

247 2208 285 49 ducendo
455 2208 311 49 rationem
688 2208 208 49 ejus
818 2208 156 49 ad
896 2208 337 49 oppositum
1129 2208 156 49 qua-

252 2272 366 49 drupliciter,
550 2272 137 49 et
618 2272 206 49 clare
756 2272 229 49 solvit
916 2272 183 49 ejus
1007 2272 275 49 argumenta.

305 2406 214 61 His
428 2406 275 61 visis
611 2406 245 61 (a),
764 2406 489 61 respondendum
1131 2406 153 61 est

242 2483 195 62 ad
340 2483 325 62 primam
568 2483 521 62 quaestionem,
991 2483 228 62 ubi
1089 2483 195 62 sunt

244 2559 347 61 quinque
497 2559 252 61 viae
654 2559 378 61 tenentes
938 2559 315 61 partem
1127 2559 158 61 ne¬-

245 2634 317 64 gativam
476 2634 462 64 quaestionis.
851 2634 202 64 Una
967 2634 289 64 dicit,
1140 2634 144 64 sic

243 2710 429 62 declarando
580 2710 153 62 :
642 2710 306 62 Duplex
856 2710 214 62 est
979 2710 276 62 actus
1132 2710 153 62 vo¬-

245 2786 387 62 luntatis,
543 2786 238 62 unus
691 2786 416 62 perficiens
989 2786 297 62 volunta¬-

247 2860 238 64 tem,
396 2860 267 64 alius
574 2860 208 64 qui
693 2860 416 64 perficitur
1020 2860 149 64 a
1049 2860 238 64 volun¬-

243 2940 293 60 tate.
439 2940 326 60 Primus
667 2940 293 60 actus
862 2940 228 60 est
960 2940 326 60 respectu

245 3012 282 64 finis,
442 3012 169 64 et
527 3012 197 64 est
639 3012 338 64 operatio
893 3012 338 64 perfecta
1118 3012 169 64 quam

247 3090 246 61 intra
411 3090 164 61 se
493 3090 329 61 voluntas
739 3090 301 61 elicit,
958 3090 164 61 et
1041 3090 192 61 qua
1123 3090 164 61 fini

246 3167 298 51 ultimo
455 3167 179 51 se
544 3167 268 51 unit.
723 3167 358 51 Secundus
991 3167 268 51 actus
1140 3167 149 51 est

245 3241 367 65 respectu
521 3241 275 65 eorum
704 3241 367 65 quaesunt
979 3241 183 65 ad
1040 3241 245 65 finem,

241 3318 246 61 unde
395 3318 216 61 est
518 3318 277 61 actio
703 3318 277 61 bona,
888 3318 216 61 qua
980 3318 308 61 voluntas

246 3395 261 54 extra
420 3395 174 54 se
507 3395 174 54 in
594 3395 261 54 aliud
768 3395 319 54 tendit,
1000 3395 261 54 sicut
1145 3395 145 54 est

250 3470 374 64 quaelibet
538 3470 259 64 actio
711 3470 374 64 directiva
999 3470 173 64 in
1057 3470 230 64 finem.

253 3547 189 64 In
347 3547 284 64 primo
536 3547 252 64 actu
694 3547 221 64 non
820 3547 347 64 indiget
1040 3547 252 64 volun¬-

253 3622 227 62 tas
382 3622 455 62 directivo,
740 3622 227 62 sed
870 3622 260 62 sola
1000 3622 292 62 objecti

1324 353 335 54 ostensio
1575 353 363 54 sufficit.
1855 353 251 54 Talis
2022 353 251 54 autem
2162 353 195 54 actus

1320 430 183 63 ad
1411 430 396 63 scientiam
1716 430 457 63 simpliciter
2051 430 305 63 specula¬-

1318 506 284 64 tivam
1507 506 410 64 pertinet,
1822 506 189 64 in
1916 506 252 64 ipso
2074 506 252 64 enim
2200 506 158 64 est

1317 583 455 60 speculatio
1675 583 455 60 solummodo,
2033 583 195 60 ut
2098 583 260 60 volun¬-

1319 658 231 64 tati
1464 658 347 64 objectum
1724 658 231 64 suae
1868 658 433 64 operationis
2186 658 173 64 per¬-

1316 733 268 64 fecte
1495 733 387 64 ostendat,
1793 733 179 64 ut
1882 733 179 64 in
1972 733 268 64 ipsum
2121 733 238 64 statim

1320 811 346 62 perlecta
1580 811 404 62 operatione
1897 811 317 62 tendat.
2128 811 173 62 In
2186 811 173 62 alio

1317 887 277 62 autem
1502 887 246 62 actu
1655 887 369 62 voluntas
1932 887 338 62 indiget
2147 887 215 62 dire¬-

1320 961 298 64 ctivo,
1529 961 179 64 et
1618 961 208 64 hic
1737 961 179 64 ad
1826 961 387 64 scientiam
2094 961 268 64 practi-

1320 1038 202 63 cam
1436 1038 376 63 pertinet,
1725 1038 231 63 quia
1869 1038 173 63 in
1956 1038 231 63 ipso
2101 1038 202 63 est
2188 1038 173 63 spe¬-

1319 1112 338 66 culatio
1565 1112 184 66 ut
1657 1112 368 66 actionem
1933 1112 368 66 dirigat,
2179 1112 184 66 quod

1319 1189 215 62 est
1442 1189 369 62 proprium
1719 1189 430 62 practicse.
2057 1189 277 62 Actus
2210 1189 154 62 au¬-

1321 1264 208 62 tem
1440 1264 208 62 qui
1559 1264 416 62 perficitur
1886 1264 149 62 a
1946 1264 387 62 voluntate
2213 1264 149 62 non

1325 1341 196 61 est
1437 1341 253 61 finis
1606 1341 253 61 hujus
1774 1341 365 61 scientiae
2054 1341 224 61 nisi
2167 1341 196 61 finis

1327 1417 196 63 sub
1439 1417 253 63 fine,
1608 1417 196 63 sed
1720 1417 253 63 alius
1888 1417 196 63 qui
2000 1417 337 63 perficit
2225 1417 140 63 vo¬-

1319 1494 439 50 luntatem.
1657 1494 202 50 Et
1758 1494 202 50 ex
1859 1494 236 50 hoc
1994 1494 304 50 habet
2163 1494 202 50 ista

1327 1569 337 64 scientia
1580 1569 225 64 quod
1720 1569 477 64 perfectissime
2113 1569 197 64 sit
2198 1569 169 64 spe¬-

1325 1646 387 64 culativa,
1623 1646 238 64 quia
1771 1646 268 64 actus
1920 1646 446 64 principaliter

1326 1720 347 52 intentus
1586 1720 173 52 in
1673 1720 231 52 ista
1818 1720 347 52 scientia
2078 1720 202 52 est
2165 1720 202 52 actus

1324 1796 430 63 voluntatis
1662 1796 276 63 circa
1846 1796 276 63 finem
2030 1796 184 63 in
2122 1796 215 63 quo
2215 1796 153 63 non

1325 1873 338 61 indiget
1571 1873 430 61 directivo,
1909 1873 215 61 sed
2032 1873 307 61 tantum
2216 1873 154 61 os¬-

1327 1949 346 62 tensione
1587 1949 346 62 objecti;
1847 1949 231 62 ergo
1991 1949 202 62 non
2106 1949 202 62 est
2193 1949 173 62 pra-

1328 2025 288 62 ctiva,
1530 2025 202 62 sed
1645 2025 461 62 speculativa,
2019 2025 202 62 cum
2135 2025 173 62 in
2192 2025 173 62 actu

1327 2101 214 61 suo
1450 2101 428 61 principali
1786 2101 214 61 non
1908 2101 367 61 indigeat
2153 2101 214 61 dire¬

1304 2178 248 46 ctione.

1385 2252 222 50 Pro
1512 2252 222 50 hac
1639 2252 222 50 via
1766 2252 222 50 est
1893 2252 444 50 auctoritas
2210 2252 159 50 Au¬-

1328 2328 318 61 gustini
1559 2328 173 61 in
1646 2328 260 61 serm.
1819 2328 173 61 de
1906 2328 260 61 Jacob
2079 2328 173 61 et
2166 2328 231 61 Esau
2281 2328 87 61 :

1332 2404 259 62 Omnia
1505 2404 346 62 (inquit)
1764 2404 259 62 opera
1937 2404 288 62 nostra
2139 2404 230 62 sunt
2254 2404 115 62 ut

1326 2483 346 56 mundetur
1585 2483 317 56 oculus,
1816 2483 202 56 quo
1931 2483 346 56 videatur
2161 2483 202 56 Deus.

1330 2557 237 62 Item
1479 2557 297 62 potest
1686 2557 267 62 argui
1864 2557 208 62 sic
1983 2557 148 62 :
2043 2557 208 62 non
2132 2557 237 62 requi¬-

1326 2633 294 61 ritur
1522 2633 457 61 directivum
1882 2633 229 61 ubi
2013 2633 229 61 non
2111 2633 261 61 potest

1328 2710 246 62 esse
1482 2710 307 62 error;
1697 2710 368 62 scientia
1973 2710 368 62 practica
2219 2710 153 62 est

1330 2786 405 61 directiva,
1648 2786 289 61 igitur
1851 2786 347 61 scientia
2082 2786 289 61 beatorum

1330 2862 203 61 non
1446 2862 203 61 est
1562 2862 377 61 practica,
1852 2862 232 61 quia
1996 2862 261 61 beati
2141 2862 232 61 errare

1328 2940 222 60 non
1455 2940 380 60 possunt;
1740 2940 254 60 ergo
1899 2940 222 60 nec
2025 2940 317 60 nostra
2216 2940 158 60 est

1332 3013 399 63 practica,
1640 3013 246 63 quia
1793 3013 215 63 est
1916 3013 277 63 eadem
2100 3013 215 63 cum
2193 3013 184 63 illa

1333 3088 398 62 beatorum.
1639 3088 245 62 Item
1792 3088 306 62 potest
2007 3088 275 62 argui
2190 3088 214 62 sic
2282 3088 92 62 ;

1334 3165 356 55 secundum
1602 3165 446 55 intellectum
1958 3165 297 55 istius
2136 3165 238 55 alibi,

1330 3240 278 63 quia
1504 3240 278 63 Deus
1678 3240 244 63 non
1817 3240 313 63 habet
1991 3240 383 63 scientiam

1329 3316 488 63 practicam,
1713 3316 349 63 maxime
1957 3316 314 63 autem
2131 3316 244 63 habet

1335 3392 297 61 istam,
1543 3392 208 61 vel
1662 3392 297 61 solus;
1870 3392 267 61 ergo,
2019 3392 178 61 etc.

1396 3469 279 61 Contra
1592 3469 196 61 hoc
1703 3469 224 61 .sic
1843 3469 335 61 arguitur
2095 3469 224 61 (b),
2206 3469 168 61 pri¬-

1334 3543 189 63 mo
1429 3543 378 63 rationem
1713 3543 441 63 positionis
2060 3543 284 63 eorum
2217 3543 158 63 du¬-

1332 3620 195 63 co
1430 3620 195 63 ad
1528 3620 423 63 oppositum
1820 3620 553 63 quadrupliciter.
