2624 3979
306 300 164 66 est
399 300 305 66 direetiva
634 300 141 66 in
705 300 258 66 actibus
893 300 211 66 circa
1034 300 141 66 ea
1104 300 188 66 quae
1198 300 141 66 sunt

305 375 148 68 ad
379 375 222 68 finem
527 375 123 68 ;
577 375 173 68 vel
676 375 296 68 brevius,
898 375 296 68 cognitio
1095 375 247 68 mediorum

306 452 151 56 ad
381 452 226 56 finem
532 452 327 56 immediate
784 452 151 56 et
859 452 352 56 formaliter
1136 452 176 56 est
1211 452 126 56 di-

306 531 258 53 rectiva
493 531 211 53 actus
634 531 329 53 voluntatis
892 531 211 53 circa
1033 531 211 53 talia
1150 531 188 53 media.

306 605 177 65 Sed
407 605 303 65 cognitio
634 605 253 65 ipsius
811 605 227 65 finis
963 605 177 65 est
1064 605 253 65 tantum
1216 605 126 65 di-

306 683 264 63 rectiva
498 683 240 63 remote
666 683 144 63 et
738 683 384 63 virtualiter,
1049 683 192 63 quia
1145 683 192 63 cogni¬-

309 756 160 61 tio
400 756 274 61 mediorum
606 756 342 61 virtualiter
880 756 319 61 includitur
1131 756 137 61 in
1176 756 160 61 fine,

305 838 176 65 vel
406 838 151 65 in
481 838 353 65 cognitione
758 838 252 65 finis;
935 838 151 65 et
1010 838 176 65 hoc
1111 838 176 65 est
1187 838 151 65 quod

303 915 330 63 sequitur,
556 915 152 63 et
633 915 305 63 cognitio
861 915 228 63 eorum
1013 915 203 63 quae
1140 915 203 63 sunt
1242 915 102 63 ad

302 990 222 61 finem,
457 990 155 61 sit
546 990 200 61 quasi
679 990 266 61 inclusa,
878 990 266 61 scilicet
1056 990 288 61 virtualiter

301 1068 152 62 in
377 1068 355 62 cognitione
656 1068 228 62 finis
808 1068 228 62 quasi
960 1068 355 62 principii,
1214 1068 127 62 non

307 1140 184 66 quod
422 1140 207 66 finis
560 1140 138 66 in
629 1140 138 66 se
698 1140 207 66 dicat
836 1140 322 66 principium
1065 1140 276 66 practicum,

307 1219 191 63 cum
416 1219 191 63 sit
525 1219 328 63 terminus
772 1219 438 63 incomplexus,
1127 1219 191 63 sed
1209 1219 137 63 est

316 1295 211 64 talis
456 1295 257 64 entitas
643 1295 117 64 a
690 1295 164 64 qua
784 1295 211 64 primo
924 1295 304 64 accipitur
1134 1295 211 64 princi¬-

313 1368 207 67 pium
443 1368 363 67 practicum.
727 1368 181 67 Sic
831 1368 233 67 etiam
986 1368 311 67 dicimus,
1194 1368 155 67 quod

297 1444 105 67 A
339 1444 147 67 quo
423 1444 147 67 su-
507 1444 294 67 principium
738 1444 336 67 speculativum
1011 1444 231 67 sumitur
1179 1444 105 67 a
1200 1444 147 67 primo

298 1520 277 68 principium
516 1520 237 68 subjecto
693 1520 277 68 scientiae,
911 1520 178 68 sicut
1029 1520 138 68 hoc
1088 1520 257 68 principium:

298 1591 239 65 lativum.
477 1591 159 65 Omne
577 1591 199 65 animal
716 1591 259 65 rationale
915 1591 139 65 est
995 1591 259 65 risibile,
1174 1591 179 65 sumitur

314 1673 123 58 a
364 1673 345 58 quidditate
610 1673 246 58 hominis.

294 1736 165 74 82•
389 1736 142 74 Et
460 1736 236 74 addit:
625 1736 142 74 Si
696 1736 283 74 cognitio
908 1736 213 74 eorum
1050 1736 189 74 quae
1168 1736 189 74 sunt
1263 1736 94 74 ad

311 1820 223 63 finem
460 1820 174 63 sit
559 1820 298 63 cognitio
782 1820 397 63 conclusionum
1080 1820 273 63 practica-

312 1892 199 66 rum,
436 1892 199 66 quia
561 1892 199 66 tunc
685 1892 224 66 talis
834 1892 298 66 cognitio
1033 1892 323 66 virtualiter

316 1968 315 66 continetur
564 1968 135 66 in
632 1968 315 66 cognitione
879 1968 203 66 linis
1014 1968 113 66 ;
1059 1968 135 66 et
1127 1968 135 66 si
1172 1968 180 66 cogni¬-

315 2042 178 66 tio
416 2042 254 66 talium
594 2042 228 66 esset
746 2042 254 66 tantum
924 2042 305 66 cognitio
1127 2042 228 66 conclu¬-

314 2120 248 64 sionum
488 2120 470 64 speculativarum,
884 2120 223 64 talis
1032 2120 297 64 cognitio
1230 2120 124 64 non

314 2194 377 66 includeretur
621 2194 141 66 in
692 2194 330 66 cognitione
951 2194 236 66 finis.
1093 2194 259 66 Sequitur,

299 2268 169 71 Finis
412 2268 169 71 dici-
524 2268 150 71 ergo
618 2268 225 71 cognitio
787 2268 169 71 finis
900 2268 150 71 erit
993 2268 225 71 cognitio
1144 2268 206 71 practica,

300 2349 259 67 principium
503 2349 148 67 quia
595 2349 111 67 de
650 2349 240 67 principio
835 2349 240 67 praclico,
1020 2349 129 67 sic
1075 2349 277 67 intelligendo,

295 2423 183 66 cum.
410 2423 183 66 quod
524 2423 206 66 finis
662 2423 252 66 dicitur
845 2423 321 66 principium
1074 2423 275 66 practicum,

316 2500 202 63 quia
442 2500 152 63 ab
518 2500 152 63 eo
594 2500 278 63 sumitur
796 2500 227 63 prima
948 2500 227 63 ratio
1074 2500 278 63 principii

324 2575 291 67 practici;
547 2575 134 67 si
615 2575 179 67 ergo
726 2575 269 67 cognitio
928 2575 291 67 principii
1129 2575 224 67 practici

314 2652 247 63 sumpti
487 2652 124 63 a
537 2652 198 63 fine
661 2652 173 63 sit
759 2652 322 63 practica,
1007 2652 297 63 sequitur
1205 2652 148 63 quod

316 2728 283 65 cognitio
529 2728 236 65 ipsius
694 2728 212 65 finis
835 2728 189 65 erit
953 2728 307 65 practica,
1165 2728 189 65 aliter

315 2803 290 67 cognitio
532 2803 290 67 practica
750 2803 363 67 virtualiter
1016 2803 338 67 includeretur

311 2879 149 66 in
386 2879 347 66 cognitione
658 2879 397 66 speculativi;
981 2879 223 66 sicut
1130 2879 223 66 etiam
1254 2879 99 66 si

315 2954 283 66 cognitio
527 2954 306 66 principii
763 2954 353 66 speculativi
1046 2954 165 66 sit
1116 2954 236 66 specula¬-

313 3035 234 65 tiva,
469 3035 312 65 sequitur
703 3035 208 65 quod
833 3035 312 65 cognitio
1066 3035 312 65 subjecti
1274 3035 78 65 a

316 3112 164 65 quo
409 3112 258 65 sumitur
597 3112 282 65 cognitio
809 3112 305 65 principii
1044 3112 164 65 sit
1114 3112 235 65 specula¬-

315 3186 223 64 tiva,
464 3186 173 64 non
563 3186 198 64 enim
686 3186 223 64 datur
835 3186 272 64 medium,
1032 3186 198 64 quia
1156 3186 173 64 aut
1230 3186 124 64 est

311 3263 312 63 practica
545 3263 182 63 aut
649 3263 416 63 speculativa;
987 3263 182 63 non
1065 3263 286 63 practica,

315 3338 181 65 quia
428 3338 181 65 tunc
541 3338 271 65 cognitio
744 3338 294 65 principii
970 3338 339 65 speculativi
1219 3338 135 65 vir¬-

314 3414 296 64 tualiter
537 3414 395 64 contineretur
858 3414 148 64 in
932 3414 346 64 cognitione
1179 3414 173 64 prac¬-

313 3495 218 60 tica,
458 3495 193 60 quod
579 3495 169 60 est
651 3495 218 60 falsum.

292 3566 182 66 83.
396 3566 182 66 Sic
500 3566 234 66 patet
655 3566 337 66 responsio
915 3566 156 66 ad
993 3566 311 66 rationem
1200 3566 156 66 ejus

1384 280 238 75 primam.
1557 280 173 75 Nunc
1665 280 216 75 Doctor
1816 280 216 75 solvit
1968 280 259 75 rationes
2162 280 151 75 fa-
2249 280 194 75 Omni»
2357 280 86 75 co

1394 344 162 100 ctas
1495 344 141 100 pro
1576 344 242 100 opinione
1757 344 242 100 Henrici,
1939 344 202 100 quibus
2080 344 202 100 probat
2202 344 242 100 autestpfa-

1392 426 165 96 quod
1495 426 247 96 scientia
1681 426 289 96 Theologiae
1908 426 144 96 sit
1990 426 309 96 simpliciter
2238 426 144 96 vel
2300 426 144 96 cSpjJ

1385 504 347 82 'speculativa.
1670 504 122 82 Et
1731 504 184 82 prima
1854 504 184 82 ratio
1976 504 143 82 sua
2058 504 143 82 est
2139 504 163 82 ista
2241 504 102 82 :
2261 504 184 82 latlva*

1388 597 217 67 Nulla
1532 597 289 67 cognitio
1749 597 169 67 est
1846 597 289 67 practica
2063 597 193 67 quae
2159 597 265 67 ordinatur

1386 674 156 67 ad
1464 674 390 67 operationem
1776 674 156 67 in
1854 674 182 67 qua
1957 674 182 67 non
2061 674 338 67 contingit
2295 674 130 67 er¬-

1387 750 177 68 ror
1488 750 152 68 et
1564 750 227 68 recte
1715 750 227 68 agere
1867 750 126 68 ;
1918 750 253 68 palet,
2094 750 202 68 quia
2196 750 227 68 notitia

1386 826 329 72 practica
1632 826 219 72 ideo
1769 826 329 72 ponitur,
2015 826 164 72 ne
2097 826 329 72 voluntas
2316 826 110 72 in

1388 908 298 73 operando
1611 908 248 73 erret,
1785 908 149 73 et
1859 908 198 73 ideo
1984 908 149 73 si
2058 908 298 73 voluntas
2256 908 174 73 circa

1390 987 272 69 aliquid
1588 987 173 69 non
1687 987 247 69 posset
1860 987 272 69 errare,
2057 987 222 69 licet
2181 987 247 69 respectu

1391 1061 225 72 illius
1549 1061 315 72 requiratur
1797 1061 270 72 cognitio
2000 1061 135 72 ut
2067 1061 293 72 ostensiva
2270 1061 158 72 talis

1392 1139 296 72 objecti,
1615 1139 198 72 quia
1738 1139 296 72 voluntas
1961 1139 173 72 non
2059 1139 247 72 fertur
2232 1139 198 72 nisi
2331 1139 99 72 in

1392 1214 420 73 praecognitum,
1739 1214 173 73 non
1837 1214 223 73 tamen
1986 1214 346 73 requiritur
2258 1214 148 73 ut
2307 1214 124 73 di-

1393 1290 265 65 rectiva
1586 1290 121 65 ;
1634 1290 169 65 sed
1731 1290 169 65 nec
1827 1290 289 65 voluntas
2044 1290 241 65 nostra
2213 1290 169 65 nec
2285 1290 145 65 bea¬-

1396 1365 227 71 torum
1547 1365 253 71 potest
1724 1365 253 71 errare
1901 1365 227 71 circa
2052 1365 278 71 pllimum
2229 1365 202 71 finem,

1402 1446 179 70 ergo
1514 1446 269 70 cognitio
1715 1446 224 70 ultimi
1872 1446 202 70 finis
2007 1446 179 70 etsi
2119 1446 314 70 requiratur
2343 1446 90 70 ut

1398 1526 348 62 ostensiva,
1671 1526 174 62 non
1771 1526 223 62 tamen
1919 1526 149 62 ut
1969 1526 298 62 direetiva.

1450 1600 345 69 Respondet
1715 1600 265 69 Doctor
1900 1600 159 69 et
1980 1600 186 69 dat
2086 1600 212 69 duas
2192 1600 239 69 respon-

1405 1672 231 65 siones.
1573 1672 210 65 Prima,
1720 1672 168 65 quod
1825 1672 252 65 voluntas
2014 1672 210 65 creata
2161 1672 147 65 po-
2245 1672 210 65 potest
2371 1672 84 65 er

1404 1747 175 61 test
1514 1747 219 61 errare
1667 1747 197 61 circa
1798 1747 241 61 ultimum
1973 1747 197 61 finem
2105 1747 219 61 saltem
2258 1747 131 61 in
2302 1747 153 61 circa

1405 1823 343 70 particulari,
1684 1823 129 70 ut
1748 1823 193 70 supra
1877 1823 236 70 patuit,
2048 1823 215 70 potest
2199 1823 193 70 etiam
2306 1823 150 70 Luem,

1406 1901 235 61 errare
1570 1901 211 61 circa
1711 1901 422 61 circumstantias
2063 1901 235 61 actus,
2227 1901 141 61 ut
2274 1901 164 61 supra

1403 1976 260 68 patuit;
1593 1976 166 68 non
1687 1976 189 68 enim
1806 1976 284 68 voluntas
2019 1976 237 68 creata
2185 1976 166 68 est
2256 1976 189 68 deter¬-

1400 2049 267 65 minata
1587 2049 160 65 ad
1668 2049 241 65 actum
1828 2049 267 65 rectum
2015 2049 321 65 respectu
2229 2049 214 65 cujus-

1403 2123 254 68 cumque
1580 2123 305 68 objecti;
1809 2123 178 68 non
1910 2123 203 68 enim
2037 2123 152 68 ut
2113 2123 254 68 elicit
2265 2123 178 68 actum

1401 2199 330 59 necessario
1661 2199 212 59 illum
1803 2199 236 59 elicit
1968 2199 142 59 ut
2039 2199 260 59 rectum,
2228 2199 165 59 hoc
2298 2199 142 59 enim

1404 2276 189 61 soli
1523 2276 307 61 voluntati
1759 2276 260 61 divinae
1948 2276 307 61 competit,
2184 2276 142 61 ut
2255 2276 213 61 patet
2373 2276 71 61 a

1404 2348 254 65 Doctore
1589 2348 139 65 in
1658 2348 185 65 isto
1774 2348 208 65 primo
1912 2348 208 65 dist.
2051 2348 139 65 1.
2120 2348 254 65 quaest.
2305 2348 139 65 1.
2352 2348 92 65 et

1402 2423 213 60 dist.
1544 2423 166 60 39.
1639 2423 142 60 et
1710 2423 166 60 44.
1805 2423 142 60 et
1876 2423 142 60 in
1947 2423 260 60 secundo
2136 2423 213 60 dist.
2278 2423 166 60 23.
2349 2423 95 60 et

1385 2517 159 41 alibi.

1454 2572 278 70 Secundo
1656 2572 353 70 respondet,
1933 2572 202 70 quod
2059 2572 252 70 posito
2236 2572 202 70 quod
2337 2572 126 70 84.

1401 2638 173 68 sit
1500 2638 371 68 determinata
1797 2638 296 68 respectu
2019 2638 247 68 ultimi
2192 2638 247 68 finis,
2340 2638 99 68 id

1404 2710 172 68 est
1503 2710 197 68 quod
1626 2710 148 68 in
1700 2710 271 68 volendo
1897 2710 246 68 illuni
2069 2710 345 68 necessario
2315 2710 123 68 re¬-

1404 2774 165 69 cte
1499 2774 235 69 velit,
1663 2774 141 69 et
1734 2774 212 69 nullo
1875 2774 188 69 modo
1993 2774 235 69 possit
2158 2774 259 69 errare,
2322 2774 118 69 ad¬-

1402 2846 158 70 huc
1493 2846 270 70 cognitio
1695 2846 225 70 ultimi
1853 2846 203 70 finis
1988 2846 180 70 erit
2101 2846 180 70 vere
2191 2846 248 70 practica,

1403 2920 144 66 et
1475 2920 169 66 hoc
1571 2920 265 66 probant
1764 2920 193 66 duae
1884 2920 265 66 ultimae
2077 2920 313 66 rationes,
2294 2920 144 66 quae

1378 3008 216 49 patent.

1452 3060 303 65 Secundo
1673 3060 275 65 arguit
1866 3060 331 65 Henricus
2086 3060 358 65 auctoritate

1399 3130 339 68 Augustini
1659 3130 156 68 in
1738 3130 287 68 sermone
1946 3130 156 68 de
2024 3130 234 68 Jacob
2180 3130 156 68 et
2259 3130 208 68 Esau
2363 3130 78 68 :

1405 3204 254 64 Omnia,
1582 3204 279 64 inquit,
1785 3204 228 64 opera
1937 3204 254 64 nostra
2114 3204 203 64 sunt
2241 3204 152 64 ut
2292 3204 152 64 mun¬-

1403 3273 222 63 detur
1552 3273 247 63 oculus
1724 3273 321 63 interior,
1972 3273 173 63 quo
2070 3273 296 63 videatur
2268 3273 173 63 Deus;

1405 3339 194 69 ergo
1526 3339 266 69 videtur
1719 3339 145 69 ex
1792 3339 194 69 ista
1913 3339 387 69 auctoritate,
2227 3339 194 69 quod
2324 3339 121 69 vi¬-

1402 3410 178 65 sio
1503 3410 178 65 Dei
1605 3410 178 65 sit
1707 3410 280 65 ultimum
1911 3410 153 65 ad
1987 3410 204 65 quod
2114 3410 229 65 opera
2241 3410 204 65 nostra

1411 3481 345 62 ordinantur,
1687 3481 138 62 et
1756 3481 161 62 sic
1848 3481 207 62 talis
1987 3481 207 62 visio
2125 3481 161 62 non
2217 3481 184 62 erit
2309 3481 138 62 pra¬-

1407 3557 239 59 ctica,
1575 3557 168 59 sed
1670 3557 191 59 mere
1766 3557 335 59 speculativa.
