2653 3979
209 367 157 70 )ona
307 367 157 70 nisi
405 367 98 70 ?
444 367 255 70 generatur
640 367 117 70 ex
699 367 235 70 praxibus
875 367 98 70 ;
914 367 137 70 sed
993 367 215 70 habitus
1130 367 117 70 pra-

208 444 256 68 ratione,
400 444 213 68 cticus
549 444 277 68 generatur
762 444 128 68 ex
826 444 234 68 actibus
975 444 277 68 sequentibus

221 521 340 63 electionem,
493 521 226 63 igitur
652 521 181 63 illi
765 521 204 63 actus
901 521 181 63 sunt
991 521 204 63 praxes.

209 291 184 68 Actio
331 291 245 68 Ilerveus
515 291 204 68 arguit
657 291 143 68 sic
739 291 102 68 :
780 291 163 68 quia
882 291 224 68 habitus
1025 291 224 68 praclicus

271 593 176 67 (e)
371 593 326 67 Respondet
622 593 251 67 Doctor
798 593 201 67 quod
923 593 276 67 habitus
1099 593 150 67 pra-

219 670 246 65 cticus
392 670 320 65 generatur
638 670 148 65 ex
712 670 419 65 electionibus,
1057 670 197 65 etc.
1155 670 99 65 et

223 743 211 69 patet
363 743 281 69 littera.
574 743 140 69 Et
644 743 187 69 quod
761 743 211 69 dicit
901 743 140 69 de
971 743 234 69 habitu
1112 743 140 69 pra-

223 819 228 67 ctico,
383 819 206 67 debet
520 819 297 67 intelligi
749 819 137 67 de
817 819 228 67 habitu
977 819 228 67 morali
1114 819 137 67 exi-

221 894 258 67 stente
402 894 155 67 in
479 894 361 67 voluntate,
763 894 181 67 qui
867 894 155 67 ex
944 894 181 67 hoc
1022 894 232 67 dicitur

220 972 371 69 practicus,
511 972 212 69 quia
643 972 344 69 generatur
908 972 159 69 ex
961 972 291 69 praxibus;

223 1048 311 69 improprie
463 1048 216 69 tamen
606 1048 263 69 dicitur
798 1048 263 69 habitus
966 1048 287 69 practicus,

225 1124 188 69 quia
342 1124 258 69 proprie
530 1124 258 69 habitus
718 1124 305 69 practicus
953 1124 164 69 est
1047 1124 188 69 ille
1141 1124 117 69 qui

221 1200 329 71 generatur
474 1200 152 71 ex
550 1200 279 71 actibus
753 1200 355 71 practicis,
1031 1200 152 71 et
1082 1200 177 71 tales

223 1274 184 69 sunt
338 1274 253 69 proprie
522 1274 207 69 actus
660 1274 345 69 intellectus
937 1274 115 69 ;
983 1274 161 69 vel
1052 1274 207 69 habitus

222 1352 265 65 moralis
415 1352 241 65 potest
584 1352 193 65 dici
704 1352 265 65 habitus
897 1352 338 65 practicus,
1138 1352 121 65 pro

227 1426 252 70 quanto
403 1426 177 70 est
504 1426 328 70 conformis
756 1426 277 70 habitui
933 1426 328 70 prudentiae,

230 1502 168 69 qui
326 1502 265 69 proprie
519 1502 265 69 dicitur
711 1502 265 69 habitus
903 1502 337 69 practicus.
1144 1502 120 69 Sed

229 1576 310 70 quidquid
462 1576 207 70 sit,
591 1576 232 70 parum
746 1576 310 70 curandum
978 1576 181 70 est
1081 1576 155 70 de
1133 1576 129 70 no¬-

234 1661 221 59 mine,
382 1661 246 59 quando
554 1661 172 59 res
628 1661 246 59 constat.

203 1727 182 68 94.
307 1727 156 68 Ai
385 1727 311 68 tertium,
618 1727 156 68 de
696 1727 441 68 Commentatore.
1059 1727 182 68 Hic
1137 1727 130 68 Do¬-

232 1804 218 66 ctor
368 1804 355 66 respondet
641 1804 164 66 ad
723 1804 382 66 argumentum
995 1804 273 66 Gulielmi

232 1883 313 64 Varronis,
472 1883 168 64 qui
569 1883 168 64 sic
665 1883 289 64 arguebat
881 1883 168 64 ibi
977 1883 120 64 :
1026 1883 216 64 Dicit
1146 1883 120 64 au¬-

228 1959 186 65 tem
335 1959 398 65 Commentator
653 1959 239 65 primo
812 1959 265 65 Ethic.
998 1959 212 65 quod
1104 1959 159 65 pra-

232 2035 169 64 xis
328 2035 169 64 est
424 2035 289 64 operatio
641 2035 289 64 secundum
858 2035 361 64 electionem,
1123 2035 144 64 ele¬-

233 2112 193 63 ctio
353 2112 217 63 etiam
498 2112 169 63 est
594 2112 241 63 tantum
763 2112 217 63 circa
907 2112 361 63 contingens,
1172 2112 96 63 ex

236 2188 228 63 tertio
396 2188 228 63 Ethic.
556 2188 183 63 quia
670 2188 160 63 est
761 2188 297 63 appetitus
966 2188 297 63 consiliati-

230 2263 189 66 vus,
348 2263 142 66 id
419 2263 165 66 est
514 2263 189 66 quod
632 2263 260 66 electio
821 2263 165 66 est
915 2263 307 66 appetitus
1127 2263 142 66 con¬-

233 2339 212 66 silia
375 2339 212 66 tivus
516 2339 118 66 ;
563 2339 141 66 ex
634 2339 165 66 hoc
728 2339 259 66 supple,
916 2339 188 66 quod
1034 2339 141 66 ad
1104 2339 165 66 hoc
1175 2339 94 66 ut

231 2415 165 68 sit
326 2415 212 68 recta
467 2415 212 68 circa
609 2415 212 68 media
750 2415 141 68 ad
821 2415 236 68 finem,
986 2415 189 68 prae
1080 2415 189 68 exigit

235 2492 140 63 in
305 2492 327 63 intellectu
562 2492 304 63 consilium
795 2492 140 63 de
865 2492 304 63 electione
1075 2492 187 63 medii;

209 2553 306 88 Electio*.'1
453 2553 183 88 modo,
575 2553 265 88 consilium
779 2553 143 88 non
861 2553 143 88 est
942 2553 163 88 nisi
1044 2553 122 88 de
1085 2553 183 88 contin¬

211 2659 195 48 gente.

300 2721 371 62 Respondet
586 2721 285 62 Doctor
785 2721 200 62 ibi
899 2721 143 62 :
956 2721 171 62 Ad
1013 2721 257 62 tertium

231 2797 169 69 de
315 2797 478 69 Commentatore.
709 2797 309 69 Oportet
934 2797 225 69 quod
1074 2797 169 69 ly
1130 2797 141 69 se-

236 2874 234 68 cundum
400 2874 164 68 non
493 2874 164 68 sit
587 2874 164 68 ibi
681 2874 188 68 nota
798 2874 234 68 causae
939 2874 328 68 efficientis,

236 2949 144 64 si
308 2949 337 64 descriptio
573 2949 217 64 debet
717 2949 193 64 esse
838 2949 409 64 convertibilis
1151 2949 120 64 cum

238 3024 344 67 descripto,
509 3024 295 67 scilicet
730 3024 344 67 descriptio
975 3024 295 67 electionis

239 3102 180 66 quae
351 3102 202 66 talis
485 3102 157 66 est
575 3102 112 66 :
620 3102 247 66 Electio
800 3102 202 66 recta
934 3102 337 66 conformiler
1181 3102 90 66 se

236 3177 216 68 habet
380 3177 265 68 rationi
573 3177 265 68 rectae;
765 3177 192 68 quod
885 3177 192 68 ergo
1005 3177 216 68 primo
1126 3177 144 68 eli¬-

241 3255 201 68 citur
375 3255 112 68 a
419 3255 290 68 voluntate
643 3255 335 68 conformiler
911 3255 246 68 rationi
1067 3255 201 68 rectae,

240 3331 164 65 est
333 3331 257 65 electio
520 3331 234 65 recta,
684 3331 140 65 et
754 3331 117 65 e
801 3331 234 65 contra
964 3331 117 65 ,
1011 3331 280 65 scilicet
1198 3331 70 65 :

239 3406 265 60 Electio
431 3406 216 60 recta
576 3406 361 60 conformiter
864 3406 289 60 elicitur
1057 3406 216 60 rationi

204 3483 124 74 .
254 3483 273 74 rectae.
453 3483 323 74 Sequilur,
701 3483 174 74 sed
801 3483 224 74 debet
950 3483 323 74 intelligi
1174 3483 99 74 ly

227 3559 301 60 'secundum
459 3559 301 60 effective
690 3559 162 60 vel
783 3559 348 60 formaliter.
1038 3559 232 60 Effecti¬

1296 255 182 78 ve,
1400 255 260 78 quando
1582 255 338 78 electione
1841 255 338 78 imperatur
2101 255 234 78 actus
2231 255 104 78 in

1298 332 218 79 parte
1443 332 338 79 sensitiva,
1709 332 193 79 ille
1830 332 218 79 actus
1975 332 266 79 dicitur
2144 332 193 79 praxis

1295 409 321 69 secundum
1536 409 401 69 electionem,
1857 409 214 69 quia
1990 409 187 69 hoc
2097 409 241 69 habet
2231 409 107 69 ab

1300 488 330 68 electione
1553 488 254 68 recta,
1731 488 330 68 inquantum
1984 488 152 68 ab
2060 488 203 68 ipsa
2162 488 177 68 impe¬-

1299 564 247 65 ratur.
1472 564 346 65 Formaliter
1744 564 198 65 vero
1868 564 247 65 praxis
2041 564 272 65 dicitur
2214 564 124 65 se¬-

1304 638 258 65 cundum
1485 638 387 65 electionem,
1795 638 155 65 id
1872 638 181 65 est
1976 638 207 65 quod
2105 638 181 65 est
2182 638 155 65 ipsa

1302 712 292 73 electio
1514 712 265 73 primo,
1699 712 318 73 secundum
1938 712 212 73 quod
2044 712 292 73 conforma¬-

1306 794 156 61 tur
1395 794 267 61 consilio
1595 794 356 61 intellectus.
1884 794 267 61 Sequitur
2061 794 67 61 :

1367 866 150 69 Vel
1452 866 278 69 accipitur
1666 866 236 69 electio
1838 866 150 69 pro
1923 866 300 69 elicitione
2159 866 193 69 actus
2266 866 107 69 95.

1306 944 229 70 volendi,
1477 944 133 70 qui
1554 944 133 70 non
1630 944 210 70 electio
1782 944 133 70 vel
1859 944 210 70 volitio
2011 944 210 70 aliqua,
2144 944 229 70 productio,

1303 1018 168 70 sed
1399 1018 216 70 actio
1543 1018 144 70 de
1615 1018 240 70 genere
1783 1018 312 70 actionis.
2023 1018 168 70 Nam
2095 1018 240 70 elicitio

1304 1092 192 70 idem
1424 1092 168 70 est
1520 1092 192 70 quod
1641 1092 313 70 productio
1881 1092 240 70 actus,
2049 1092 216 70 sicut
2170 1092 168 70 dici¬-

1305 1169 198 62 mus,
1429 1169 297 62 voluntas
1652 1169 247 62 elicit
1825 1169 223 62 actum
1973 1169 371 62 volitionis,
2245 1169 99 62 id

1308 1248 182 66 est
1412 1248 338 66 producit.
1672 1248 312 66 Sequitur
1906 1248 130 66 :
1958 1248 312 66 Secundum
2166 1248 182 66 istam

1310 1322 354 67 elicitionem
1593 1322 212 67 quasi
1735 1322 283 67 secundum
1947 1322 330 67 principium
2183 1322 165 67 acti¬-

1309 1400 177 65 vum
1410 1400 177 65 est
1511 1400 228 65 omnis
1664 1400 279 65 praxis,
1866 1400 152 65 id
1942 1400 177 65 est
2044 1400 203 65 quod
2145 1400 203 65 praxis

1314 1475 172 67 est
1413 1475 221 67 primo
1560 1475 123 67 a
1610 1475 320 67 voluntate
1856 1475 271 67 tanquam
2053 1475 123 67 a
2077 1475 271 67 principio

1312 1554 279 62 formali
1514 1554 405 62 fundamentali
1844 1554 355 62 productivo
2122 1554 127 62 ;
2173 1554 152 62 et
2223 1554 127 62 est

1318 1631 141 63 ab
1388 1631 188 63 ipsa
1505 1631 329 63 elicitione
1764 1631 188 63 sive
1881 1631 352 63 productione
2140 1631 211 63 tanquam

1316 1699 120 65 a
1364 1699 313 65 principio
1605 1699 289 65 formali,
1822 1699 169 65 quo
1918 1699 313 65 producens
2135 1699 217 65 dicitur

1314 1776 380 64 productione
1617 1776 354 64 producens,
1896 1776 202 64 sive
2022 1776 177 64 quo
2098 1776 253 64 eliciens

1317 1853 252 62 dicitur
1501 1853 321 62 elicitione
1753 1853 298 62 eliciens.
1982 1853 275 62 Sequitur
2188 1853 115 62 :
2211 1853 138 62 Quia

1317 1930 210 62 actio
1457 1930 140 62 de
1527 1930 234 62 genere
1691 1930 280 62 actionis
1901 1930 304 62 reducitur
2135 1930 140 62 ad
2181 1930 164 62 prin¬-

1312 2005 273 64 cipium
1503 2005 437 64 productivum,
1858 2005 191 64 non
1967 2005 218 64 quod
2103 2005 218 64 vere
2213 2005 136 64 sit

1313 2081 361 64 principium
1597 2081 413 64 productivum,
1933 2081 181 64 sed
2036 2081 207 64 quia
2139 2081 207 64 termi¬-

1312 2157 233 63 natur
1468 2157 156 63 ad
1545 2157 363 63 productum,
1831 2157 181 63 vel
1934 2157 181 63 est
2038 2157 181 63 via
2142 2157 156 63 ad
2193 2157 156 63 pro¬-

1317 2232 270 62 ductum,
1514 2232 270 62 dicitur
1711 2232 246 62 reduci
1883 2232 148 62 ad
1957 2232 344 62 principium
2202 2232 148 62 pro¬

1292 2322 276 42 ductivum.

1656 2431 321 39 SCHOLIUM.

1364 2532 336 57 Recapitulat
1633 2532 179 57 tres
1745 2532 314 57 sententias
1991 2532 247 57 allatas
2171 2532 135 57 et
2215 2532 135 57 con¬-

1316 2595 306 58 clusionem
1552 2595 141 58 in
1622 2595 165 58 qua
1716 2595 353 58 conveniunt,
1998 2595 282 58 scilicet
2186 2595 165 58 Theo¬-

1318 2659 240 58 logiam
1486 2659 192 58 esse
1606 2659 408 58 speculativam.
1941 2659 240 58 Probat
2109 2659 216 58 unica
2229 2659 120 58 ra¬-

1315 2722 212 50 tione
1457 2722 141 50 et
1527 2722 165 50 una
1621 2722 377 50 auctoritate.
1927 2722 259 50 Refutat
2116 2722 188 50 hanc
2210 2722 141 50 con¬-

1316 2787 336 57 clusionem
1575 2787 336 57 communem.
1833 2787 258 57 Primo,
2014 2787 207 57 quia
2117 2787 233 57 daretur

1317 2851 221 58 actus
1465 2851 221 58 liber
1612 2851 172 58 qui
1711 2851 172 58 non
1809 2851 221 58 esset
1957 2851 369 58 speculatio,
2227 2851 123 58 nec

1316 2914 284 60 praxis.
1523 2914 310 60 Secundo,
1755 2914 387 60 cognitionem
2038 2914 310 60 directivam

1318 2981 359 57 cujuscumque
1605 2981 335 57 volitionis
1868 2981 168 57 non
1964 2981 191 57 esse
2060 2981 287 57 practicam,

1322 3043 156 59 est
1411 3043 223 59 contra
1567 3043 357 59 definitionem
1857 3043 267 59 notitiae
2057 3043 290 59 practicae
2258 3043 89 59 6.

1318 3108 227 59 Ethic
1469 3108 151 59 3.
1545 3108 151 59 Ad
1620 3108 302 59 rationem
1847 3108 176 59 pro
1948 3108 328 59 opposito,
2175 3108 176 59 docet

1318 3171 360 60 cognitionem
1606 3171 168 60 non
1702 3171 216 60 fieri
1846 3171 312 60 practicam
2086 3171 168 60 per
2158 3171 192 60 exten¬-

1318 3236 251 60 sionem
1494 3236 151 60 ad
1569 3236 452 60 delectationem,
1946 3236 226 60 cujus
2072 3236 276 60 oppositum

1320 3300 189 59 falso
1446 3300 231 59 Vasq.l.
1614 3300 189 59 part.
1740 3300 126 59 d.
1803 3300 126 59 8.
1867 3300 168 59 cap.
1972 3300 126 59 5.
2035 3300 231 59 tribuit
2203 3300 147 59 ei.
2266 3300 84 59 Ad

1320 3367 384 58 auctoritatem
1632 3367 288 58 objectam
1848 3367 288 58 explicat
2063 3367 264 58 quomodo
2231 3367 120 58 se¬-

1319 3430 240 57 cundum
1487 3430 360 57 Aristotelem
1775 3430 216 57 actus
1918 3430 312 57 diligendi
2134 3430 216 57 ultimum

1322 3495 214 60 finem,
1472 3495 107 60 m
1514 3495 407 60 Intelligentiis,
1857 3495 150 60 est
1943 3495 364 60 speculativus,
2221 3495 129 60 quia

1330 3560 276 58 scilicet
1537 3560 230 58 posuit
1698 3560 161 58 eum
1790 3560 184 58 esse
1906 3560 299 58 naturalem
2136 3560 138 58 et
2182 3560 184 58 Intel-
