2653 3979
261 290 324 61 tionem,
496 290 206 61 sed
614 290 294 61 amare;
820 290 294 61 igitur
1026 290 206 61 nec
1114 290 177 61 pro¬-

260 366 229 62 pter
404 366 430 62 extensionem
748 366 172 62 ad
833 366 287 62 illud,
1034 366 229 62 erit
1149 366 143 62 no¬-

253 441 301 63 titia
453 441 402 63 practica
755 441 402 63 secundum
1022 441 268 63 ipsum,

257 517 200 60 sed
343 517 400 60 speculativa.

310 608 229 63 Sed
441 608 294 63 quare
637 608 229 63 non
768 608 359 63 tenetur
1029 608 196 63 in
1094 608 196 63 hoc,

251 684 221 62 cum
378 684 284 62 ratio
567 684 410 62 scientiae
883 684 410 62 practicae
1167 684 126 62 et

252 759 462 63 speculativae
628 759 404 63 accipiatur
945 759 173 63 ab
1032 759 260 63 ipso,
1176 759 116 63 et

249 835 215 62 ita
372 835 246 62 duae
526 835 307 62 primae
741 835 246 62 viae
895 835 277 62 istam
1048 835 246 62 negan¬-

250 911 238 61 tes,
399 911 358 61 ponentes
667 911 417 61 Theologiam
995 911 238 61 esse
1114 911 179 61 spe¬-

249 985 429 64 culativam,
587 985 245 64 bene
740 985 307 64 ponunt
955 985 184 64 et
1016 985 276 64 praeci¬-

249 1062 235 62 pue
384 1062 403 62 secundum
686 1062 538 62 Philosophum?
1089 1062 202 62 Res¬-

249 1139 306 62 pondeo
463 1139 214 62 (f)
586 1139 275 62 illud
769 1139 275 62 amare
953 1139 245 62 quod
1075 1139 214 62 pone¬-

248 1213 214 63 ret
371 1213 183 63 in
462 1213 550 63 Intelligentia,
921 1213 336 63 poneret
1135 1213 153 63 ne¬-

246 1288 410 51 cessitate
562 1288 379 51 naturali
846 1288 410 51 voluntati
1130 1288 158 51 in-

246 1366 268 61 68se,
425 1366 208 61 ita
544 1366 238 61 quod
693 1366 208 61 non
812 1366 446 61 contingeret
1139 1366 149 61 ibi

247 1442 202 61 eam
363 1442 289 61 errare
565 1442 173 61 et
652 1442 260 61 recte
825 1442 289 61 agere,
1028 1442 202 61 ita
1115 1442 173 61 quod

247 1517 356 60 respectu
515 1517 297 60 illius
723 1517 327 60 notitia
960 1517 267 60 esset
1109 1517 178 60 tan¬-

242 1594 348 55 tummodo
495 1594 443 55 ostensiva,
843 1594 221 55 non
938 1594 348 55 directiva

245 1670 227 62 nec
374 1670 357 62 quantum
634 1670 195 62 ad
732 1670 390 62 objectum
1024 1670 195 62 in
1089 1670 195 62 par¬-

240 1744 410 64 ticulari,
556 1744 221 64 nec
682 1744 347 64 quantum
935 1744 189 64 ad
998 1744 284 64 aliquam

241 1820 245 63 ejus
394 1820 459 63 conditionem
762 1820 214 63 vel
884 1820 337 63 aliquam
1098 1820 184 63 cir¬-

240 1898 481 48 cumstantiam
624 1898 288 48 actus
785 1898 320 48 volendi.

221 1988 187 64 25
314 1988 218 64 Hoc
439 1988 249 64 modo
594 1988 218 64 non
719 1988 373 64 dicerent
968 1988 311 64 Theologi

228 2056 293 77 Qnesub-°
447 2056 147 77 ^e
521 2056 220 77 amare
667 2056 366 77 creaturarum
936 2056 342 77 intellectua-

227 2135 274 70 c^dean^
426 2135 199 70 lium
551 2135 299 70 respectu
775 2135 174 70 Dei
875 2135 149 70 in
924 2135 349 70 particulari,

225 2216 350 60 Theologo.
495 2216 162 60 et
575 2216 296 60 quantum
791 2216 162 60 ad
845 2216 431 60 circumstantias

224 2290 194 59 pho
335 2290 138 59 ?
390 2290 277 59 actus,
584 2290 249 59 sicut
750 2290 304 59 argutum
972 2290 194 59 est
1055 2290 221 59 contra

227 2370 250 59 d.3.q.
402 2370 150 59 7.
477 2370 250 59 primam
652 2370 200 59 viam
776 2370 125 59 m
826 2370 250 59 primis
1001 2370 250 59 duabus
1151 2370 125 59 ra¬-

234 2442 376 62 tionibus.
523 2442 173 62 Si
610 2442 289 62 igitur
812 2442 433 62 convenisset
1130 2442 144 62 no-

230 2517 370 65 biscum,
500 2517 370 65 ponendo
769 2517 303 65 amare
937 2517 337 65 respectu

234 2592 240 67 finis
394 2592 294 67 libere,
608 2592 240 67 recte
768 2592 160 67 et
848 2592 187 67 non
955 2592 240 67 recte
1088 2592 187 67 posse

234 2668 274 56 elici,
426 2668 192 56 nec
535 2668 247 56 recte
700 2668 247 56 elici
865 2668 219 56 nisi
974 2668 302 56 eliciatur

227 2744 492 59 conformiter
621 2744 361 59 rationi
883 2744 361 59 rectae,
1112 2744 164 59 non

225 2822 328 63 tantum
455 2822 459 63 ostendenti
816 2822 426 63 objectum,
1111 2822 164 63 sed

229 2897 260 61 etiam
403 2897 347 61 dictanti
663 2897 203 61 sic
779 2897 232 61 esse
895 2897 376 61 eliciendum,

230 2973 254 64 forte
399 2973 367 64 posuisset
681 2973 339 64 respectu
935 2973 254 64 talis
1076 2973 198 64 noti¬-

228 3054 254 63 tiam
387 3054 444 63 practicam,
735 3054 254 63 quia
894 3054 380 63 confesse
1147 3054 127 63 se

229 3136 380 64 habentem
514 3136 412 64 appetitui
831 3136 317 64 recto;
1021 3136 253 64 igitur

236 3216 297 65 melius
444 3216 208 65 est
563 3216 356 65 Theologo
830 3216 237 65 (g),
978 3216 208 65 qui
1067 3216 208 65 habet

233 3297 244 58 abeo
386 3297 428 58 discordare
722 3297 183 58 in
814 3297 336 58 minori,
1028 3297 244 58 conse¬-

232 3379 358 59 quenter
493 3379 358 59 dicendo
753 3379 163 59 ,
818 3379 455 59 discordare
1143 3379 130 59 in

230 3460 505 63 conclusione
634 3460 269 63 quam
802 3460 437 63 convenire
1105 3460 168 63 cum

232 3548 189 67 eo
327 3548 189 67 in
422 3548 505 67 conclusione,
832 3548 253 67 quam
990 3548 253 67 ipse
1116 3548 158 67 non

1334 286 369 65 poneret
1603 286 201 65 si
1704 286 369 65 minorem
1972 286 235 65 cum
2073 286 302 65 Theolo¬-

1338 369 178 56 go
1398 369 296 56 teneret.

1394 439 221 64 Cum
1521 439 316 64 igitur
1742 439 316 64 dicis,
1964 439 253 64 quod
2122 439 190 64 ab
2185 439 190 64 ipso

1338 515 397 64 accipimus
1644 515 367 64 rationem
1919 515 459 64 speculativi
2256 515 122 64 et

1338 588 409 67 practici,
1652 588 283 67 verum
1841 588 220 67 est
1967 588 189 67 et
2061 588 189 67 in
2124 588 252 67 majori

1337 665 406 65 convenimus
1656 665 232 65 quod
1801 665 232 65 illa
1945 665 203 65 est
2032 665 348 65 speculati¬-

1338 744 197 63 va,
1450 744 225 63 quae
1591 744 253 63 licet
1760 744 169 63 ad
1844 744 422 63 dilectionem
2153 744 225 63 exten¬-

1335 816 337 64 deretur
1580 816 184 64 ut
1672 816 398 64 ostendens
1979 816 398 64 objectum,
2254 816 123 64 si

1334 893 284 52 nullo
1524 893 284 52 tamen
1714 893 253 52 modo
1872 893 284 52 esset
2029 893 348 52 directiva

1336 969 195 53 in
1433 969 259 53 actu
1595 969 195 53 ut
1660 969 713 53 circumstantionabilis

1336 1047 224 63 est,
1476 1047 168 63 et
1560 1047 168 63 ut
1645 1047 253 63 hujus
1813 1047 309 63 objecti
2037 1047 168 63 in
2093 1047 281 63 particu¬-

1332 1123 275 62 lari.
1516 1123 214 62 Sed
1638 1123 337 62 minorem
1883 1123 245 62 quam
2036 1123 245 62 ipse
2159 1123 214 62 assu¬-

1330 1199 323 62 meret
1545 1199 287 62 sub,
1725 1199 395 62 habemus
2012 1199 359 62 negare
2227 1199 144 62 in

1333 1275 415 62 proposito.
1660 1275 208 62 Sed
1778 1275 237 62 dato
1927 1275 237 62 quod
2075 1275 267 62 talis
2224 1275 148 62 ne¬-

1332 1351 367 62 cessitas
1607 1351 336 62 ponatur
1852 1351 183 62 in
1913 1351 458 62 Intelligentia

1332 1427 183 56 ex
1423 1427 304 56 natura
1636 1427 426 56 voluntatis
1970 1427 304 56 amandi
2153 1427 213 56 Deum,

1328 1506 347 61 numquid
1581 1506 221 61 ita
1707 1506 347 61 poneret
1960 1506 189 61 in
2023 1506 347 61 voluntate

1327 1581 347 62 hominis
1580 1581 441 62 sapientis,
1927 1581 252 62 quem
2084 1581 252 62 ipse
2210 1581 158 62 non

1332 1656 266 61 ponit
1509 1656 443 61 naturaliter
1863 1656 354 61 felicem?
2128 1656 177 61 Si
2187 1656 177 61 non;

1332 1731 258 64 igitur
1513 1731 206 64 iste
1641 1731 258 64 potest
1822 1731 258 64 dirigi
2002 1731 155 64 in
2080 1731 206 64 tali
2183 1731 180 64 actu.

1325 1807 456 65 Respondeo,
1684 1807 424 65 practicam
2010 1807 163 65 a
2075 1807 261 65 tali
2205 1807 163 65 non

1325 1884 327 64 negaret
1563 1884 238 64 nisi
1711 1884 238 64 quia
1860 1884 446 64 felicitatem
2187 1884 178 64 ejus

1325 1962 263 63 dixit
1500 1962 234 63 esse
1617 1962 439 63 speculativam.

1587 2118 475 42 COMMENTARIUS.

1380 2273 149 56 (a)
1465 2273 191 56 Istse
1592 2273 170 56 tres
1698 2273 191 56 viae,
1825 2273 170 56 etc.
1931 2273 255 56 scilicet
2122 2273 233 56 Henrioi
2271 2273 106 56 os.

1330 2350 240 54 Hervei,
1505 2350 131 54 el
1570 2350 262 54 Gulielmi
1766 2350 153 54 sed
1854 2350 349 54 diversimode,
2137 2350 131 54 ut
2181 2350 196 54 coinci-

1326 2426 207 53 supra
1464 2426 230 53 patuit
1624 2426 138 53 in
1693 2426 207 53 illis
1831 2426 207 53 viis.
1969 2426 184 53 Quae
2084 2426 230 53 quidem
2221 2426 138 53 viae

1322 2502 297 53 videntur
1545 2502 149 53 in
1620 2502 173 53 hoc
1719 2502 372 53 concordare,
2016 2502 198 53 quod
2140 2502 173 53 sit
2214 2502 149 53 ali¬-

1326 2579 169 54 qua
1422 2579 289 54 operatio
1639 2579 145 54 in
1711 2579 313 54 potestate
1952 2579 265 54 hominis
2145 2579 193 54 quae
2242 2579 120 54 non

1326 2654 271 53 dicatur
1523 2654 271 53 praxis;
1720 2654 246 53 palet,
1892 2654 197 53 quia
2015 2654 221 53 prima
2163 2654 172 53 via
2237 2654 123 53 po¬-

1326 2729 158 53 nit
1417 2729 180 53 quod
1529 2729 270 53 dilectio
1732 2729 225 53 ultimi
1889 2729 203 53 finis
2024 2729 135 53 in
2069 2729 293 53 particulari

1322 2806 181 51 non
1426 2806 181 51 est
1529 2806 285 51 praxis,
1737 2806 181 51 cum
1841 2806 233 51 tamen
1996 2806 207 51 illa
2100 2806 259 51 dilectio

1325 2880 161 54 sil
1417 2880 138 54 in
1486 2880 298 54 potestate
1715 2880 344 54 voluntatis,
1991 2880 184 54 quod
2106 2880 207 54 etiam
2220 2880 138 54 ipse

1324 2957 296 55 Henricus
1546 2957 321 55 concedit.
1793 2957 271 55 Secunda
1990 2957 173 55 via
2089 2957 222 55 dicit
2212 2957 148 55 quod

1328 3031 264 56 dilectio
1526 3031 198 56 finis
1658 3031 220 56 ultimi
1812 3031 154 56 non
1899 3031 242 56 dicitur
2075 3031 242 56 praxis,
2229 3031 132 56 quia

1322 3107 223 52 licet
1471 3107 173 52 sit
1570 3107 149 52 in
1644 3107 322 52 potestate
1892 3107 297 52 hominis,
2114 3107 223 52 tamen
2238 3107 124 52 non

1322 3183 186 54 est
1429 3183 239 54 circa
1588 3183 319 54 objectum
1827 3183 372 54 contingens
2120 3183 213 54 quod
2226 3183 133 54 re¬-

1325 3260 270 53 quiritur
1527 3260 135 53 in
1594 3260 225 53 praxi.
1752 3260 225 53 Tertia
1909 3260 157 53 via
1999 3260 202 53 dicit
2134 3260 180 53 quod
2224 3260 135 53 ali¬-

1325 3337 192 53 quis
1445 3337 216 53 actus
1589 3337 360 53 voluntatis,
1877 3337 168 53 qui
1973 3337 168 53 est
2069 3337 192 53 vere
2189 3337 144 53 in
2237 3337 120 53 po¬-

1320 3412 293 54 testate
1534 3412 293 54 hominis
1747 3412 187 54 non
1854 3412 293 54 dicitur
2067 3412 293 54 praxis,
2253 3412 107 54 ut

1323 3486 227 59 actus
1474 3486 303 59 elicitus
1702 3486 328 59 immediate
1954 3486 126 59 a
2005 3486 328 59 voluntate
2232 3486 126 59 qui

1321 3563 182 57 non
1425 3563 311 57 includit
1658 3563 285 57 ordinem
1866 3563 156 57 ad
1944 3563 234 57 actum
2074 3563 285 57 imperatum
