2653 3979
190 311 310 56 Doctoris.
429 311 143 56 Si
501 311 191 56 vero
620 311 215 56 ponat
763 311 334 56 affectivam
1002 311 215 56 tertium

188 387 269 55 membrum
383 387 220 55 inter
530 387 269 55 practic
726 387 147 55 im
800 387 147 55 et
849 387 367 55 speculativam,

187 461 201 55 hoc
302 461 201 55 est
417 461 287 55 contra
617 461 287 55 primum
818 461 373 55 articulum
1076 461 143 55 ubi

192 532 316 51 ostensum
429 532 184 51 est
534 532 421 51 dilectionem,
876 532 237 51 etiam
1007 532 211 51 ultimi

187 609 216 53 finis
331 609 192 53 esse
451 609 216 53 veram
595 609 264 53 praxim,
788 609 144 53 et
860 609 168 53 per
932 609 288 53 consequens

185 685 364 54 scientiam
465 685 392 54 Theologia}
772 685 168 54 ad
856 685 252 54 ipsum
996 685 224 54 amorem

194 760 342 54 dirigentem
462 760 196 54 esse
585 760 196 54 vere
707 760 342 54 praclicam.
976 760 171 54 Est
1049 760 171 54 etiam

191 835 251 52 contra
367 835 276 52 inultas
567 835 427 52 auctoritates,
919 835 201 52 quae
1019 835 201 52 ponunt

186 908 320 55 scientiam
432 908 295 55 praecise
654 908 320 55 distingui
899 908 148 55 in
949 908 270 55 praclicam

191 988 141 50 et
237 988 352 50 speculativam.

243 1062 171 54 (b)
340 1062 244 54 Quinta
511 1062 195 54 via,
632 1062 195 54 quae
754 1062 171 54 est
852 1062 292 54 Gulielmi
1046 1062 171 54 Varr.

190 1137 200 55 lib.
315 1137 150 55 1.
390 1137 150 55 q.
466 1137 150 55 4.
541 1137 225 55 dicit
691 1137 351 55 Theologiam
967 1137 200 55 esse
1067 1137 150 55 con¬-

195 1212 390 55 templativam,
511 1212 195 55 etc.
633 1212 195 55 ibi.
755 1212 317 55 Respondet
974 1212 244 55 Augusti-

174 1284 262 57 p°i'ti°
365 1284 167 57 nus
460 1284 143 57 id
532 1284 167 57 est
627 1284 238 57 portio
794 1284 286 57 superior
985 1284 238 57 respicit

178 1365 246 54 nferior.
362 1365 225 54 aeterna
526 1365 123 54 et
587 1365 246 54 inferior
771 1365 307 54 temporalia,
1017 1365 164 54 idem
1099 1365 123 54 enim

190 1440 352 56 intellectus
471 1440 141 56 ut
542 1440 305 56 cognoscit
776 1440 282 56 aeterna,
987 1440 164 56 per
1058 1440 164 56 talem

189 1515 360 56 cognitionem
477 1515 264 56 dicitur
669 1515 240 56 porlio
837 1515 312 56 superior,
1077 1515 144 56 et
1125 1515 96 56 ut

187 1591 201 55 idem
312 1591 326 55 cognoscit
563 1591 377 55 temporalia,
865 1591 176 55 per
965 1591 226 55 talem
1091 1591 126 55 co¬-

185 1663 304 58 gnitionem
419 1663 257 58 dicitur
606 1663 234 58 portio
769 1663 304 58 inferior,
1003 1663 164 58 ita
1074 1663 140 58 quod

184 1742 144 53 in
256 1742 193 53 tali
377 1742 337 53 intellectu
641 1742 193 53 ante
762 1742 313 53 hujusmodi
978 1742 241 53 cogniti¬-

184 1815 233 57 ones,
339 1815 181 57 non
443 1815 181 57 est
546 1815 388 57 distinguere
856 1815 155 57 ex
934 1815 258 57 natura
1089 1815 129 57 rei

184 1887 335 54 portionem
442 1887 361 54 superiorem
725 1887 155 54 et
803 1887 387 54 inferiorem.
1086 1887 129 54 Hoc

181 1962 213 54 idem
315 1962 213 54 dico
448 1962 160 54 de
528 1962 346 54 voluntate
794 1962 213 54 quae
927 1962 160 54 ut
980 1962 240 54 diligit

185 2039 276 53 aeterna
386 2039 276 53 dicitur
587 2039 251 53 portio
763 2039 327 53 superior,
1014 2039 151 53 ut
1064 2039 151 53 vero

189 2113 257 56 diligit
375 2113 327 56 temporalia
632 2113 257 56 dicitur
818 2113 233 56 portio
958 2113 257 56 inferior.

186 2189 176 56 Sed
287 2189 151 56 de
362 2189 328 56 hujusmodi
614 2189 378 56 portionibus
917 2189 202 56 vide
1017 2189 202 56 vecto¬-

188 2264 157 53 rem
277 2264 134 53 in
344 2264 134 53 2.
412 2264 134 53 d.
479 2264 157 53 24.
568 2264 134 53 et
636 2264 134 53 in
703 2264 134 53 3.
770 2264 134 53 d.
837 2264 157 53 16.
927 2264 134 53 et
994 2264 179 53 vide
1084 2264 134 53 quae

187 2340 163 54 ibi
280 2340 257 54 prolixe
467 2340 280 54 exposui,
677 2340 304 54 praecipue
910 2340 140 54 in
981 2340 140 54 2.
1051 2340 140 54 d.
1097 2340 117 54 24.

239 2418 137 52 In
308 2418 251 52 utraque
490 2418 273 52 portione
695 2418 160 52 est
786 2418 296 52 trinitas,
991 2418 228 52 scilicet

183 2491 144 55 in
255 2491 312 55 superiori
495 2491 264 55 proprie
687 2491 168 55 est
783 2491 216 55 imago
903 2491 312 55 Trinitatis,

180 2568 127 65 >la
252 2568 181 65 portio
379 2568 109 65 de
433 2568 127 65 quo
506 2568 145 65 vide
596 2568 163 65 infra
705 2568 217 65 Voctorem
868 2568 145 65 drsA
959 2568 109 65 3.
1013 2568 199 65 quaesi.
1140 2568 72 65 9.

173 2642 407 74 ntempfa-siye
503 2642 153 74 et
580 2642 153 74 in
656 2642 178 74 16.
758 2642 153 74 et
834 2642 153 74 d.
911 2642 178 74 34.
1012 2642 153 74 et
1063 2642 153 74 quae

176 2714 199 58 tiva-
308 2714 155 58 ibi
397 2714 265 58 exposui.
596 2714 177 58 Sola
706 2714 221 58 igitur
861 2714 221 58 portio
993 2714 221 58 superior

184 2794 175 53 est
284 2794 426 53 contemplativa
635 2794 175 53 cum
735 2794 326 53 respiciat
961 2794 251 53 aeterna;

179 2868 252 57 igitur
355 2868 201 57 ista
481 2868 403 57 contemplatio
808 2868 151 57 de
884 2868 176 57 qua
959 2868 252 57 Augusti¬-

180 2944 176 55 nus
281 2944 328 55 loquitur,
533 2944 176 55 non
633 2944 403 55 determinatur
961 2944 151 55 ad
1011 2944 202 55 specu¬-

178 3018 282 57 lationem
390 3018 212 57 intra
531 3018 212 57 genus
672 3018 329 57 scientiae,
931 3018 141 57 id
1001 3018 165 57 est
1072 3018 141 57 quod

179 3095 375 54 contemplatio
483 3095 188 54 illa
601 3095 164 54 non
694 3095 281 54 includit
905 3095 281 54 praecise
1093 3095 117 54 no¬-

179 3170 230 53 titiam
340 3170 138 53 de
409 3170 299 53 aeternis,
639 3170 161 53 ita
731 3170 184 53 quod
846 3170 230 53 tantum
984 3170 230 53 sistatur

177 3246 144 55 in
249 3246 385 55 speculatione
562 3246 289 55 illorum.
778 3246 168 55 Sed
874 3246 216 55 illud
995 3246 216 55 contem¬-

176 3322 310 55 plativum
409 3322 310 55 continet
641 3322 336 55 memoriam,
873 3322 336 55 intelligen-

182 3397 201 53 tiam
308 3397 151 53 et
383 3397 377 53 voluntatem;
685 3397 277 53 accipit
886 3397 176 53 hic
962 3397 252 53 memoriam

183 3473 157 56 pro
272 3473 269 56 perfecta
474 3473 358 56 fecunditate,
764 3473 179 56 quae
876 3473 134 56 ut
943 3473 179 56 sic,
1033 3473 179 56 inclu¬-

184 3547 180 53 dit
287 3547 386 53 intellectum
596 3547 154 53 et
673 3547 386 53 voluntatem,
982 3547 154 53 ut
1034 3547 180 53 infra

1276 306 235 56 patebit
1447 306 192 56 dist.
1575 306 128 56 3.
1639 306 235 56 quaest.
1810 306 171 56 ult.
1916 306 128 56 et
1959 306 342 56 intelligentiam

1268 383 177 54 pro
1369 383 277 54 actuali
1570 383 429 54 intellectione
1924 383 378 54 aeternorum,
2201 383 101 54 et

1267 460 353 53 voluntatem
1544 460 176 53 pro
1645 460 277 53 actuali
1846 460 227 53 amore
1972 460 328 53 aeternorum,

1268 533 141 54 ut
1339 533 212 54 infra
1480 533 259 54 patebit
1668 533 212 54 dist.
1809 533 118 54 3
1856 533 259 54 quaest.
2044 533 259 54 ultima.
2209 533 94 54 Et

1267 609 173 54 sic
1366 609 222 54 patet
1514 609 197 54 quod
1638 609 395 54 contemplatio
1958 609 197 54 ista
2082 609 173 54 non
2156 609 148 54 stat

1268 685 289 54 praecise
1485 685 144 54 in
1557 685 361 54 cognitione,
1846 685 169 54 sed
1942 685 217 54 etiam
2086 685 144 54 in
2135 685 169 54 amore

1268 761 176 54 rei
1369 761 327 54 cognita),
1620 761 151 54 et
1696 761 176 54 sic
1797 761 302 54 cognitio
1998 761 302 54 aeternorum

1268 836 327 52 ordinatur
1520 836 151 52 ad
1595 836 252 52 amorem
1771 836 302 52 illorum,
1998 836 151 52 et
2073 836 176 52 per
2149 836 151 52 con¬-

1270 913 257 53 sequens
1456 913 187 53 erit
1573 913 187 53 vere
1666 913 257 53 practica.

1601 1043 325 39 SCHOLIUM.

1318 1166 216 49 Sexta
1462 1166 313 49 sententia
1703 1166 313 49 Goffredi,
1943 1166 192 49 quam
2039 1166 265 49 sequuntur

1269 1230 345 50 Nominales,
1541 1230 271 50 Occham,
1738 1230 222 50 Gabr.
1886 1230 247 50 Major.
2058 1230 222 50 Greg.
2182 1230 123 50 te¬-

1272 1293 169 51 net
1368 1293 337 51 Theologiam
1633 1293 193 51 esse
1753 1293 241 51 partim
1922 1293 337 51 practicam,
2163 1293 144 51 par-

1269 1355 181 51 tim
1373 1355 441 51 speculativam,
1736 1355 233 51 sicut
1891 1355 311 51 doctrina
2125 1355 156 51 in
2176 1355 130 51 qua

1270 1419 241 49 essent
1438 1419 241 49 aliqua
1607 1419 144 49 de
1679 1419 217 49 Jure,
1824 1419 144 49 et
1896 1419 241 49 aliqua
2064 1419 144 49 de
2112 1419 193 49 Philo¬-

1271 1483 258 48 sophia.
1458 1483 304 48 Probatur,
1692 1483 187 48 quia
1809 1483 304 48 Theologia
2043 1483 258 48 tractat
2207 1483 94 48 de

1270 1545 375 51 operabilibus
1574 1545 352 51 distinctius
1856 1545 188 51 quam
1973 1545 328 51 requiritur
2207 1545 94 51 ad

1270 1610 422 49 speculationem,
1621 1610 141 49 et
1691 1610 141 49 de
1761 1610 422 49 speculabilibus
2089 1610 211 49 distin¬-

1267 1675 238 50 ctius
1425 1675 211 50 quam
1557 1675 370 50 requiritur
1847 1675 158 50 ad
1926 1675 290 50 praxim;
2111 1675 185 50 ergo.

1271 1738 191 50 Hanc
1391 1738 263 50 refutat
1582 1738 263 50 Doctor.
1774 1738 239 50 Primo,
1941 1738 191 50 quia
2061 1738 168 50 cum
2133 1738 168 50 Theo¬-

1269 1803 221 45 logia
1417 1803 245 45 nostra
1588 1803 172 45 non
1686 1803 245 45 habeat
1858 1803 343 45 evidentiam
2127 1803 147 45 ex
2176 1803 123 45 ob¬-

1263 1862 236 54 jecto,
1429 1862 165 54 non
1523 1862 213 54 debet
1665 1862 307 54 distingui
1901 1862 213 54 juxta
2019 1862 284 54 operabilia

1271 1928 141 51 et
1341 1928 399 51 speculabilia,
1669 1928 211 51 alias
1810 1928 258 51 ponenda
1998 1928 211 51 esset
2115 1928 188 51 duplex

1271 1991 198 52 fides
1403 1991 220 52 infusa
1556 1991 132 52 de
1622 1991 220 52 istis.
1776 1991 263 52 Secundo,
1974 1991 198 52 licet
2105 1991 154 52 sit
2171 1991 132 52 pro¬-

1267 2054 258 50 babile
1448 2054 155 50 in
1525 2054 258 50 nostra
1706 2054 336 50 Theologia
1964 2054 207 50 esse
2068 2054 232 50 habitum

1267 2120 394 48 speculativum
1587 2120 148 48 et
1661 2120 345 48 practicum,
1932 2120 221 48 tamen
2080 2120 148 48 in
2129 2120 172 48 Theo¬-

1266 2182 232 55 logia
1421 2182 155 55 in
1498 2182 155 55 se
1576 2182 181 55 non
1679 2182 232 55 habet
1834 2182 413 55 apparentiam,
2143 2182 155 55 quia

1266 2245 207 48 ejus
1395 2245 310 48 objectum
1628 2245 181 48 est
1731 2245 310 48 essentia
1963 2245 181 48 Dei
2067 2245 155 48 in
2144 2245 155 48 se
2196 2245 103 48 ut

1265 2309 244 54 hssc,
1428 2309 163 54 et
1509 2309 272 54 maxime
1699 2309 244 54 unum.
1862 2309 299 54 Tertio,
2053 2309 244 54 suprema

1266 2374 302 49 scientia
1493 2374 227 49 debet
1644 2374 202 49 esse
1770 2374 202 49 una.
1896 2374 277 49 Quarto,
2072 2374 227 49 deducit

1265 2438 317 51 rationem
1503 2438 264 51 Goffr.
1688 2438 159 51 ad
1767 2438 370 51 oppositum,
2058 2438 212 51 quia
2164 2438 132 51 non

1265 2502 288 52 traditur
1481 2502 240 52 aliqua
1649 2502 288 52 cognitio
1864 2502 144 52 in
1936 2502 312 52 Theologia
2152 2502 144 52 nisi

1263 2563 148 54 de
1337 2563 222 54 fine,
1485 2563 172 54 vel
1584 2563 148 54 de
1658 2563 419 54 conditionibus
1978 2563 320 54 appetibili-

1263 2628 221 53 tatis
1411 2628 221 53 ejus,
1558 2628 172 53 vel
1657 2628 221 53 eorum
1804 2628 197 53 quse
1927 2628 197 53 sunt
2050 2628 148 53 ad
2099 2628 197 53 ipsum,

1266 2691 172 53 vel
1365 2691 147 53 de
1438 2691 319 53 aliquibus
1683 2691 147 53 in
1757 2691 245 53 quibus
1928 2691 270 53 operans
2100 2691 196 53 errare

1266 2756 236 53 poterit
1437 2756 172 53 nisi
1545 2756 301 53 dirigatur,
1781 2756 129 53 et
1846 2756 193 53 omnis
1975 2756 193 53 talis
2082 2756 215 53 cognitio

1266 2821 145 45 est
1328 2821 228 45 practica.

1318 2936 218 66 Alia
1454 2936 191 66 (a)
1563 2936 191 66 est
1672 2936 272 66 opinio
1862 2936 381 66 discordans
2162 2936 136 66 a
2189 2936 136 66 27.

1264 3006 406 77 praecedentibus
1603 3006 135 77 in
1671 3006 361 77 conclusione,
1964 3006 181 77 quae
2077 3006 226 77 Quodi?
2212 3006 113 77 13.

1259 3086 246 71 dicit
1423 3086 219 71 quod
1559 3086 219 71 ista
1696 3086 328 71 scientia
1942 3086 191 71 est
2052 3086 273 71 specu-
2216 3086 109 71 q’

1255 3163 305 68 lativa
1469 3163 183 68 et
1561 3163 397 68 practica.
1866 3163 244 68 Quod
1988 3163 305 68 probatur

1254 3238 473 62 dupliciter.
1632 3238 221 62 Uno
1758 3238 252 62 modo
1915 3238 221 62 sic
2041 3238 158 62 :
2073 3238 221 62 sicut

1255 3315 367 65 doctrina
1530 3315 244 65 illa
1683 3315 183 65 in
1775 3315 214 65 qua
1866 3315 428 65 scriberentur

1258 3392 287 65 aliqua
1459 3392 172 65 de
1546 3392 259 65 Jure,
1718 3392 172 65 et
1804 3392 287 65 aliqua
2006 3392 172 65 de
2063 3392 230 65 Philo¬-

1259 3468 287 68 sophia
1460 3468 258 68 esset
1633 3468 431 68 speculativa
1977 3468 172 68 et
2035 3468 258 68 practi¬-

1258 3544 201 59 ca,
1373 3544 229 59 sive
1516 3544 459 59 scriberentur
1889 3544 172 59 in
1947 3544 344 59 distinctis
