2624 3979
281 286 148 56 et
355 286 394 56 aequalitate.
675 286 221 56 Prima
823 286 221 56 tamen
970 286 320 56 expositio
1192 286 123 56 ma¬-

278 362 178 56 gis
379 362 279 56 videtur
582 362 152 56 ad
658 362 254 56 mentem
836 362 330 56 Doctoris,
1090 362 152 56 ut
1140 362 178 56 palet

279 439 169 55 hic
375 439 144 55 in
447 439 289 55 littera,
664 439 169 55 ubi
760 439 289 55 expresse
977 439 193 55 vult
1097 439 193 55 quod
1194 439 120 55 es¬-

276 514 320 46 sentiale
516 514 187 46 est
623 514 240 46 ratio
783 514 320 46 absolute
996 514 320 46 terminandi

275 590 240 57 actum
435 590 294 57 amandi,
649 590 160 57 et
729 590 187 57 per
836 590 374 57 consequens
1129 590 160 57 si
1183 590 133 57 pa¬-

279 666 270 59 ternitas
482 666 406 59 intelligeretur
820 666 361 59 circumscribi
1113 666 113 59 a
1136 666 180 59 perfe¬-

281 742 241 56 ctione
450 742 266 56 divina,
643 742 362 56 essentiali,
933 742 217 56 magis
1053 742 266 56 diceretur

283 818 296 55 objectum
505 818 395 55 speculabile,
826 818 197 55 quia
950 818 148 55 ut
1024 818 173 55 sic
1123 818 173 55 non
1197 818 123 55 es¬-

285 895 172 57 set
384 895 221 57 ^atio
531 895 344 57 terminandi
802 895 221 57 actum
925 895 221 57 amandi.

256 981 173 61 122.
365 981 152 61 (h)
451 981 152 61 Cum
538 981 260 61 instatur
733 981 130 61 de
798 981 195 61 illis
928 981 347 61 veritatibus,
1188 981 130 61 etc.

288 1058 192 55 Ilie
408 1058 265 55 adverte
601 1058 240 55 primo,
769 1058 192 55 quod
889 1058 192 55 haec
1009 1058 265 55 veritas
1178 1058 144 55 com¬-

286 1132 217 60 plexa
431 1132 121 60 :
479 1132 193 60 Deus
599 1132 169 60 est
696 1132 241 60 trinus
865 1132 145 60 et
937 1132 217 60 unus,
1082 1132 169 60 non
1154 1132 169 60 dici¬-

290 1208 160 58 tur
382 1208 252 58 proprie
565 1208 298 58 continere
794 1208 275 58 notitiam
977 1208 343 58 rectitudinis,

287 1283 192 58 etc.
407 1283 192 58 quia
527 1283 264 58 notitia
719 1283 408 58 conclusionis,
1031 1283 288 58 demonstra¬-

287 1359 194 55 bilis
417 1359 323 55 virlualiter
675 1359 301 55 continetur
912 1359 108 55 a
955 1359 301 55 principiis
1192 1359 151 55 vel
1256 1359 65 55 a

282 1435 279 56 notitia
485 1435 431 56 principiorum,
840 1435 152 56 ut
916 1435 228 56 supra
1068 1435 254 56 patuit
1221 1435 102 56 de

287 1511 289 59 subjecto
504 1511 361 59 Theologiae.
792 1511 169 59 Sed
889 1511 265 59 dicitur
1057 1511 265 59 continere

290 1588 337 56 virlualiter
559 1588 247 56 ratione
739 1588 292 56 subjecti,
964 1588 270 56 scilicet
1144 1588 180 56 ipsius

288 1665 169 56 Dei
385 1665 121 56 a
433 1665 169 56 quo
530 1665 411 56 principaliter
868 1665 314 56 accipitur
1085 1665 242 56 rectitu¬-

287 1741 186 56 do,
394 1741 186 56 tam
500 1741 426 56 principiorum
847 1741 213 56 quam
953 1741 373 56 conclusionum

285 1817 495 59 praclicabilium,
702 1817 156 59 ut
780 1817 235 59 supra
937 1817 287 59 patuit,
1145 1817 156 59 et
1198 1817 130 59 sic

285 1894 261 48 Deitas
468 1894 183 48 vel
572 1894 287 48 notitia
781 1894 313 48 Deitatis
990 1894 339 48 virlualiter

288 1969 320 56 continet
528 1969 426 56 rectitudinem
874 1969 320 56 notitiae
1114 1969 240 56 hujus
1247 1969 80 56 :

288 2046 220 55 Deus
425 2046 192 55 est
535 2046 275 55 trinus
727 2046 165 55 et
809 2046 247 55 unus,
974 2046 165 55 id
1056 2046 220 55 est,
1166 2046 165 55 quod

294 2123 148 48 ex
368 2123 148 48 se
443 2123 346 48 necessario
714 2123 247 48 causat
887 2123 296 48 notitiam
1110 2123 222 48 trium
1233 2123 99 48 ut

291 2198 293 55 rectam.
504 2198 213 55 Nota
638 2198 320 55 secundo,
877 2198 213 55 quod
1010 2198 266 55 potest
1170 2198 160 55 esse

295 2275 254 55 notitia
479 2275 208 55 recta
618 2275 185 55 quae
733 2275 277 55 praecise
941 2275 254 55 regulet
1125 2275 138 55 in
1172 2275 161 55 dile¬-

299 2352 265 55 ctionem
492 2352 217 55 unius
636 2352 313 55 personae,
877 2352 241 55 patet,
1045 2352 193 55 quia
1141 2352 193 55 viator

294 2427 248 59 potest
468 2427 223 59 recte
616 2427 198 59 frui
740 2427 173 59 una
839 2427 272 59 persona
1037 2427 173 59 non
1111 2427 223 59 fruendo

300 2506 189 55 alia,
426 2506 126 55 ut
489 2506 189 55 patet
616 2506 105 55 a
658 2506 231 55 Ductore
826 2506 274 55 distinet.
1036 2506 126 55 1.
1100 2506 231 55 qusest.
1247 2506 84 55 2.

297 2580 133 49 et
363 2580 133 49 in
430 2580 133 49 2.
496 2580 287 49 distinet.
717 2580 155 49 43.
805 2580 199 49 Licet
938 2580 177 49 enim
1049 2580 177 49 illa
1137 2580 199 49 notitia

298 2658 304 53 excludat
525 2658 202 53 actu
652 2658 228 53 aliam
804 2658 329 53 personam,
1057 2658 177 53 non
1133 2658 202 53 exclu¬-

299 2733 198 55 dit.
423 2733 222 55 tamen
571 2733 420 55 habitualiter,
917 2733 148 55 ut
991 2733 222 55 infra
1115 2733 222 55 patebit

300 2810 293 55 distinet.
526 2810 135 55 1.
593 2810 248 55 qusest.
773 2810 135 55 2.
841 2810 180 55 tunc
953 2810 180 55 enim
1066 2810 203 55 esset
1178 2810 158 55 actus

298 2886 169 54 non
395 2886 242 54 rectus
564 2886 145 54 si
636 2886 363 54 simpliciter
926 2886 338 54 excluderet
1168 2886 169 54 alias

298 2964 322 57 personas.
546 2964 297 57 Sequitur
769 2964 124 57 :
819 2964 273 57 Secunda
1017 2964 297 57 includit
1215 2964 124 57 no¬-

297 3038 254 55 titiam
475 3038 432 55 rectitudinis,
831 3038 305 55 secundum
1059 3038 203 55 quod
1161 3038 178 55 actus

299 3117 187 53 est
406 3117 240 53 circa
566 3117 214 53 duas
700 3117 321 53 personas
940 3117 267 53 quarum
1127 3117 187 53 una
1207 3117 134 53 est

302 3190 166 52 sic
397 3190 142 52 ab
468 3190 189 52 alia
586 3190 118 52 ;
633 3190 166 52 non
728 3190 189 52 enim
846 3190 189 52 haec
965 3190 260 52 veritas
1154 3190 118 52 :
1177 3190 166 52 Pater

302 3265 267 59 generat
496 3265 267 59 Filium,
690 3265 218 59 primo
835 3265 291 59 includit
1029 3265 315 59 virlualiter

305 3341 233 51 talem
461 3341 311 51 notitiam
694 3341 181 51 sic
798 3341 285 51 rectam,
1005 3341 181 51 sed
1109 3341 207 51 Deus
1212 3341 130 51 sub

303 3415 287 55 ratione
512 3415 339 55 Deitatis,
772 3415 156 55 eo
851 3415 209 55 modo
981 3415 183 55 quo
1085 3415 235 55 supra
1216 3415 130 55 ex¬-

308 3494 221 61 posui
455 3494 221 61 aliam
577 3494 392 61 propositionem.

254 3579 195 56 123.
375 3579 244 56 Potest
546 3579 219 56 etiam
692 3579 292 56 breviter
911 3579 219 56 dici,
1058 3579 195 56 quod
1155 3579 195 56 inclu¬

1370 284 153 54 dere
1465 284 305 54 rectitudinem
1714 284 248 54 notilise,
1905 284 191 54 potest
2038 284 267 54 dupliciter
2229 284 191 54 includer

1370 341 273 75 intelligi,
1584 341 253 75 videlicet
1778 341 292 75 originative
2012 341 117 75 et
2071 341 234 75 termina-
2226 341 195 75 renemdi"

1370 419 179 88 live.
1489 419 179 88 Primo
1608 419 159 88 modo
1708 419 258 88 rectitudo
1906 419 238 88 notitia)
2085 419 119 88 ab
2144 419 119 88 eo
2184 419 238 88 dujJotcest

1372 501 134 65 est
1448 501 286 65 originative
1677 501 95 65 a
1716 501 134 65 quo
1792 501 172 65 talis
1907 501 134 65 est
1983 501 229 65 notitia,
2155 501 115 65 et
2193 501 229 65 intelllo‘*

1364 585 182 47 sic
1468 585 130 47 a
1520 585 208 47 solo
1650 585 182 47 Deo
1754 585 182 47 sub
1858 585 286 47 ratione
2065 585 312 47 Deitatis
2273 585 130 47 est

1364 662 229 56 primo
1516 662 406 56 originative.
1846 662 279 56 Secundo
2049 662 203 56 modo
2176 662 203 56 ipsa
2278 662 127 56 ve¬-

1367 737 208 55 ritas
1505 737 277 55 complexa
1713 737 254 55 dicitur
1898 737 346 55 virlualiter
2151 737 254 55 continere

1367 816 379 54 rectitudinem
1675 816 308 54 notilise,
1912 816 166 54 pro
2007 816 237 54 quanto
2173 816 213 54 talis
2292 816 118 54 no¬-

1372 892 228 55 titia
1524 892 355 55 terminatur
1803 892 152 55 ad
1879 892 203 55 tale
2006 892 355 55 complexum,
2260 892 152 55 ideo

1371 968 201 55 enim
1497 968 176 55 est
1597 968 252 55 recta,
1774 968 201 55 quia
1900 968 176 55 est
2000 968 227 55 talis
2126 968 277 55 complexi,

1369 1044 234 53 sicut
1525 1044 286 53 dicimus
1733 1044 234 53 etiam
1889 1044 208 53 quod
2018 1044 208 53 ideo
2148 1044 234 53 actus
2278 1044 130 53 est

1370 1121 212 53 bonus
1512 1121 141 53 ex
1582 1121 259 53 genere,
1770 1121 188 53 quia
1888 1121 259 53 transit
2076 1121 188 53 sive
2170 1121 235 53 termina¬-

1372 1196 177 54 tur
1473 1196 152 54 ad
1549 1196 202 54 tale
1675 1196 328 54 objectum,
1927 1196 152 54 ut
2003 1196 227 54 patet
2155 1196 126 54 a
2180 1196 227 54 Doctore

1372 1274 126 42 in
1435 1274 126 42 2.
1498 1274 189 42 dist.
1603 1274 84 42 7.

1429 1340 135 63 (i)
1506 1340 116 63 Si
1564 1340 270 63 objiciatur
1775 1340 193 63 contra
1910 1340 135 63 hoc
1987 1340 154 63 sic.
2083 1340 135 63 Hic
2160 1340 135 63 Do-
2218 1340 212 63 obJectl°*

1375 1424 193 55 ctor
1495 1424 241 55 arguit
1664 1424 313 55 probando,
1905 1424 193 55 quod
2025 1424 265 55 notitia
2217 1424 144 55 de
2266 1424 144 55 per¬-

1369 1495 346 54 sonalibus
1635 1495 186 54 sit
1742 1495 399 54 simpliciter
2034 1495 372 54 speculativa,

1379 1570 162 56 quia
1480 1570 142 56 non
1561 1570 223 56 regulat
1723 1570 284 56 voluntatem
1946 1570 122 56 in
2007 1570 263 56 dilectio-
2189 1570 243 56 Essentiale

1378 1647 139 66 nem
1458 1647 318 66 personalium,
1716 1647 199 66 patet,
1855 1647 159 66 quia
1955 1647 179 66 ratio
2074 1647 199 66 termi-
2193 1647 239 66 perfecii-J

1379 1724 182 52 nandi
1500 1724 182 52 actum
1622 1724 304 52 dilectionis
1865 1724 142 52 est
1946 1724 223 52 bonitas
2109 1724 142 52 es-
2190 1724 122 52 in
2230 1724 203 52 divinis,

1382 1788 240 68 sentialis
1566 1788 92 68 ;
1603 1788 166 68 solum
1714 1788 148 68 enim
1806 1788 259 68 essentiale
2009 1788 148 68 quod
2102 1788 166 68 dicit
2194 1788 240 68 "aiionale"1

1374 1878 414 56 perfectionem
1710 1878 155 56 in
1788 1878 285 56 divinis
1995 1878 181 56 est
2073 1878 336 56 diligibile;

1374 1955 338 55 personale
1634 1955 234 55 autem
1790 1955 182 55 cum
1894 1955 260 55 nullam
2051 1955 364 55 perfectionem

1378 2031 336 55 formaliter
1642 2031 216 55 dicat
1786 2031 168 55 (ut
1882 2031 216 55 patet
2027 2031 120 55 a
2075 2031 264 55 Doctore
2243 2031 168 55 infra

1380 2108 298 54 distinet.
1610 2108 161 54 26.
1701 2108 138 54 et
1770 2108 207 54 alibi
1908 2108 230 54 saepe)
2069 2108 161 54 non
2161 2108 184 54 erit
2252 2108 161 54 ratio

1379 2183 352 46 terminandi
1656 2183 227 46 actum
1807 2183 403 46 dilectionis.
2134 2183 201 46 Modo
2235 2183 176 46 Theo¬-

1374 2259 254 57 logia
1543 2259 254 57 magis
1712 2259 197 57 est
1825 2259 169 57 de
1910 2259 451 57 personalibus
2248 2259 169 57 quam

1383 2337 144 53 de
1455 2337 433 53 essentialibus,
1816 2337 192 53 quia
1936 2337 361 53 essentialia
2201 2337 216 53 plurima

1381 2413 277 54 possunt
1582 2413 126 54 a
1633 2413 227 54 nobis
1784 2413 151 54 in
1860 2413 378 54 Metaphysica
2137 2413 277 54 cognosci;

1380 2489 219 56 ergo
1516 2489 355 56 Theologia
1790 2489 219 56 erit
1926 2489 246 56 magis
2063 2489 355 56 speculativa

1382 2568 201 54 quam
1482 2568 276 54 practica.

1438 2640 272 56 Respondet
1647 2640 230 56 Doctor,
1814 2640 167 56 quod
1919 2640 188 56 aliud
2044 2640 146 56 est
2128 2640 188 56 loqui
2232 2640 209 56 Solutio,

1386 2717 144 51 de
1458 2717 265 51 termino
1651 2717 361 51 dilectionis
1940 2717 144 51 ut
2012 2717 193 51 quo,
2132 2717 144 51 et
2204 2717 217 51 aliud
2325 2717 96 51 ut

1383 2793 222 55 quod,
1532 2793 198 55 sive
1655 2793 222 55 aliud
1803 2793 222 55 loqui
1952 2793 148 55 de
2026 2793 272 55 ratione
2199 2793 222 55 formali

1382 2870 373 52 terminandi
1676 2870 240 52 actum
1836 2870 427 52 dilectionis,
2182 2870 160 52 et
2235 2870 187 52 aliud

1371 2946 196 55 -est
1493 2946 221 55 loqui
1640 2946 147 55 de
1714 2946 147 55 re
1787 2946 196 55 quae
1910 2946 319 55 terminat.
2155 2946 221 55 Primo
2277 2946 147 55 modo

1385 3015 294 57 ponitur
1599 3015 347 57 perfectio
1866 3015 187 57 sua
1972 3015 294 57 bonitas
2186 3015 213 57 sive
2293 3015 133 57 es¬-

1389 3085 314 47 sentialis
1630 3085 193 47 sive
1751 3085 386 47 aitributalis
2064 3085 217 47 ratio
2185 3085 241 47 formalis

1389 3156 346 46 terminandi
1661 3156 222 46 actum
1809 3156 395 46 dilectionis.
2130 3156 272 46 Secundo
2303 3156 123 46 mo-

1388 3228 155 55 bo
1466 3228 311 55 ponuntur
1699 3228 311 55 personae
1932 3228 363 55 terminare,
2217 3228 181 55 sed
2295 3228 129 55 ta¬-

1389 3296 186 47 men
1496 3296 186 47 non
1602 3296 320 47 sufficit
1842 3296 160 47 ad
1922 3296 426 47 rectitudinem
2242 3296 186 47 actus

1391 3366 224 57 quod
1531 3366 280 57 habeat
1727 3366 336 57 rationem
1978 3366 336 57 formalem
2202 3366 224 57 conve¬-

1393 3436 278 56 nientem
1595 3436 152 56 in
1671 3436 304 56 objecto,
1899 3436 177 56 sed
2000 3436 228 56 etiam
2126 3436 304 56 requiritur

1397 3507 212 58 quod
1529 3507 264 58 habeat
1714 3507 317 58 objectum
1952 3507 370 58 conveniens
2243 3507 159 58 in
2296 3507 132 58 quo

1404 3577 141 45 sil
1484 3577 181 45 talis
1605 3577 181 45 ratio
1706 3577 222 45 formalis.
