2653 3979
195 314 186 53 ipsa
311 314 325 53 necessario
566 314 279 53 convenit
775 314 232 53 praxi,
937 314 139 53 id
1007 314 162 53 est
1077 314 139 53 quod

190 389 226 55 talis
341 389 377 55 apprehensio
642 389 176 55 est
743 389 176 55 vel
843 389 352 55 formaliter
1094 389 126 55 vel

187 461 352 55 Virtual!ter
468 461 188 55 ipsa
585 461 305 55 rectitudo
820 461 258 55 praxis,
1008 461 141 55 ut
1055 461 164 55 supra

187 537 294 54 exposui,
407 537 147 54 et
480 537 171 54 hoc
578 537 245 54 quando
749 537 220 54 ipsa,
896 537 294 54 scilicet
1092 537 122 54 ap¬-

187 611 305 54 prehensio
421 611 329 54 necessario
679 611 282 54 convenit
890 611 235 54 praxi,
1055 611 141 54 id
1102 611 117 54 est

186 687 245 55 quando
358 687 196 55 ipsa
481 687 343 55 necessario
750 687 172 55 est
848 687 245 55 recta.
1020 687 172 55 Non
1093 687 123 55 est

181 763 239 53 autem
341 763 371 53 necessario
632 763 239 53 recta
792 763 212 53 nisi
924 763 159 53 ab
977 763 239 53 objecto

181 840 378 54 necessario,
483 840 201 54 quod
609 840 176 54 dat
710 840 352 54 necessario
961 840 252 54 rectitu¬-

185 914 211 56 dinem
325 914 234 56 praxi,
489 914 141 56 ut
560 914 211 56 supra
700 914 211 56 dixi,
841 914 141 56 et
911 914 258 56 dicitur
1075 914 141 56 con¬-

178 987 266 59 venire
364 987 372 59 necessario
656 987 266 59 praxi,
842 987 212 59 quia
975 987 239 59 habet
1108 987 106 59 ab

179 1062 272 61 objecto
377 1062 346 61 necessario
649 1062 198 61 hanc
772 1062 420 61 rectitudinem,
1093 1062 124 61 cui

181 1142 230 54 praxis
342 1142 368 54 conforrniter
640 1142 161 54 est
709 1142 276 54 elicienda.

228 1219 192 57 (d)
337 1219 192 57 Cum
447 1219 329 57 ulterius
694 1219 329 57 additur,
941 1219 219 57 quod
1050 1219 165 57 tunc

177 1294 289 51 voluntas
394 1294 169 51 sit
490 1294 362 51 determinata
780 1294 289 51 aliunde,
997 1294 145 51 id
1069 1294 169 51 est
1142 1294 72 51 a

179 1371 197 56 tali
302 1371 418 56 apprehensione
647 1371 295 56 objecti,
868 1371 295 56 negandum
1065 1371 148 56 est,

175 1447 311 57 loquendo
409 1447 156 57 de
486 1447 467 57 determinatione
876 1447 208 57 quae
1005 1447 182 57 (it
1083 1447 130 57 per

178 1523 216 58 agens
322 1523 361 58 sufficiens,
611 1523 216 58 sicut
755 1523 265 58 dicimus
947 1523 192 58 quod
1044 1523 168 58 causa

172 1598 246 60 prima
335 1598 382 60 determinat
636 1598 328 60 secundum
881 1598 164 60 ad
936 1598 273 60 agendum,

177 1675 164 58 vel
270 1675 188 58 quod
388 1675 211 58 calor
528 1675 141 58 in
599 1675 211 58 ligno
739 1675 375 58 sufficienter
1020 1675 188 58 deter¬-

171 1751 259 60 minat
344 1751 259 60 ipsum
517 1751 173 60 ad
603 1751 346 60 agendum,
862 1751 173 60 et
949 1751 202 60 hoc
1035 1751 173 60 modo

175 1829 409 60 apprehensio
502 1829 191 60 non
611 1829 382 60 determinat
884 1829 327 60 voluntatem

175 1906 308 54 divinam
399 1906 168 54 ad
483 1906 336 54 volendum
734 1906 196 54 rem
818 1906 392 54 apprehensam,

178 1982 196 61 quia
301 1982 172 61 hoc
399 1982 343 61 repugnaret
669 1982 441 61 perfectissimae
1012 1982 196 61 liber¬-

176 2057 238 59 tati.
334 2057 159 59 Et
414 2057 264 59 posito
599 2057 212 59 quod
731 2057 238 59 talis
863 2057 344 59 apprehensio

176 2134 362 58 concurrat,
460 2134 155 58 ut
538 2134 362 58 partialis,
822 2134 233 58 causa
977 2134 155 58 ad
1029 2134 181 58 actum

178 2210 336 59 voluntatis
442 2210 288 59 (tenendo
658 2210 216 59 illam
801 2210 264 59 tertiam
969 2210 240 59 positio¬-

172 2286 196 58 nem
284 2286 168 58 d.
368 2286 196 58 25.
480 2286 336 58 secundi)
733 2286 252 58 adhuc
901 2286 252 58 nullo
1041 2286 168 58 modo

176 2364 429 57 determinaret,
529 2364 202 57 quia
656 2364 253 57 semper
832 2364 303 57 voluntas
1034 2364 177 57 divi¬-

176 2443 148 56 na
250 2443 221 56 esset
398 2443 394 56 principalior
718 2443 221 56 causa
865 2443 172 56 sui
964 2443 246 56 actus,
1112 2443 98 56 et

178 2518 161 58 hoc
270 2518 184 58 est,
385 2518 184 58 quod
500 2518 207 58 dicit
638 2518 207 58 parum
777 2518 207 58 infra
915 2518 115 58 :
961 2518 207 58 licet
1076 2518 138 58 enim

179 2599 153 52 non
267 2599 219 52 possit
420 2599 328 52 dissentire,
660 2599 131 52 etc.

228 2684 177 58 (e)
329 2684 177 58 Sed
430 2684 151 58 ex
505 2684 379 58 perfectione
808 2684 353 58 voluntatis
1061 2684 151 58 est,

180 2759 188 58 quod
297 2759 188 58 ipsa
414 2759 234 58 tantum
578 2759 188 58 nata
695 2759 188 58 est,
812 2759 188 58 etc.
930 2759 188 58 Vult
1023 2759 188 58 dicere

176 2837 198 57 quod
300 2837 247 57 quando
473 2837 371 57 intellectus
769 2837 272 57 divinus
942 2837 272 57 cognoscit

178 2915 288 56 objectum
394 2915 144 56 ut
466 2915 360 56 diligibile,
754 2915 288 56 voluntas
970 2915 240 56 divina
1114 2915 96 56 ex

177 2989 172 57 sua
276 2989 221 57 summa
423 2989 320 57 libertate
670 2989 271 57 diligit
866 2989 221 57 illud
990 2989 221 57 confor-

180 3068 194 53 miter
310 3068 172 53 tali
417 3068 280 53 notitiae,
632 3068 258 53 sequitur
826 3068 108 53 :
869 3068 151 53 hoc
955 3068 172 53 est,
1041 3068 172 53 tantum

176 3144 228 53 novit
328 3144 253 53 prius,
505 3144 253 53 supple
682 3144 380 53 intellectus
960 3144 253 53 divinus,

179 3222 285 53 quantum
387 3222 259 53 potest
568 3222 259 53 nosse,
750 3222 208 53 quod
880 3222 208 53 dico
983 3222 234 53 propter

180 3296 430 54 contingentia,
534 3296 253 54 quorum
711 3296 380 54 intellectus
989 3296 228 54 divinus

176 3374 202 43 non
292 3374 260 43 habet
465 3374 260 43 omnem
638 3374 347 43 notitiam
898 3374 231 43 ante
1014 3374 202 43 actum

179 3448 323 54 voluntatis
433 3448 277 54 divinae,
640 3448 138 54 ut
710 3448 208 54 patet
848 3448 115 54 a
894 3448 254 54 Doctore
1056 3448 161 54 infra

183 3523 217 53 dist.
327 3523 169 53 39.
424 3523 193 53 ideo
544 3523 217 53 circa
688 3523 217 53 illa,
833 3523 169 53 non
929 3523 265 53 oportet
1098 3523 120 53 vo¬-

178 3599 321 55 luntatem
419 3599 294 55 divinam
632 3599 427 55 conforrniter
980 3599 240 55 agere
1113 3599 107 55 ut

1267 316 320 58 potentiae
1514 316 271 58 priori,
1711 316 172 58 cum
1809 316 296 58 cognitio
2031 316 246 58 talium
2179 316 123 58 sit

1276 393 359 57 simpliciter
1563 393 335 57 posterior,
1827 393 192 57 quia
1947 393 216 57 ipsa,
2066 393 240 57 scilicet

1268 470 276 56 potentia
1475 470 368 56 intellectiva
1774 470 161 56 non
1867 470 207 56 prius
1982 470 322 56 conforrniter

1268 544 221 58 novit
1416 544 196 58 tale
1539 544 319 58 objectum,
1784 544 147 58 id
1858 544 172 58 est
1956 544 196 58 quod
2054 544 246 58 cognitio

1273 618 211 57 talis
1413 618 375 57 contingentis
1718 618 141 57 in
1788 618 328 57 intellectu
2045 618 234 57 divino
2186 618 117 57 non

1267 695 172 54 est
1366 695 246 54 prior,
1538 695 172 54 nec
1636 695 320 54 absolute,
1882 695 172 54 nec
1980 695 148 54 ut
2030 695 270 54 conforma-

1268 769 178 47 tiva
1379 769 178 47 actu
1490 769 311 47 voluntatis
1713 769 222 47 divinae.

1320 846 303 56 Sequitur,
1553 846 163 56 sed
1646 846 233 56 semper
1810 846 233 56 aliter
1973 846 257 56 accidit
2137 846 163 56 circa

1266 922 408 56 cognoscibilia
1602 922 336 56 necessaria
1865 922 144 56 ex
1937 922 168 56 se,
2033 922 192 56 quia
2129 922 168 56 talis

1268 996 281 57 cognitio
1478 996 304 57 praecedit
1713 996 141 57 ut
1783 996 211 57 prior
1923 996 304 57 absolute,
2157 996 141 57 et
2204 996 94 57 ut

1262 1073 222 53 prior
1411 1073 148 53 in
1485 1073 395 53 conformando,
1806 1073 148 53 et
1880 1073 222 53 dicit
2004 1073 296 53 necessaria

1263 1150 152 56 ex
1339 1150 177 56 se,
1440 1150 253 56 qualia
1616 1150 202 56 sunt
1743 1150 227 56 omnia
1894 1150 354 56 intrinseca
2147 1150 152 56 ipsi

1265 1225 188 58 Deo.
1382 1225 352 58 Quidditates
1664 1225 188 58 vero
1781 1225 188 58 quae
1899 1225 188 58 sunt
2016 1225 141 58 ab
2063 1225 235 58 aeterno,

1260 1303 213 56 sunt
1393 1303 266 56 tantum
1580 1303 399 56 necessariae
1899 1303 319 56 secundum
2112 1303 186 56 quid,

1263 1377 141 56 et
1334 1377 141 56 in
1405 1377 189 56 tali
1523 1377 212 56 etiam
1664 1377 189 56 esse
1782 1377 307 56 dependent
2018 1377 141 56 ab
2065 1377 236 56 intelle¬-

1266 1452 157 56 ctu
1355 1452 246 56 divino,
1534 1452 134 56 ut
1602 1452 202 56 patet
1736 1452 112 56 a
1781 1452 246 56 Doctore
1960 1452 202 56 infra
2094 1452 202 56 dist.
2206 1452 90 56 3.

1263 1530 265 50 quaesi.
1455 1530 144 50 4.
1527 1530 216 50 dist.
1672 1530 168 50 35.
1768 1530 168 50 36.
1864 1530 168 50 42.
1960 1530 144 50 et
2032 1530 144 50 in
2081 1530 216 50 secundo

1264 1605 201 56 dist.
1398 1605 134 56 1.
1465 1605 246 56 quaest.
1644 1605 134 56 1.
1711 1605 134 56 et
1778 1605 134 56 in
1845 1605 246 56 quolib.
2024 1605 246 56 quaest.
2181 1605 112 56 14.

1258 1680 148 56 Et
1332 1680 197 56 quod
1456 1680 222 56 etiam
1604 1680 247 56 dicit,
1777 1680 197 56 quod
1900 1680 296 56 voluntas
2098 1680 197 56 divina

1262 1757 343 56 necessario
1532 1757 368 56 conformatur
1826 1757 196 56 tali
1924 1757 368 56 apprehensioni

1258 1834 467 51 necessariorum,
1647 1834 181 51 non
1751 1834 363 51 necessario
2010 1834 285 51 conforma¬-

1259 1915 168 54 tur
1355 1915 144 54 ut
1427 1915 240 54 causae
1596 1915 337 54 necessario
1860 1915 337 54 producenti
2125 1915 144 54 et
2173 1915 120 54 de¬-

1257 1990 389 53 terminanti;
1568 1990 181 53 sed
1672 1990 181 53 hoc
1776 1990 181 53 est
1879 1990 156 53 ex
1957 1990 181 53 sua
2035 1990 259 53 infinita

1258 2066 404 56 perfectione,
1586 2066 202 56 quod
1712 2066 253 56 quando
1889 2066 354 56 ostenditur
2142 2066 152 56 sibi

1260 2142 148 56 ab
1334 2142 345 56 intellectu
1606 2142 296 56 objectum
1827 2142 345 56 formaliter
2074 2142 222 56 infini¬-

1262 2218 192 57 tum,
1382 2218 144 57 et
1454 2218 288 57 infinita
1670 2218 336 57 dilectione
1934 2218 360 57 diligibile,
2198 2218 96 57 et

1262 2296 326 56 necessario
1518 2296 256 56 diligit
1704 2296 210 56 illud
1844 2296 140 56 ut
1914 2296 210 56 magis
2053 2296 210 56 infra
2170 2296 116 56 pa¬-

1264 2373 211 55 tebit
1404 2373 211 55 dist.
1545 2373 164 55 10.
1639 2373 258 55 Sequens
1827 2373 258 55 littera
2014 2373 164 55 non
2085 2373 211 55 indiget

1262 2450 360 54 expositione
1550 2450 168 54 cum
1646 2450 168 54 hic
1742 2450 168 54 sit
1839 2450 240 54 clara,
2007 2450 144 54 et
2079 2450 216 54 etiam
2199 2450 96 54 ex

1241 2527 315 51 supradictis.

1606 2710 315 39 SCHOLIUM.

1308 2832 235 51 Quoad
1465 2832 366 51 Theologiam
1752 2832 470 51 contingentium,
2118 2832 183 51 docet

1265 2897 158 54 eam
1356 2897 180 54 esse
1468 2897 293 54 practicam
1694 2897 135 54 in
1761 2897 315 54 intellectu
2009 2897 248 54 creato,
2167 2897 135 54 quia

1272 2960 134 50 in
1339 2960 134 50 eo
1406 2960 224 50 potest
1563 2960 179 50 esse
1675 2960 291 50 conformis
1899 2960 224 50 praxi,
2056 2960 134 50 et
2100 2960 202 50 natura¬-

1265 3025 203 49 liter
1401 3025 203 49 prior
1536 3025 135 49 ip
1603 3025 135 49 a.
1671 3025 135 49 At
1739 3025 135 49 in
1806 3025 315 49 intellectu
2054 3025 225 49 divino
2189 3025 113 49 est

1267 3088 337 53 speculativa
1536 3088 269 53 respectu
1738 3088 269 53 propriae
1940 3088 337 53 volitionis,
2187 3088 112 53 qua

1263 3154 353 51 contingens,
1546 3154 188 51 quia
1664 3154 212 51 omnis
1805 3154 306 51 rectitudo
2017 3154 282 51 contingens

1263 3217 222 51 prius
1411 3217 222 51 habet
1559 3217 197 51 esse
1683 3217 123 51 a
1732 3217 321 51 voluntate
1978 3217 173 51 Dei
2077 3217 197 51 quam
2176 3217 123 51 co¬-

1267 3281 298 49 gnoscatur
1496 3281 137 49 ab
1565 3281 183 49 ejus
1679 3281 344 49 intellectu,
1954 3281 137 49 et
2023 3281 160 49 sic
2092 3281 206 49 volitio

1267 3346 161 49 Dei
1359 3346 321 49 contingens
1611 3346 207 49 prior
1749 3346 161 49 est
1841 3346 253 49 notitia
2025 3346 207 49 ejus.
2139 3346 161 49 Movet

1265 3409 271 52 dubium,
1463 3409 222 52 utrum
1611 3409 148 52 de
1685 3409 222 52 nulla
1832 3409 370 52 contingenti
2104 3409 197 52 opera¬-

1264 3473 217 44 tione
1409 3473 217 44 etiam
1553 3473 314 44 creaturae
1795 3473 241 44 habeat
1963 3473 193 44 Deus
2060 3473 241 44 notitiam

1267 3536 323 52 practicam,
1520 3536 138 52 et
1590 3536 300 52 respondet
1820 3536 300 52 negative,
2051 3536 138 52 si
2097 3536 207 52 tenean¬-

1265 3603 186 50 tur
1372 3603 213 50 duo.
1505 3603 293 50 Primum,
1718 3603 320 50 notitiam
1958 3603 346 50 practicam
2197 3603 107 50 et
