2624 3979
302 396 269 55 dicitur
497 396 293 55 potentia
717 396 318 55 executiva
961 396 269 55 sequens
1132 396 196 55 deter¬-

299 477 342 40 minationem
543 477 317 40 voluntatis.

347 547 198 57 (b)
460 547 254 57 Illud
629 547 282 57 primum
827 547 198 57 est
940 547 311 57 dubium.
1137 547 198 57 Dicit

293 624 289 54 Doctor
495 624 231 54 quod
640 624 202 54 est
756 624 318 54 dubium,
987 624 231 54 quod
1132 624 173 54 ad
1189 624 145 54 hoc

298 704 142 51 ut
369 704 236 51 aliqua
534 704 260 51 notitia
723 704 260 51 dicatur
912 704 307 51 practica,
1125 704 212 51 oportet

301 775 201 54 quod
427 775 176 54 sit
527 775 378 54 simpliciter
830 775 151 54 in
905 775 227 54 eodem
1031 775 302 54 supposito,

301 852 152 52 in
377 852 177 52 quo
478 852 253 52 praxis
654 852 303 52 elicitur
882 852 202 52 sive
1008 852 126 52 a
1058 852 177 52 quo
1134 852 202 52 praxis

304 927 305 51 elicitur.
538 927 235 51 Probat
702 927 211 51 tamen
843 927 164 51 hoc
937 927 258 51 duplici
1101 927 235 51 ratione,

302 1001 299 54 videlicet
532 1001 184 54 quod
647 1001 207 54 talis
785 1001 253 54 notitia
969 1001 184 54 qua;
1084 1001 161 54 non
1153 1001 184 54 respi-

298 1077 208 53 scit
428 1077 260 53 praxim
610 1077 156 53 in
688 1077 234 53 eodem
845 1077 364 53 supposito,
1131 1077 182 53 non
1209 1077 130 53 sit

298 1152 212 53 vere
431 1152 345 53 practica,
697 1152 212 53 quia
830 1152 159 53 si
909 1152 239 53 esset
1042 1152 292 53 practica,

298 1228 394 53 sequeretur
607 1228 225 53 quod
748 1228 337 53 cognitio
1001 1228 225 53 mea,
1141 1228 169 53 de
1197 1228 141 53 hoc

297 1306 238 50 quod
446 1306 208 50 est
565 1306 238 50 Deum
714 1306 298 50 creare
922 1306 327 50 mundum,
1131 1306 208 50 esset

300 1380 366 52 practica,
581 1380 197 52 nam
694 1380 338 52 cognitio
947 1380 197 52 est
1060 1380 169 52 in
1144 1380 197 52 me,
1228 1380 113 52 et

302 1455 292 51 creatio
515 1455 239 51 mundi
674 1455 212 51 quae
807 1455 292 51 dicitur
1019 1455 292 51 praxis,
1205 1455 133 51 suo

302 1531 213 49 modo
435 1531 186 49 est
542 1531 160 49 in
622 1531 213 49 Deo.
755 1531 346 49 Similiter
1021 1531 213 49 ista
1127 1531 213 49 cogni¬-

303 1605 173 52 tio
402 1605 222 52 esset
550 1605 321 52 practica,
797 1605 173 52 qua
896 1605 296 52 cognosco
1094 1605 247 52 Intelli-

297 1682 328 51 gentiam
536 1682 298 51 movere
745 1682 328 51 coelum;
983 1682 298 51 movere
1162 1682 179 51 enim

305 1757 241 51 coelum
473 1757 313 51 effective
714 1757 169 51 est
810 1757 144 51 in
883 1757 313 51 supposito
1099 1757 241 51 lnlelli-

308 1835 282 52 gentise,
519 1835 141 52 et
589 1835 258 52 notitia
777 1835 164 52 qua
871 1835 282 52 cognosco
1083 1835 164 52 est
1177 1835 141 52 in
1224 1835 117 52 me.

354 1911 275 47 Saltem
547 1911 303 47 videtur
768 1911 193 47 hoc
878 1911 413 47 concludere,
1181 1911 165 47 quod

307 1985 290 51 cognitio
524 1985 290 51 practica
742 1985 169 51 non
838 1985 242 51 potest
1008 1985 193 51 esse
1104 1985 242 51 alicujus

307 2062 392 50 intelligentis
630 2062 346 50 inferioris,
907 2062 277 50 operante
1091 2062 254 50 superiore

304 2137 329 50 secundum
550 2137 247 50 illam
715 2137 301 50 praxim.
934 2137 301 50 Supple,
1126 2137 219 50 secun¬-

305 2211 186 53 dum
412 2211 213 53 quam
545 2211 320 53 operatur
785 2211 346 53 superius,
1051 2211 213 53 nisi
1158 2211 186 53 forte

304 2288 312 52 secundum
538 2288 234 52 illam
694 2288 260 52 praxim
875 2288 390 52 superioris,
1161 2288 182 52 infe¬-

311 2364 196 52 rius
434 2364 221 52 cujus
581 2364 172 52 est
680 2364 294 52 cognitio
900 2364 270 52 aliquid
1072 2364 270 52 operetur,

305 2440 192 53 quia
425 2440 192 53 tunc
545 2440 216 53 forte
689 2440 240 53 posset
857 2440 264 53 concedi
1025 2440 264 53 practica.

274 2534 178 53 130.
385 2534 156 53 (c)
474 2534 245 53 Secunda
652 2534 200 53 ratio
786 2534 156 53 est
875 2534 156 53 ibi
964 2534 111 53 :
1009 2534 178 53 Item
1120 2534 134 53 si
1165 2534 178 53 cogni¬-

304 2610 165 51 tio
399 2610 307 51 practica,
635 2610 142 51 et
706 2610 213 51 ratio
848 2610 189 51 stat
966 2610 142 51 in
1037 2610 189 51 hoc,
1155 2610 189 51 quia
1249 2610 95 51 ex

304 2686 173 53 quo
403 2686 296 53 cognitio
625 2686 296 53 practica
848 2686 272 53 videtur
1046 2686 247 53 habere
1194 2686 148 53 cau-

302 2759 322 53 salitatem
550 2759 298 53 respectu
773 2759 248 53 praxis
947 2759 372 53 eliciendae,
1220 2759 124 53 sed

301 2836 329 54 cognitio
547 2836 192 54 mea
657 2836 192 54 qua
766 2836 329 54 cognosco
1013 2836 301 54 Angelum
1205 2836 137 54 mo¬-

298 2913 214 47 vere
432 2913 295 47 coelum,
646 2913 268 47 nullam
834 2913 429 47 causalitatem
1155 2913 188 47 habet

299 2988 305 52 respectu
527 2988 229 52 talis
680 2988 254 52 motus;
858 2988 153 52 si
934 2988 203 52 ergo
1061 2988 229 52 habet
1188 2988 153 52 ali¬-

301 3065 208 52 quam
431 3065 416 52 causalitatem
769 3065 260 52 tantum
952 3065 286 52 habebit
1134 3065 208 52 respe¬-

302 3139 177 52 ctu
403 3139 253 52 praxis
580 3139 355 52 eliciendae
859 3139 127 52 a
909 3139 329 52 supposito
1163 3139 152 52 in
1213 3139 127 52 quo

302 3216 157 51 est
391 3216 270 51 cognitio
594 3216 225 51 talis,
751 3216 135 51 et
819 3216 157 51 sic
909 3216 157 51 non
999 3216 180 51 erit
1089 3216 247 51 practica,

299 3290 271 52 respectu
502 3290 226 52 praxis
660 3290 316 52 eliciendae
908 3290 135 52 in
976 3290 180 52 alio
1066 3290 271 52 supposito.

353 3365 265 52 Contra.
545 3365 168 52 Hic
642 3365 241 52 arguit
810 3365 241 52 Doctor
978 3365 192 52 quod
1099 3365 144 52 si
1147 3365 192 52 cogni¬-

298 3442 177 50 tio
399 3442 203 50 ista
526 3442 177 50 qua
627 3442 304 50 cognosco
855 3442 456 50 Intelligentiam
1209 3442 127 50 mo¬-

295 3518 204 50 vere
422 3518 280 50 coelum,
625 3518 178 50 non
727 3518 178 50 est
829 3518 331 50 practica;
1084 3518 204 50 ergo
1185 3518 153 50 erit

294 3592 378 52 speculativa,
602 3592 142 52 et
673 3592 213 52 tamen
815 3592 284 52 cognitio
1028 3592 166 52 qua
1098 3592 237 52 lnlelli-

290 3670 261 54 gentia
473 3670 340 54 cognoscit
734 3670 157 54 se
812 3670 261 54 movere
995 3670 287 54 coelum,
1178 3670 157 54 erit

1380 394 327 51 practica,
1632 394 151 51 ut
1707 394 252 51 patet;
1883 394 151 51 et
1959 394 176 51 sic
2060 394 151 51 de
2135 394 227 51 eadem
2261 394 151 51 con¬-

1382 471 295 51 clusione
1603 471 270 51 poterit
1800 471 196 51 esse
1923 471 270 51 notitia
2119 471 295 51 practica
2316 471 98 51 et

1381 546 425 51 speculativa,
1727 546 213 51 quod
1860 546 186 51 est
1966 546 452 51 inconveniens.
2312 546 106 51 Et

1385 621 265 49 declaro
1578 621 217 49 istam
1722 621 313 49 litteram.
1963 621 169 49 Cum
2059 621 217 49 dicit
2203 621 120 49 :
2227 621 193 49 Igitur

1382 698 155 52 de
1460 698 258 52 eodem,
1640 698 206 52 puta
1769 698 284 52 objecto
1975 698 181 52 vel
2053 698 361 52 conclusione,

1383 773 197 49 unus
1507 773 370 49 intellectus
1803 773 271 49 haberet
2000 773 296 49 notitiam
2197 773 222 49 practi-

1387 848 183 50 cam,
1502 848 275 50 scilicet
1708 848 183 50 ille
1822 848 366 50 intellectus,
2119 848 206 50 cujus
2234 848 183 50 suppo¬-

1385 924 222 50 situm
1533 924 222 50 habet
1681 924 148 50 in
1755 924 321 50 potestate
2002 924 173 50 sua
2100 924 296 50 actionem
2298 924 123 50 vel

1387 999 259 49 praxim.
1576 999 212 49 Alius
1717 999 400 49 speculativam,
2047 999 283 49 scilicet
2236 999 188 49 intel¬-

1383 1073 282 52 lectus
1580 1073 254 52 cujus
1749 1073 395 52 suppositum
2059 1073 197 52 non
2172 1073 254 52 habet
2313 1073 113 52 in

1387 1149 322 51 potestate
1635 1149 173 51 sua
1734 1149 272 51 praxim,
1931 1149 223 51 sicut
2080 1149 173 51 est
2179 1149 148 51 de
2253 1149 198 51 ista
2352 1149 74 51 :

1388 1226 337 50 Cognosco
1640 1226 309 50 Angelum
1865 1226 281 50 movere
2061 1226 309 50 coelum.
2258 1226 168 50 Ista

1389 1302 310 51 cognitio
1622 1302 181 51 non
1725 1302 207 51 erit
1855 1302 336 51 practica,
2114 1302 207 51 quia
2217 1302 207 51 praxis

1392 1378 188 49 quae
1509 1378 164 49 est
1603 1378 234 49 movere
1767 1378 258 49 coelum,
1954 1378 164 49 non
2048 1378 164 49 est
2142 1378 141 49 in
2189 1378 234 49 potesta¬-

1390 1460 144 50 te
1462 1460 168 50 mea
1558 1460 120 50 ;
1606 1460 216 50 secus
1750 1460 144 50 si
1822 1460 216 50 talis
1965 1460 240 50 praXis
2133 1460 240 50 posset
2277 1460 144 50 esse

1393 1534 122 70 in
1454 1534 265 70 potestate
1658 1534 163 70 mea.
1760 1534 122 70 Et
1821 1534 143 70 hoc
1902 1534 143 70 est
1984 1534 163 70 quod
2086 1534 204 70 sequi-
2229 1534 163 70 Quid
2310 1534 143 70 inclu

1393 1605 148 53 tur
1478 1605 106 53 :
1520 1605 127 53 Si
1584 1605 212 53 praxis
1732 1605 191 53 esset
1859 1605 297 53 possibilis
2093 1605 148 53 uni
2177 1605 254 53 intelli-
2347 1605 106 53 dat

1393 1686 184 51 genti
1515 1686 122 51 et
1576 1686 143 51 non
1658 1686 184 51 alii.
1780 1686 265 51 Respondet
1984 1686 204 51 Doctor
2127 1686 143 51 ibi
2208 1686 102 51 :
2229 1686 224 51 rectitudo

1393 1762 141 49 Ad
1463 1762 164 49 hoc
1557 1762 234 49 potest
1721 1762 188 49 dici
1838 1762 188 49 quod
1955 1762 281 49 perfecta
2143 1762 281 49 rectitudo.

1440 1837 197 51 Hic
1553 1837 282 51 Doctor
1750 1837 338 51 expresse
2004 1837 367 51 concedit,
2258 1837 169 51 quod

1393 1912 277 51 quaevis
1595 1912 277 51 notitia
1796 1912 177 51 sit
1897 1912 151 51 in
1973 1912 177 51 uno
2074 1912 353 51 supposito,
2326 1912 101 51 et

1393 1991 228 50 praxis
1553 1991 137 50 in
1621 1991 183 50 alio
1735 1991 319 50 supposito,
1986 1991 183 50 quod
2101 1991 205 50 talis
2215 1991 205 50 notitia

1397 2066 182 50 erit
1511 2066 182 50 vere
1625 2066 296 50 practica,
1853 2066 137 50 si
1921 2066 228 50 dictet
2080 2066 137 50 de
2126 2066 296 50 circumstan¬-

1397 2142 210 50 tiis,
1537 2142 140 50 et
1607 2142 164 50 una
1700 2142 140 50 de
1771 2142 444 50 circumstantiis,
2145 2142 187 50 quae
2238 2142 187 50 requi¬-

1392 2218 216 49 ritur
1536 2218 144 49 ex
1608 2218 409 49 circumstantia
1945 2218 240 49 causae
2113 2218 192 49 sive
2210 2218 216 49 operan¬-

1399 2294 175 50 tis,
1508 2294 131 50 ut
1574 2294 197 50 patet
1705 2294 109 50 a
1749 2294 240 50 Doctore
1924 2294 131 50 in
1989 2294 131 50 2.
2055 2294 197 50 dist.
2186 2294 153 50 40.
2273 2294 131 50 et
2317 2294 109 50 sic

1392 2369 327 51 cognitio
1637 2369 191 51 qua
1746 2369 327 51 cognosco
1991 2369 218 51 Deum
2127 2369 218 51 esse
2236 2369 191 51 aman¬-

1392 2444 207 52 dum,
1521 2444 207 52 puta
1650 2444 155 52 ab
1728 2444 284 52 Angelo,
1934 2444 181 52 est
2038 2444 207 52 vere
2141 2444 284 52 practica,

1392 2521 207 51 quia
1522 2521 181 51 est
1625 2521 337 51 directiva
1884 2521 285 51 quantum
2091 2521 181 51 est
2195 2521 155 51 de
2273 2521 155 51 se
2324 2521 104 51 in

1391 2597 272 51 praxim.
1589 2597 148 51 Et
1663 2597 321 51 similiter
1910 2597 296 51 cognitio
2132 2597 173 51 qua
2206 2597 222 51 Angelus

1392 2672 328 52 cognoscit
1644 2672 252 52 homini
1821 2672 202 52 esse
1947 2672 378 52 jejunandum,
2249 2672 151 52 et
2300 2672 126 52 si¬-

1391 2748 272 51 militer
1589 2748 296 51 cognitio
1811 2748 173 51 qua
1910 2748 197 51 Deus
2033 2748 321 51 cognoscit
2255 2748 173 51 homi¬-

1389 2823 155 51 ni
1467 2823 207 51 esse
1596 2823 388 51 jejunandum.
1907 2823 155 51 Et
1985 2823 181 51 sic
2088 2823 311 51 concedit
2296 2823 129 51 Do¬-

1389 2899 208 50 ctor
1519 2899 208 50 quod
1649 2899 234 50 prima
1805 2899 312 50 probatio
2038 2899 260 50 infert
2194 2899 234 50 tanquam

1384 2973 455 52 inconveniens,
1759 2973 161 52 id
1839 2973 187 52 est
1946 2973 214 52 quod
2080 2973 321 52 concedit
2294 2973 134 52 hoc

1390 3050 208 51 quod
1520 3050 312 51 cognitio
1754 3050 208 51 mea,
1884 3050 156 51 de
1961 3050 182 51 hoc
2065 3050 208 51 quod
2195 3050 182 51 est
2273 3050 156 51 Deum

1386 3127 266 50 creare
1573 3127 293 50 mundum,
1786 3127 186 50 vel
1892 3127 160 50 de
1972 3127 186 50 hoc
2079 3127 213 50 quod
2212 3127 186 50 est
2292 3127 133 50 In¬-

1387 3202 395 49 telligentiam
1708 3202 247 49 movere
1881 3202 272 49 coelum,
2079 3202 173 49 sit
2178 3202 198 49 vere
2277 3202 148 49 pra¬-

1387 3277 260 51 ctica,
1569 3277 208 51 quod
1699 3277 182 51 ibi
1803 3277 390 51 inferebatur
2114 3277 286 51 tanquam
2296 3277 130 51 in¬

1362 3355 331 38 conveniens.

1441 3434 158 63 (d)
1531 3434 135 63 Et
1598 3434 135 63 si
1666 3434 338 63 objiciatur,
1936 3434 180 63 quod
2048 3434 158 63 non
2138 3434 270 63 salvatur
2318 3434 135 63 131J

1383 3522 287 48 priorftas
1603 3522 287 48 practicse
1824 3522 353 48 cognitionis,
2089 3522 132 48 etc.

1434 3595 328 51 Respondet
1686 3595 253 51 Doctor
1863 3595 177 51 ibi
1964 3595 126 51 :
2015 3595 354 51 Respondeo,
2267 3595 152 51 ista

1375 3672 372 51 prioritas.
1668 3672 239 51 Dicit
1827 3672 213 51 quod
1960 3672 292 51 quamvis
2146 3672 266 51 cognitio
