2653 3979
201 308 371 63 practica,
487 308 229 63 puta
630 308 429 63 intellectui
973 308 286 63 creato
1144 308 86 63 ;

193 385 252 64 ergo
351 385 410 64 practicum
666 385 221 64 non
793 385 378 64 repugnat
1045 385 189 64 spe¬-

191 459 424 65 culativo?
517 459 456 65 Respondeo,
876 459 261 65 quod
1006 459 228 65 sicut

191 536 245 62 esse
345 536 184 62 ex
437 536 337 62 objecto
682 536 521 62 speculativum,
1081 536 153 62 est

191 614 238 60 esse
340 614 209 60 per
459 614 179 60 se
549 614 507 60 speculativum,
966 614 209 60 ita
1055 614 179 60 esse

193 687 397 64 practicum
499 687 183 64 ex
591 687 336 64 objecto
805 687 428 64 sufficienter

192 763 490 53 determinante
590 763 459 53 intellectum
958 763 184 53 ad
1019 763 214 53 noti¬-

194 838 237 65 tiam
343 838 504 65 rectitudinis,
758 838 208 65 est
876 838 237 65 esse
1024 838 208 65 per
1113 838 119 65 se

192 914 469 62 practicum;
561 914 268 62 ergo
729 914 268 62 ante
897 914 302 62 omnem
1064 914 168 62 vo-

195 991 344 63 litionem
453 991 201 63 est
568 991 229 63 esse
712 991 201 63 per
826 991 172 63 se
884 991 344 63 practicum,

193 1068 173 62 et
280 1068 202 62 sic
395 1068 404 62 opponuntur
713 1068 231 62 ista
857 1068 231 62 duo:
972 1068 260 62 practi¬-

194 1144 191 59 cum
303 1144 164 59 et
385 1144 465 59 speculativum;
767 1144 164 59 ut
849 1144 246 59 ista,
1013 1144 191 59 non
1095 1144 137 59 ex-

196 1221 337 58 tensibilis
461 1221 169 58 aci
557 1221 241 58 praxim
726 1221 145 58 et
798 1221 386 58 extensibilis
1087 1221 145 58 cici

185 1296 329 61 praxim.
424 1296 209 61 Sed
544 1296 239 61 esse
694 1296 389 61 practicum
963 1296 269 61 aliunde

190 1371 245 62 quam
344 1371 184 62 ex
435 1371 368 62 objecto,
711 1371 245 62 puta
864 1371 153 62 a
926 1371 276 62 causa
1079 1371 153 62 ex-

188 1447 399 55 trinseca,
496 1447 184 55 ut
588 1447 154 55 a
649 1447 399 55 voluntate
926 1447 307 55 determi¬-

186 1522 314 50 nante
395 1522 523 50 intellectum
814 1522 209 50 ad
883 1522 349 50 notitiam

194 1598 309 63 praxis,
419 1598 197 63 est
531 1598 225 63 esse
671 1598 506 63 accidentaliter
1065 1598 169 63 pra¬-

191 1675 337 61 cticum,
436 1675 184 61 et
528 1675 214 61 ita
650 1675 337 61 concedo
865 1675 367 61 Theologiam

189 1751 538 61 contingentium
632 1751 253 61 esse
790 1751 411 61 practicam
1075 1751 158 61 no¬-

194 1827 209 61 bis,
325 1827 236 61 licet
482 1827 157 61 in
560 1827 157 61 se
639 1827 183 61 sit
717 1827 367 61 speculativa.

250 1903 298 61 Contra
459 1903 209 61 hoc
578 1903 209 61 (c)
697 1903 209 61 cui
817 1903 358 61 convenit
1055 1903 179 61 unum

191 1978 448 63 oppositorum
549 1978 209 63 per
669 1978 209 63 se,
788 1978 179 63 ei
878 1978 269 63 aliud
1027 1978 209 63 oppo¬-

189 2054 268 63 situm
368 2054 208 63 nec
487 2054 208 63 per
606 2054 208 63 se,
725 2054 208 63 nec
844 2054 208 63 per
933 2054 298 63 accidens

184 2130 426 62 convenit;
512 2130 327 62 igitur
741 2130 360 62 notitia
1003 2130 229 62 per
1101 2130 131 62 se

188 2206 506 62 speculativa,
600 2206 221 62 nec
726 2206 221 62 per
853 2206 221 62 se,
979 2206 221 62 nec
1074 2206 158 62 per

192 2282 366 63 accidens
466 2282 213 63 est
588 2282 396 63 practica.
862 2282 366 63 Respondeo,

192 2358 275 62 licet
376 2358 428 62 antecedens
712 2358 305 62 posset
926 2358 305 62 exponi
1109 2358 122 62 de

181 2435 245 61 per
321 2435 210 61 se
426 2435 315 61 primo
636 2435 280 61 modo
811 2435 245 61 vel
916 2435 315 61 secundo

183 2511 324 55 modo,
399 2511 252 55 non
543 2511 324 55 autem
759 2511 360 55 tertio
975 2511 252 55 modo,

187 2587 284 62 prout
376 2587 284 62 dicit
565 2587 252 62 idem
722 2587 252 62 quod
848 2587 378 62 solitarie,

178 2663 315 61 tamen
388 2663 385 61 concedo
668 2663 280 61 (d),
844 2663 280 61 quod
984 2663 245 61 nullo

183 2738 254 62 modo
342 2738 445 62 inhaerendi
692 2738 381 62 inhaeret
946 2738 286 62 opposi¬-

186 2813 209 62 tum
306 2813 418 62 praedicati
634 2813 299 62 hujus,
844 2813 239 62 quod
993 2813 209 62 est
1083 2813 149 62 per

183 2890 175 60 se
270 2890 233 60 esse
416 2890 524 60 speculativum:,
853 2890 233 60 quia
969 2890 262 60 Theolo¬-

186 2965 215 62 gia
309 2965 431 62 contingens
648 2965 215 62 per
771 2965 185 62 se
863 2965 338 62 secundo
1078 2965 154 62 mo¬-

188 3041 174 63 do
275 3041 203 63 est
391 3041 203 63 per
507 3041 174 63 se
594 3041 464 63 speculativa,
972 3041 203 63 ita
1059 3041 174 63 quod

192 3117 434 61 inhaerentia
539 3117 203 61 sit
655 3117 203 61 per
771 3117 174 61 se
858 3117 174 61 et
916 3117 318 61 praedica¬-

190 3193 221 62 tum
317 3193 506 62 determinetur
728 3193 221 62 per
855 3193 221 62 se.
981 3193 221 62 Sed
1076 3193 158 62 per

191 3268 358 62 accidens
459 3268 238 62 esse
608 3268 417 62 practicum,
936 3268 209 62 per
1025 3268 209 62 acci¬-

190 3344 232 62 dens
335 3344 203 62 non
451 3344 377 62 opponitur
740 3344 261 62 illi,
914 3344 261 62 sicut
1059 3344 174 62 esse

195 3419 281 61 nigrum
392 3419 422 61 simpliciter
729 3419 169 61 et
813 3419 225 61 esse
954 3419 253 61 album
1094 3419 141 61 se¬-

195 3497 298 61 cundum
404 3497 238 61 quid
553 3497 209 61 non
672 3497 447 61 opponuntur,
1000 3497 238 61 secun¬-

196 3574 192 60 dum
305 3574 219 60 quid
442 3574 219 60 enim
580 3574 165 60 et
662 3574 411 60 simpliciter
964 3574 274 60 determi¬

1279 315 244 63 nant
1432 315 458 63 praedicata,
1799 315 183 63 ut
1860 315 458 63 denominantia.

1282 390 168 64 Si
1366 390 337 64 arguitur
1619 390 224 64 (e),
1759 390 196 64 per
1871 390 168 64 se
1955 390 196 64 est
2039 390 281 64 specula¬-

1281 466 232 64 tiva
1426 466 203 64 per
1542 466 203 64 se,
1658 466 232 64 ergo
1803 466 203 64 per
1918 466 174 64 se
2005 466 203 64 est
2092 466 232 64 specu¬-

1276 541 329 61 lativa,
1515 541 449 61 conceditur.
1874 541 209 61 Nec
1994 541 239 61 huic
2114 541 209 61 prae¬-

1274 617 317 63 dicato
1496 617 380 63 repugnat
1781 617 222 63 hoc
1876 617 443 63 praedicatum,

1278 695 204 60 per
1395 695 350 60 accidens
1628 695 321 60 practica.

1541 854 478 42 COMMENTARIUS.

1336 991 153 56 (a)
1424 991 131 56 Si
1489 991 240 56 quaeris
1664 991 218 56 qualis
1817 991 153 56 est
1904 991 284 56 Theologia
2123 991 175 56 con-
2210 991 131 56 134.

1284 1047 283 75 tingentium,
1511 1047 113 75 an
1567 1047 226 75 scilicet
1737 1047 283 75 simpliciter
1964 1047 226 75 practica
2133 1047 94 75 ?
2152 1047 189 75 Qg;atlis

1281 1142 144 54 an
1353 1142 361 54 speculativa
1642 1142 120 54 ?
1690 1142 144 54 et
1762 1142 192 54 lioc
1882 1142 289 54 loquendo
2099 1142 144 54 de
2147 1142 168 54 Theo-

1280 1214 203 59 logia
1416 1214 135 59 in
1484 1214 158 59 se,
1574 1214 158 59 non
1664 1214 316 59 comparando
1912 1214 226 59 alicui
2070 1214 226 59 intel-
2206 1214 135 59 lmm-

1282 1294 243 54 lectui.
1459 1294 221 54 Dicit,
1613 1294 177 54 quod
1724 1294 199 54 talis
1856 1294 155 54 est
1945 1294 133 54 in
2011 1294 133 54 se
2077 1294 221 54 qualis
2210 1294 110 54 est

1281 1370 168 56 ex
1365 1370 336 56 objecto,
1617 1370 196 56 non
1729 1370 196 56 est
1840 1370 252 56 autem
2008 1370 168 56 ex
2064 1370 252 56 objecto

1282 1445 336 55 conformis
1541 1445 129 55 ,
1593 1445 155 55 id
1670 1445 181 55 est
1774 1445 414 55 conformativa
2084 1445 233 55 praxis,

1282 1523 198 54 quia
1406 1523 149 54 ex
1480 1523 272 54 objecto
1678 1523 223 54 nulla
1827 1523 198 54 nata
1951 1523 173 54 est
2050 1523 248 54 haberi
2198 1523 124 54 no¬-

1284 1598 216 56 titia
1428 1598 383 56 determinatae
1739 1598 383 56 rectitudinis
2027 1598 287 56 contingen¬-

1284 1675 188 55 tis,
1401 1675 141 55 ut
1471 1675 211 55 supra
1612 1675 258 55 patuit,
1800 1675 141 55 et
1870 1675 164 55 sic
1964 1675 141 55 ex
2034 1675 258 55 objecto
2199 1675 117 55 non

1285 1752 168 51 est
1381 1752 312 51 practica,
1621 1752 144 51 et
1693 1752 168 51 per
1789 1752 336 51 consequens
2053 1752 144 51 in
2125 1752 144 51 se
2173 1752 144 51 erit

1283 1827 382 53 speculativa.
1594 1827 215 53 Iluic
1737 1827 287 53 congruit
1952 1827 191 53 quod
2072 1827 143 53 in
2120 1827 191 53 intel¬-

1283 1902 211 53 lectu
1423 1902 235 53 divino
1588 1902 164 53 non
1682 1902 164 53 sit
1776 1902 305 53 practica,
2011 1902 164 53 sic
2081 1902 235 53 intelli-

1281 1978 218 56 gendo
1426 1978 193 56 quod
1547 1978 145 56 in
1619 1978 193 56 tali
1740 1978 338 56 intellectu
2006 1978 169 56 non
2103 1978 169 56 sit
2175 1978 145 56 pra¬-

1284 2054 212 54 ctica
1426 2054 141 54 ex
1496 2054 283 54 objecto,
1708 2054 212 54 neque
1850 2054 141 54 de
1921 2054 306 54 volitione
2133 2054 188 54 divina

1279 2131 304 54 respectu
1507 2131 456 54 contingentium,
1887 2131 228 54 neque
2039 2131 152 54 de
2090 2131 228 54 voliti¬-

1280 2207 173 53 one
1379 2207 247 53 creata
1552 2207 296 53 respectu
1774 2207 445 53 contingentium,
2120 2207 198 53 tenen¬-

1282 2283 151 52 do
1357 2283 151 52 ut
1433 2283 252 52 supra,
1609 2283 327 52 practicam
1860 2283 327 52 requirere
2087 2283 226 52 identi¬-

1282 2359 220 53 tatem
1428 2359 318 53 suppositi
1673 2359 392 53 cognoscentis
1992 2359 147 53 et
2041 2359 269 53 volentis.

1285 2436 183 52 Modo
1400 2436 206 52 talis
1537 2436 252 52 videtur
1720 2436 183 52 esse
1835 2436 160 52 res
1927 2436 137 52 in
1995 2436 137 52 se
2064 2436 229 52 qualis
2201 2436 115 52 est

1280 2511 141 54 in
1350 2511 281 54 perfecto
1561 2511 234 54 genere
1725 2511 211 54 ilio,
1865 2511 164 54 non
1959 2511 141 54 in
2006 2511 304 54 imperfecto,

1281 2587 156 53 et
1359 2587 207 53 quia
1488 2587 156 53 in
1566 2587 363 53 intellectu
1851 2587 259 53 divino
2033 2587 233 53 nullo
2162 2587 156 53 modi

1282 2663 165 54 est
1377 2663 283 54 practica
1589 2663 141 54 ex
1659 2663 283 54 objecto,
1871 2663 212 54 neque
2013 2663 141 54 de
2060 2663 259 54 volitione

1282 2739 285 51 divina,
1489 2739 207 51 ideo
1618 2739 388 51 simpliciter
1929 2739 155 51 et
2007 2739 155 51 in
2084 2739 155 51 se
2136 2739 181 51 nullo

1280 2815 218 53 modo
1416 2815 191 53 est
1525 2815 355 53 practica,
1798 2815 355 53 praecipue
2043 2815 273 53 loquendo

1285 2896 134 54 de
1352 2896 290 54 practica,
1574 2896 134 54 ex
1641 2896 245 54 objecto
1820 2896 111 54 ;
1864 2896 178 54 ergo
1976 2896 134 54 si
2043 2896 134 54 in
2087 2896 223 54 intelle¬-

1281 2972 168 54 ctu
1377 2972 240 54 divino
1545 2972 168 54 est
1641 2972 384 54 speculativa,
1952 2972 192 54 ergo
2048 2972 264 54 simplici¬-

1284 3047 162 52 ter
1377 3047 139 52 et
1446 3047 139 52 in
1516 3047 139 52 se
1585 3047 186 52 erit
1678 3047 325 52 speculativa.

1338 3124 146 56 (b)
1422 3124 125 56 Si
1484 3124 313 56 objiciatur.
1735 3124 167 56 Ilie
1840 3124 209 56 Doctor
1986 3124 209 56 instat
2132 3124 167 56 con-
2216 3124 125 56 135.

1281 3198 173 54 tra
1380 3198 173 54 hoc
1479 3198 197 54 quod
1602 3198 247 54 dixit,
1775 3198 296 54 scilicet
1996 3198 197 54 quod
2095 3198 222 54 Theolo¬-

1282 3276 165 55 gia
1377 3276 400 55 contingentium
1706 3276 165 55 est
1801 3276 141 55 in
1871 3276 141 55 se
1942 3276 377 55 speculativa,
2225 3276 94 55 et

1283 3351 148 53 ex
1357 3351 197 53 alia
1481 3351 222 53 parte
1629 3351 296 53 concedit
1850 3351 197 53 quod
1974 3351 148 53 in
2023 3351 296 53 intellectu

1286 3428 253 52 creato
1463 3428 177 52 est
1564 3428 328 52 practica,
1816 3428 152 52 ut
1892 3428 227 52 supra
2043 3428 278 52 patuit,
2220 3428 101 52 et

1285 3503 186 57 per
1392 3503 371 57 consequens
1683 3503 318 57 sequitur
1922 3503 212 57 quod
2028 3503 292 57 practicum

1283 3580 191 54 non
1392 3580 327 54 repugnat
1637 3580 436 54 speculativo,
1992 3580 164 54 et
2074 3580 191 54 sic
2155 3580 164 54 idem
