2653 3979
172 268 311 60 Scientia
405 268 207 60 Tunc
535 268 233 60 patet
690 268 181 60 (d)
794 268 155 60 ad
846 268 389 60 auctoritatem,

178 347 118 49 st
237 347 196 49 neces-
374 347 118 49 1.
433 347 274 49 Posterior.
649 347 235 49 Scientia
825 347 137 49 esi
904 347 274 49 necessarii
1100 347 137 49 dicti

175 407 277 75 licti*de
383 407 138 75 de
452 407 369 75 contingente,
752 407 138 75 et
821 407 161 75 ita
913 407 300 75 veritates
1121 407 115 75 ne-

173 480 322 71 Qtlt"fen‘
421 480 297 71 cessarim
644 480 371 71 includuntur
941 480 149 71 in
990 480 248 71 veritate

173 569 279 66 manati-
375 569 431 66 contingentis,
730 569 177 66 vel
832 569 405 66 concluduntur
1136 569 101 66 de

170 646 281 68 uomodo
366 646 281 68 aliquo
563 646 225 68 quod
703 646 197 68 est
816 646 393 68 contingens
1097 646 140 68 per

173 718 322 78 Identifl-
421 718 297 78 rationem
644 718 297 78 alicujus
867 718 272 78 prioris
1040 718 198 78 neces-

184 800 100 48 ,c0
241 800 72 48 ?
255 800 115 48 sarii.

197 850 5 33 praesen¬-

168 874 207 60 ti,
287 874 207 60 Per
405 874 237 60 idem
553 874 207 60 (e)
672 874 178 60 ad
760 874 474 60 auctoritatem
1116 874 118 60 6.

174 950 165 66 13.
269 950 142 66 q.
340 950 236 66 Ethic.
505 950 189 66 quia
623 950 260 66 habitus
812 950 236 66 partis
954 950 283 66 ratiocina-

171 1006 266 82 !u!i4.
358 1006 240 82 tivse
517 1006 186 82 est
624 1006 240 82 circa
784 1006 240 82 actum
943 1006 160 82 in
996 1006 240 82 quantum

171 1086 191 80 q’L
280 1086 436 80 contingenter
634 1086 354 80 elicitur;
907 1086 191 80 sed
989 1086 245 80 habitus

194 1177 463 54 scientificus
570 1177 203 54 vel
686 1177 347 54 scientia
947 1177 203 54 est
1033 1177 203 54 circa

187 1253 305 64 idem,
390 1253 203 64 in
492 1253 372 64 quantum
762 1253 203 64 de
864 1253 203 64 eo
932 1253 305 64 aliquid

190 1328 417 64 necessario
518 1328 477 64 concluditur.
905 1328 179 64 Si
965 1328 268 64 objici¬-

188 1405 209 65 tur
308 1405 209 65 (f)
427 1405 239 65 quod
576 1405 209 65 non
696 1405 209 65 est
815 1405 239 65 idem
934 1405 299 65 objectum

193 1480 300 56 habitus
411 1480 409 56 scientifici
739 1480 164 56 et
793 1480 437 56 ratiocinativi,

186 1555 196 62 de
284 1555 229 62 hoc
415 1555 360 62 dicetur
677 1555 393 62 inferius
939 1555 294 62 quomodo

190 1630 245 66 idem
344 1630 368 66 objectum
620 1630 307 66 potest
834 1630 245 66 esse
957 1630 276 66 plurium

189 1707 410 59 habituum,
505 1707 284 59 licet
694 1707 221 59 non
821 1707 253 59 idem
947 1707 284 59 habitus

190 1786 350 63 plurium
413 1786 413 63 objectorum.

244 1862 204 63 Ad
346 1862 409 63 secundum
653 1862 307 63 dico,
857 1862 273 63 quod
994 1862 239 63 eodem

187 1937 269 52 modo
356 1937 505 52 concluderet
759 1937 437 52 scientiam
1062 1937 168 52 mo¬-

190 2014 275 63 ralem
374 2014 245 63 esse
527 2014 459 63 prudentiam,
894 2014 214 63 nam
985 2014 245 63 scien¬-

189 2090 228 52 tia
320 2090 358 52 moralis
580 2090 228 52 est
710 2090 358 52 habitus
937 2090 293 52 activus

189 2165 214 63 cum
312 2165 245 63 vera
465 2165 368 63 ratione.
741 2165 245 63 Ideo
894 2165 276 63 dico,
1047 2165 184 63 quod

190 2234 376 71 definitio
479 2234 376 71 prudentim
739 2234 492 71 debet‘intelligi

185 2317 190 63 de
280 2317 317 63 habitu
502 2317 317 63 activo
724 2317 380 63 proximo,
977 2317 253 63 qualis

184 2394 209 63 est
303 2394 328 63 habitus
542 2394 417 63 acquisitus
869 2394 179 63 ex
929 2394 298 63 actibus.

186 2468 238 53 Unde
335 2468 268 53 sicut
514 2468 268 53 circa
692 2468 417 53 factibilia
1020 2468 208 53 ars
1109 2468 119 53 se

187 2545 268 64 habet
366 2545 178 64 ad
455 2545 327 64 habitum
693 2545 357 64 experti,
960 2545 208 64 ita
1050 2545 178 64 cir¬-

185 2621 184 64 ca
277 2621 368 64 agibilia
553 2621 184 64 se
645 2621 276 64 habet
829 2621 368 64 scientia
1075 2621 153 64 mo¬-

186 2698 275 63 ralis
370 2698 183 63 ad
462 2698 336 63 habitum
706 2698 459 63 prudentiae,
1043 2698 183 63 quia

186 2773 326 53 habitus
424 2773 267 53 artis
601 2773 178 53 et
690 2773 385 53 scientiae
957 2773 267 53 moralis

186 2848 282 67 quasi
374 2848 251 67 sunt
530 2848 313 67 remoti
749 2848 188 67 ad
812 2848 407 67 dirigendum,

188 2923 236 67 quia
335 2923 472 67 universales.
719 2923 207 67 Sed
837 2923 325 67 habitus
1043 2923 177 67 pru¬-

184 2999 336 64 dentiae
429 2999 183 64 et
521 2999 367 64 experti,
796 2999 245 64 quia
918 2999 306 64 generati

184 3078 237 62 sunt
333 3078 178 62 ex
422 3078 356 62 actibus,
688 3078 237 62 sunt
807 3078 415 62 particulares

178 3153 190 66 et
273 3153 411 66 propinqui
589 3153 190 66 ad
684 3153 474 66 dirigendum.
1031 3153 190 66 Ista

181 3229 386 66 expositio
478 3229 208 66 est
597 3229 446 66 necessaria,
924 3229 297 66 alioquin

182 3305 260 63 nulla
355 3305 260 63 esset
528 3305 346 63 scientia
788 3305 375 63 practica,
1048 3305 173 63 quia

178 3381 470 67 quaecumque
548 3381 235 67 est
682 3381 370 67 habitus
918 3381 302 67 activus

179 3457 234 52 vel
312 3457 402 52 factivus
614 3457 234 52 cum
747 3457 368 52 ratione
982 3457 234 52 vera.

185 3533 395 57 Conclusio
489 3533 274 57 autem
671 3533 213 57 est
762 3533 456 57 inconveniens,

1285 270 158 79 et
1364 270 264 79 contra
1549 270 396 79 Philosophum
1866 270 158 79 6.
1945 270 291 79 Metaph.
2130 270 211 79 1T«tg-

1278 347 201 62 et
1378 347 335 62 contra
1613 347 436 62 Avicennam
1948 347 201 62 1.
2015 347 302 62 Metaph.

1284 423 218 57 cap.
1420 423 163 57 1.
1502 423 163 57 et
1583 423 272 57 contra
1774 423 435 57 auctoritates
2100 423 218 57 alias.

1337 498 190 66 Ad
1432 498 349 66 tertiam
1686 498 381 66 rationem
1972 498 286 66 dico,
2131 498 190 66 quod

1283 572 335 67 Boetius
1526 572 427 67 intelligit
1862 572 213 67 per
1953 572 366 67 Theologiam

1282 650 570 65 Metaphysicam/
1752 650 201 65 et
1853 650 268 65 quod
2020 650 302 65 dicit
2188 650 134 65 de

1281 726 470 66 substantia
1651 726 269 66 Dei,
1819 726 269 66 dico
1986 726 269 66 quod
2121 726 201 66 Deus

1285 803 450 66 consideratur
1650 803 169 66 in
1735 803 225 66 illa
1875 803 365 66 scientia,
2128 803 197 66 quan¬-

1281 881 208 63 tum
1400 881 387 63 possibile
1698 881 208 63 est
1817 881 268 63 ipsum
1965 881 357 63 considera¬-

1287 955 156 65 ri
1365 955 156 65 in
1443 955 339 65 scientiis
1678 955 339 65 acquisitis.

1539 1136 478 43 COMMENTARIUS.

1335 1281 172 60 (a)
1434 1281 147 60 Ad
1507 1281 319 60 argumenta
1752 1281 368 60 principalia
2047 1281 245 60 primae
2194 1281 147 60 139-

1283 1361 436 54 quaestionis.
1637 1361 163 54 Ad
1719 1361 272 54 primum
1909 1361 354 54 respondet
2155 1361 163 54 quod

1282 1436 227 55 fides
1433 1436 177 55 non
1534 1436 177 55 est
1636 1436 278 55 habitus
1838 1436 430 55 speculativus,
2166 1436 152 55 quia

1280 1512 169 56 ad
1364 1512 253 56 actum
1533 1512 365 56 practicum
1814 1512 365 56 inclinat,
2095 1512 225 56 quia
2208 1512 112 56 ad

1282 1589 271 55 credere
1479 1589 197 55 quod
1603 1589 271 55 dirigit
1800 1589 345 55 voluntatem
2071 1589 148 55 in
2120 1589 197 55 praxim

1277 1665 336 53 respectu
1529 1665 420 53 creditorum,
1865 1665 196 53 nec
1977 1665 308 53 credere
2173 1665 140 53 est

1280 1742 464 53 speculativum,
1662 1742 218 53 quia
1798 1742 355 53 ordinatur
2071 1742 164 53 ad
2125 1742 191 53 veram

1278 1818 300 52 praxim,
1496 1818 218 52 puta
1632 1818 164 52 ad
1714 1818 409 52 dilectionem
2014 1818 300 52 credendo¬-

1283 1895 161 54 rum
1375 1895 115 54 ;
1421 1895 161 54 nec
1512 1895 298 54 similiter
1742 1895 206 54 clara
1879 1895 229 54 visio,
2040 1895 229 54 patet,
2177 1895 138 54 quia

1284 1971 211 44 clara
1424 1971 211 44 visio
1565 1971 282 44 Deitatis
1776 1971 164 44 est
1870 1971 305 44 directiva
2105 1971 141 44 in
2152 1971 164 44 frui¬-

1280 2040 232 53 tionem
1442 2040 255 53 objecti
1628 2040 209 53 clare
1744 2040 162 53 visi.

1326 2110 210 55 (b)
1446 2110 180 55 Ad
1536 2110 360 55 secundum
1806 2110 390 55 respondet
2076 2110 240 55 Doclor

1275 2188 186 54 ibi
1382 2188 133 54 :
1435 2188 160 54 Ad
1515 2188 319 54 secundum
1754 2188 239 54 dico.
1914 2188 213 54 Haec
2020 2188 293 54 responsio

1279 2265 197 56 stat
1402 2265 148 56 in
1476 2265 197 56 lioc
1599 2265 197 56 quod
1722 2265 221 56 licet
1870 2265 295 56 objectum
2067 2265 246 56 agibile,

1282 2340 196 56 quod
1405 2340 441 56 praesupponitur
1773 2340 343 56 cognitioni
2018 2340 294 56 practicae,

1279 2417 335 56 aliquando
1537 2417 181 56 sit
1640 2417 387 56 necessarium
1950 2417 155 56 in
2027 2417 181 56 se,
2130 2417 181 56 (ut
2208 2417 103 56 in

1278 2493 328 56 proposito
1530 2493 151 56 de
1605 2493 302 56 subjecto
1807 2493 504 56 Theologiae,)-tamen

1280 2567 197 57 quia
1403 2567 221 57 finis
1551 2567 295 57 agibilis
1772 2567 270 57 objecti
1969 2567 172 57 est
2067 2567 246 57 actio,
2215 2567 98 57 et

1276 2642 197 59 illa
1400 2642 395 59 contingenter
1720 2642 321 59 causatur,
1967 2642 296 59 scientia
2164 2642 148 59 pra-

1277 2720 221 58 clica
1425 2720 172 58 est
1523 2720 221 58 circa
1670 2720 221 58 illam
1818 2720 295 58 actionem
2014 2720 295 58 contingen¬-

1277 2795 164 56 tem
1370 2795 187 56 quam
1487 2795 258 56 dirigit
1675 2795 141 56 et
1745 2795 281 56 regulat,
1956 2795 141 56 et
2026 2795 211 56 talis
2143 2795 164 56 actio

1276 2870 263 59 dicitur
1467 2870 287 59 objectum
1682 2870 335 59 contingens
1945 2870 311 59 scientiae
2161 2870 143 59 pra¬

1259 2948 168 39 cticae.

1326 3010 158 57 (c)
1417 3010 225 57 Contra
1574 3010 158 57 hoc
1665 3010 271 57 arguitur
1868 3010 225 57 primo,
2025 3010 180 57 etc.
2138 3010 158 57 Re-
2206 3010 135 57 140•

1268 3087 293 60 spondet
1481 3087 266 60 Doctor
1667 3087 160 60 ad
1747 3087 266 60 primum
1934 3087 186 60 ibi
2040 3087 133 60 :
2093 3087 160 60 Ad
2146 3087 160 60 pri¬-

1270 3169 172 57 mum
1369 3169 345 57 respondeo.
1640 3169 148 57 Et
1713 3169 172 57 pro
1812 3169 418 57 inlelligentia
2132 3169 172 57 hujus

1269 3242 393 56 responsionis
1589 3242 221 56 nota,
1737 3242 197 56 quod
1859 3242 295 56 scientia
2081 3242 172 56 est
2154 3242 148 56 tan¬-

1268 3317 196 62 tum
1380 3317 168 62 de
1464 3317 392 62 necessario
1772 3317 364 62 complexo,
2053 3317 168 62 ut
2109 3317 196 62 supra

1272 3395 230 59 patuit
1433 3395 138 59 in
1502 3395 184 59 illa
1617 3395 322 59 quaestione
1869 3395 115 59 :
1915 3395 138 59 An
1984 3395 299 59 Theologia
2191 3395 115 59 sit

1268 3470 328 61 scientia,
1520 3470 177 61 ita
1621 3470 202 61 quod
1747 3470 151 61 ex
1823 3470 227 61 parte
1974 3470 177 61 sua
2050 3470 252 61 requirit

1269 3547 251 61 tantum
1445 3547 402 61 necessitatem
1771 3547 402 61 inhaerentiae
2073 3547 226 61 praedi-
