2653 3979
195 285 231 55 Quomodo
363 285 210 55 intra,
511 285 126 55 et
574 285 147 55 sic
658 285 295 55 conveniunt
889 285 126 55 in
952 285 168 55 domo
1058 285 168 55 quia
1142 285 105 55 do-

193 341 234 71 dextra
356 341 164 71 mus
450 341 117 71 m
497 341 210 71 mente
637 341 164 71 est
731 341 234 71 domus,
894 341 210 71 licet
1011 341 234 71 secundum

194 437 112 57 a
238 437 179 57 domo
350 437 224 57 fiuid,
507 437 134 57 et
574 437 202 57 domus
709 437 202 57 extra
843 437 157 57 est
933 437 202 57 domus
1044 437 202 57 simpli-

194 505 223 55 in,ra*
350 505 223 55 citer;
506 505 290 55 differunt
730 505 201 55 tamen
863 505 134 55 in
930 505 179 55 modo
1020 505 223 55 essendi,

213 587 218 51 quia
349 587 245 51 domus
512 587 163 51 in
594 587 245 51 mente
757 587 245 51 habet
920 587 272 51 tantum
1084 587 163 51 esse

210 665 364 52 cognitum,
490 665 252 52 domus
658 665 224 52 vero
797 665 252 52 extra
965 665 252 52 habet
1105 665 140 52 ve¬-

209 739 196 52 rum
321 739 224 52 esse
461 739 279 52 reale.
656 739 168 52 Et
740 739 196 52 sic
852 739 252 52 patet
992 739 252 52 quomodo

209 815 186 48 ibi
316 815 186 48 est
422 815 372 48 similitudo
714 815 159 48 in
794 815 239 48 forma
953 815 266 48 domus,
1112 815 133 48 sed

210 890 159 43 in
289 890 212 43 modo
421 890 291 43 essendi
633 890 265 43 formae
818 890 238 43 nulla
977 890 185 43 est
1057 890 185 43 simi¬

194 967 194 41 litudo.

191 1041 201 52 154.
317 1041 226 52 Dicit
467 1041 251 52 Doctor
643 1041 201 52 quod
769 1041 226 52 tales
920 1041 251 52 causae
1071 1041 176 52 sicut

212 1118 245 53 specie
384 1118 442 53 distinguuntur,
752 1118 172 53 ita
850 1118 319 53 producunt
1071 1118 172 53 effe¬-

212 1195 207 51 ctus
341 1195 258 51 specie
522 1195 388 51 distinctos.
832 1195 155 51 Et
910 1195 233 51 tales
1039 1195 207 51 causae

212 1272 240 52 semper
380 1272 192 52 sunt
501 1272 265 52 objecta
693 1272 240 52 specie
861 1272 337 52 distincta,
1102 1272 144 52 quae

210 1347 320 52 producunt
457 1347 296 52 notitias
678 1347 246 52 specie
851 1347 370 52 distinctas;
1122 1347 123 52 nam

209 1424 227 52 lapis
360 1424 151 52 ut
435 1424 302 52 praesens
662 1424 151 52 in
738 1424 277 52 ratione
939 1424 277 52 objecti
1115 1424 126 52 in-

213 1499 380 52 telligibilis,
526 1499 134 52 de
593 1499 156 52 qua
682 1499 201 52 infra
816 1499 201 52 dist.
950 1499 134 52 3.
1017 1499 224 52 quxst.
1152 1499 89 52 6.

208 1575 319 53 producit
447 1575 292 53 seipsum
660 1575 159 53 in
740 1575 212 53 esse
872 1575 319 53 cognito,
1085 1575 159 53 quia

207 1651 381 52 producendo
506 1651 327 52 notitiam
752 1651 218 52 sui,
888 1651 327 52 producit
1106 1651 136 52 se¬-

208 1728 240 52 ipsum
368 1728 160 52 in
448 1728 213 52 esse
581 1728 320 52 cognito,
821 1728 160 52 et
901 1728 186 52 sic
1007 1728 240 52 lapis
1140 1728 107 52 ut

213 1805 135 51 in
280 1805 247 51 ratione
460 1805 247 51 objecti
639 1805 404 51 intelligibilis
976 1805 157 51 est
1044 1805 202 51 similis

212 1881 253 52 lapidi
389 1881 152 52 in
464 1881 202 52 esse
591 1881 303 52 cognito,
818 1881 202 52 quia
944 1881 278 52 uterque
1121 1881 126 52 est

211 1957 236 51 lapis,
376 1957 212 51 licet
518 1957 212 51 extra
659 1957 165 51 sit
753 1957 212 51 lapis
895 1957 353 51 simpliciter
1154 1957 94 51 et

207 2033 169 52 ut
291 2033 338 52 cognitus
545 2033 281 52 tantum
742 2033 338 52 secundum
995 2033 253 52 quid,
1135 2033 113 52 et

208 2107 191 43 sic
317 2107 355 43 differunt
590 2107 164 43 in
672 2107 219 43 modo
809 2107 328 43 essendi.
1055 2107 164 43 Et
1109 2107 137 43 li¬-

213 2184 176 53 cet
314 2184 277 53 notitia
515 2184 176 53 sit
616 2184 302 53 absolute
842 2184 252 53 sumpta
993 2184 252 53 alterius

209 2260 308 54 speciei
433 2260 140 54 a
489 2260 308 54 lapide,
713 2260 252 54 tamen
882 2260 168 54 ut
966 2260 196 54 per
1050 2260 196 54 ipsum

214 2338 270 51 dicitur
411 2338 221 51 lapis
558 2338 294 51 cognitus
778 2338 147 51 et
852 2338 392 51 specificatur
1146 2338 98 51 ab

209 2413 239 51 ipso,
369 2413 292 51 dicitur
581 2413 319 51 effectus
820 2413 266 51 saltem
979 2413 266 51 diminute

188 2492 270 39 univocus.

261 2568 319 49 Multorum
501 2568 346 49 opiniones
767 2568 373 49 recitassem
1060 2568 160 49 in
1113 2568 133 49 hac

212 2642 277 56 materia
413 2642 151 56 de
489 2642 327 56 Theologia
741 2642 302 56 practica
967 2642 176 56 aut
1043 2642 201 56 specu¬-

212 2719 277 53 lativa,
414 2719 177 53 cum
514 2719 303 53 plurimae
742 2719 202 53 sint
868 2719 151 53 et
943 2719 252 53 variae
1120 2719 126 53 ;
1145 2719 101 53 ne

216 2794 231 54 tamen
371 2794 360 54 studentium
653 2794 309 54 ingeniis
885 2794 334 54 fastidium
1116 2794 129 54 ni¬

1293 285 181 52 mia
1397 285 388 52 prolixitate
1707 285 337 52 afferrem,
1966 285 155 52 ea
2044 285 207 52 quae
2148 285 181 52 magis

1291 358 168 54 ad
1375 358 392 54 propositum
1683 358 308 54 faciunt
1880 358 448 54 perstringendo,

1293 435 238 52 prout
1451 435 265 52 potui,
1637 435 344 52 superflua
1901 435 238 52 sicco
2060 435 212 52 pede
2166 435 159 52 per-

1278 512 226 40 transivi.

1342 586 233 52 Unde
1487 586 262 52 etiam
1662 586 291 52 quidam
1866 586 262 52 novus
2012 586 320 52 expositor

1291 666 289 53 primae
1493 666 289 53 partis
1696 666 173 53 S.
1783 666 289 53 Thomae
1985 666 289 53 dicit,
2159 666 173 53 quod

1290 742 364 54 Theologia
1570 742 196 54 est
1682 742 252 54 magis
1851 742 420 54 speculativa
2159 742 168 54 quam

1291 817 338 53 practica.
1551 817 182 53 Tum
1655 817 208 53 quia
1785 817 416 53 principalius
2124 817 208 53 agit
2228 817 104 53 de

1290 894 240 53 rebus
1450 894 294 53 divinis
1664 894 213 53 quam
1797 894 160 53 de
1877 894 294 53 actibus
2064 894 267 53 humanis.

1290 970 192 53 Tum
1399 970 219 53 quia
1536 970 219 53 agit
1674 970 165 53 de
1756 970 302 53 humanis
1975 970 302 53 actibus
2167 970 165 53 pro¬-

1290 1044 225 53 pter
1430 1044 197 53 Dei
1543 1044 506 53 speculationem,
1965 1044 225 53 quia
2105 1044 169 53 in
2161 1044 169 53 spe¬-

1296 1120 304 48 culatione
1530 1120 304 48 consistit
1764 1120 258 48 aeterna
1951 1120 328 48 beatitudo,
2185 1120 141 48 etc.

1344 1196 182 52 Sed
1448 1196 182 52 hoc
1552 1196 363 52 improbatum
1837 1196 259 52 exstat
2019 1196 130 52 a
2071 1196 259 52 Scoto,
2226 1196 104 52 ut

1292 1272 228 53 patet
1444 1272 152 53 in
1519 1272 202 53 ista
1646 1272 380 53 quaestione,
1950 1272 177 53 nec
2051 1272 228 53 egent
2177 1272 152 53 alia

1294 1348 267 52 nostra
1481 1348 454 52 impugnatione.
1855 1348 160 52 Et
1935 1348 320 52 rationes
2148 1348 187 52 Scoti

1292 1423 229 50 satis
1444 1423 330 50 evidentes
1698 1423 229 50 sunt.
1850 1423 229 50 Addit
2003 1423 279 50 insuper
2181 1423 152 50 ille

1292 1499 346 53 expositor
1559 1499 346 53 modernus,
1825 1499 320 53 rationes
2065 1499 240 53 Scoti
2198 1499 133 53 non

1291 1575 383 52 concludere
1592 1575 383 52 Theologiam
1892 1575 219 52 esse
2002 1575 328 52 practicam,

1290 1651 187 49 sed
1397 1651 160 49 si
1477 1651 294 49 valent,
1691 1651 374 49 concludunt
1984 1651 187 49 eam
2064 1651 267 49 dumtaxat

1293 1727 212 52 esse
1425 1727 185 52 vel
1531 1727 370 52 practicam,
1822 1727 185 52 vel
1927 1727 344 52 eminenter
2165 1727 159 52 con¬-

1293 1802 266 54 tinere
1479 1802 346 54 practicae
1745 1802 346 54 rationem.
2011 1802 239 54 Addit
2144 1802 186 54 etiam

1293 1878 218 55 quod
1429 1878 191 55 non
1538 1878 273 55 potest
1729 1878 328 55 inferri,
1975 1878 218 55 quod
2084 1878 246 55 Theolo¬-

1292 1954 182 54 gia
1396 1954 182 54 sit
1500 1954 390 54 speculativa
1812 1954 182 54 aut
1915 1954 312 54 practica
2149 1954 156 54 ut
2201 1954 130 54 una

1295 2031 266 51 contra
1482 2031 239 51 aliam
1641 2031 452 51 distinguatur,
2014 2031 186 51 sed
2120 2031 186 51 vel
2200 2031 133 51 est

1293 2107 398 54 speculativa
1612 2107 159 54 et
1692 2107 345 54 eminenter
1957 2107 345 54 continens
2196 2107 133 54 ra¬-

1295 2180 241 56 tionem
1464 2180 337 56 practicae,
1729 2180 169 56 vel
1825 2180 169 56 est
1921 2180 289 56 practica
2138 2180 145 56 et
2186 2180 145 56 emi¬-

1292 2257 258 51 nenter
1473 2257 336 51 continens
1732 2257 310 51 rationem
1938 2257 388 51 speculativae:

1291 2332 202 48 haec
1417 2332 228 48 ille.
1569 2332 177 48 Sed
1670 2332 152 48 ex
1746 2332 354 48 rationibus
2024 2332 228 48 Scoti
2151 2332 177 48 lucu¬-

1289 2408 373 54 lentissime
1583 2408 293 54 apparet
1796 2408 373 54 positionem
2089 2408 213 54 hanc
2196 2408 133 54 non

1292 2483 202 52 esse
1418 2483 253 52 veram,
1595 2483 177 52 nec
1697 2483 202 52 ullo
1823 2483 202 52 modo
1950 2483 202 52 tali
2051 2483 278 52 firmitate

1291 2557 240 57 stare
1451 2557 240 57 posse
1612 2557 133 57 ;
1665 2557 187 57 tum
1772 2557 213 57 quia
1905 2557 213 57 ipse
2038 2557 187 57 non
2119 2557 213 57 solvit

1296 2634 296 50 rationes
1518 2634 246 50 Scoti.
1691 2634 222 50 Dicta
1838 2634 197 50 haec
1961 2634 345 50 sufficiant
2208 2634 123 50 pro

1298 2716 427 53 dilucidatione
1650 2716 226 53 hujus
1800 2716 276 53 ultimae
1976 2716 352 53 quaestionis.

1304 2798 137 50 Et
1373 2798 160 50 sic
1464 2798 205 50 finis
1578 2798 228 50 prologi.
