2653 3979
205 320 160 60 Ex
285 320 320 60 fruamur.
525 320 133 60 »
579 320 213 60 Item
712 320 133 60 :
765 320 133 60 «
818 320 213 60 quia
952 320 240 60 bonus
1085 320 160 60 est,

203 396 233 62 lib.
348 396 291 62 sumus,
552 396 175 62 et
639 396 349 62 mquantum
901 396 291 62 sumus,
1075 396 175 62 boni

204 455 220 77 cap‘
342 455 138 77 '
397 455 275 77 sumus.
590 455 248 77 Porro
755 455 220 77 quia
892 455 248 77 etiam
1030 455 220 77 justus

219 543 223 65 est,
359 543 195 65 non
470 543 279 65 impune
666 543 223 65 mali
805 543 279 65 sumus,
1001 543 168 65 et
1085 543 140 65 i
1112 543 140 65 li¬-

215 620 368 62 quantem
482 620 301 62 mali-
683 620 334 62 sumus,
917 620 201 62 in
984 620 267 62 tantum

211 694 303 62 etiam
413 694 303 62 minus
615 694 336 62 sumus.
850 694 269 62 Ille
985 694 269 62 igitur

216 773 283 61 usus,
404 773 220 61 quo
530 773 283 61 nobis
718 773 314 61 utitur
938 773 283 61 Deus,
1095 773 157 61 non

216 847 178 63 ad
305 847 266 63 ejus,
483 847 207 63 sed
601 847 178 63 ad
690 847 325 63 nostram
897 847 355 63 utilitatem

216 925 396 63 refertur,
520 925 183 63 ad
611 925 244 63 ejus
764 925 244 63 vero
886 925 365 63 tantummodo

214 1002 424 48 bonitatem.
516 1002 91 48 »

224 1153 244 59 Utrum
386 1153 325 59 utendum,
630 1153 162 59 an
711 1153 325 59 fruendum
955 1153 190 59 sit
1036 1153 217 59 virtu¬-

665 1231 185 43 tibus
768 1231 62 43 ?

198 1378 171 63 H
266 1378 239 63 Hic
403 1378 580 63 considerandum
880 1378 273 63 est,
1016 1378 239 63 utrum

209 1438 116 94 |
255 1438 279 94 lit!tgra
464 1438 325 94 virtutibus
720 1438 163 94 sit
813 1438 279 94 utendum,
1022 1438 139 94 an
1068 1438 186 94 fruen-

207 1526 300 91 EpVimaeS
432 1526 200 91 dum.
557 1526 325 91 Quibusdam
806 1526 300 91 videtur,
1031 1526 200 91 quod
1131 1526 125 91 eis

207 1605 324 59 distinet,
457 1605 175 59 sit
556 1605 274 59 utendum
756 1605 150 59 et
831 1605 424 59 non'fruendum,
1155 1605 100 59 et

206 1682 282 65 habetur
411 1682 179 65 hoc
514 1682 358 65 confirmant
795 1682 384 65 auctoritate
1077 1682 179 65 Augu-

208 1754 146 69 de
281 1754 122 69 '
330 1754 244 69 stini,
500 1754 195 69 qui,
622 1754 146 69 ut
695 1754 366 69 praetaxatum
988 1754 195 69 est,
1085 1754 171 69 dicit

209 1835 272 60 Christ.'
414 1835 136 60 c.
482 1835 159 60 non
572 1835 182 60 esse
686 1835 272 60 fruendum
890 1835 182 60 nisi
981 1835 272 60 Trinitate,

206 1892 184 76 33.
311 1892 210 76 caP.
442 1892 158 76 8.
521 1892 210 76 ost,
653 1892 237 76 summo
811 1892 158 76 et
863 1892 395 76 incommutabili

215 1987 284 56 bono.
405 1987 253 56 Item
563 1987 348 56 dicunt,
816 1987 253 56 ideo
974 1987 221 56 non
1068 1987 190 56 esse

213 2062 418 65 fruendum
526 2062 278 65 eis,
700 2062 278 65 quia
874 2062 383 65 propter
1118 2062 139 65 se

215 2138 337 64 amandae
461 2138 215 64 non
583 2138 276 64 sunt,
767 2138 215 64 sed
890 2138 337 64 propter
1105 2138 153 64 ae¬-

211 2212 307 60 ternam
426 2212 521 60 beatitudinem.
855 2212 276 60 Illud
1009 2212 245 60 autem,

212 2286 253 67 quo
356 2286 433 67 fruendum
681 2286 289 67 est,
861 2286 397 67 propter
1114 2286 144 67 se

213 2363 371 65 amandum
483 2363 270 65 est.
651 2363 236 65 Sed
786 2363 270 65 quod
921 2363 337 65 virtutes

219 2441 346 61 propter
470 2441 189 61 se
565 2441 346 61 amandae
816 2441 220 61 non
942 2441 283 61 sint,
1100 2441 157 61 imo

219 2515 347 67 propter
472 2515 284 67 solam
661 2515 537 67 beatitudinem,
1072 2515 189 67 pro¬-

216 2590 253 68 bant
375 2590 474 68 auctoritate
754 2590 411 68 Augustini
1070 2590 158 68 ,
1102 2590 158 68 qui

222 2667 173 67 in
309 2667 231 67 lib.
453 2667 202 67 13.
569 2667 173 67 de
655 2667 318 67 Trinit.
886 2667 289 67 contra
1060 2667 202 67 quos¬-

215 2744 229 66 dam
346 2744 262 66 ait:
510 2744 164 66 «
575 2744 295 66 Forte
772 2744 426 66 virtutes,
1067 2744 196 66 quas

218 2820 359 63 propter
480 2820 294 63 solam
675 2820 522 63 beatitudinem
1067 2820 196 63 ama¬-

225 2897 244 63 mus,
377 2897 213 63 sic
499 2897 427 63 persuadere
834 2897 274 63 nobis
987 2897 274 63 audent,

222 2972 202 62 ut
323 2972 303 62 ipsam
526 2972 539 62 beatitudinem
964 2972 236 62 non
1065 2972 202 62 ame¬-

227 3048 244 66 mus;
380 3048 244 66 quod
533 3048 183 66 si
625 3048 367 66 faciunt,
899 3048 275 66 etiam
1052 3048 214 66 ipsas

224 3123 325 66 utique
452 3123 293 66 amare
648 3123 488 66 desistimus,
1006 3123 260 66 quando

224 3198 326 66 illam,
453 3198 359 66 propter
714 3198 261 66 quam
877 3198 294 66 solam
1040 3198 228 66 istas

201 3275 220 72 Kon
326 3275 377 72 amavimus
609 3275 157 72 ,
672 3275 220 72 non
798 3275 346 72 amamus.
1050 3275 157 72 »
1081 3275 189 72 Ecce

207 3351 297 66 repentur
430 3351 173 66 hjs
529 3351 247 66 verbis
702 3351 272 66 videtur
900 3351 346 66 Augustinus
1147 3351 124 66 08-

208 3428 290 60 Ambrosii
425 3428 290 60 tendere,
643 3428 193 60 quod
764 3428 290 60 virtutes
981 3428 169 60 non
1054 3428 217 60 propter

207 3505 124 64 ■
257 3505 223 64 riis,
406 3505 174 64 se,
505 3505 174 64 sed
604 3505 273 64 propter
802 3505 223 64 solam
926 3505 347 64 beatitudinem

207 3581 247 66 giossa
380 3581 272 66 amandae
578 3581 223 66 sint.
727 3581 198 66 Quod
850 3581 148 66 si
925 3581 173 66 ita
1024 3581 198 66 est,
1123 3581 148 66 ergo

1299 306 159 57 eis
1390 306 272 57 fruendum
1594 306 159 57 non
1685 306 182 57 est.
1798 306 204 57 Aliis
1935 306 182 57 vero
2025 306 318 57 interiineari

1299 369 243 77 contra
1469 369 292 77 videtur,
1688 369 292 77 scilicet
1906 369 194 77 quod
2028 369 170 77 eis
2101 369 243 77 hocTeTbo

1298 460 306 63 fruendum
1528 460 204 63 sit,
1656 460 204 63 quia
1783 460 281 63 propter
1988 460 153 63 se
2064 460 179 63 pe-
2141 460 204 63 Gaiat.

1297 521 276 68 tendae
1490 521 165 68 et
1573 521 303 68 amandae
1794 521 248 68 sunt.
1959 521 165 68 Et
2042 521 193 68 hoc
2124 521 221 68 cap-5*

1290 610 485 55 confirmant
1672 610 520 55 auctoritate
2053 610 277 55 Ambro¬-

1298 686 230 68 sii,
1442 686 201 68 qui
1557 686 201 68 ait
1672 686 259 68 super
1844 686 259 68 illum
2017 686 259 68 locum
2161 686 172 68 epi¬-

1302 764 264 58 stolae
1487 764 159 58 ad
1566 764 291 58 Galatas
1778 764 132 58 :
1831 764 291 58 Fructus
2042 764 238 58 autem
2174 764 159 58 spi¬-

1301 840 221 62 ritus
1449 840 172 62 est
1547 840 319 62 charitas,
1792 840 294 62 gaudium,
2012 840 196 62 pax,
2110 840 221 62 patien¬-

1299 915 229 61 tia,
1442 915 229 61 etc.
1585 915 143 61 «
1643 915 229 61 Haec
1786 915 200 61 non
1900 915 315 61 nominat
2100 915 229 61 opera,

1299 991 202 65 sed
1415 991 347 65 fructus,
1675 991 231 65 quia
1819 991 318 65 propter
2050 991 173 65 se
2108 991 231 65 peten¬-

1298 1068 174 65 da
1385 1068 289 65 sunt.»
1587 1068 174 65 Si
1674 1068 232 65 vero
1819 1068 318 65 propter
2051 1068 174 65 se
2108 1068 232 65 peten¬-

1295 1142 189 66 da
1390 1142 284 66 sunt,
1579 1142 252 66 ergo
1737 1142 347 66 propter
1989 1142 189 66 se
2052 1142 284 66 amanda.

1293 1218 244 64 Nos
1432 1218 313 64 autem
1641 1218 348 64 harum,
1885 1218 279 64 quae
2025 1218 313 64 videtur

1293 1294 578 65 auctoritatum
1762 1294 578 65 repugnantiam
2196 1294 144 65 de

1300 1370 275 64 medio
1484 1370 336 64 eximere
1728 1370 428 64 cupientes,
2034 1370 305 64 dicimus,

1301 1445 245 67 quod
1454 1445 367 67 virtutes
1730 1445 337 67 propter
1975 1445 184 67 se
2036 1445 306 67 petendae

1298 1522 184 61 et
1390 1522 337 61 amandae
1636 1522 276 61 sunt,
1820 1522 184 61 et
1912 1522 276 61 tamen
2065 1522 276 61 propter

1298 1601 304 61 solam
1501 1601 574 61 beatitudinem.
1974 1601 371 61 Propter
2210 1601 135 61 se

1299 1675 326 68 quidem
1528 1675 359 68 amandae
1789 1675 294 68 sunt,
1985 1675 261 68 quia
2115 1675 229 68 dele¬-

1296 1753 286 65 ctant
1487 1753 222 65 sui
1614 1753 477 65 possessores
1995 1753 350 65 sincera
2218 1753 127 65 et

1298 1828 308 63 sancta
1514 1828 493 63 delectatione
1915 1828 185 63 et
2007 1828 185 63 in
2099 1828 216 63 eis
2192 1828 154 63 pa-

1299 1905 285 65 riunt
1490 1905 349 65 gaudium
1743 1905 476 65 spirituale.
2092 1905 254 65 Verum-

1297 1980 294 57 tamen
1493 1980 229 57 non
1624 1980 229 57 est
1755 1980 229 57 hic
1853 1980 490 57 consistendum,

1295 2056 246 65 sed
1435 2056 316 65 ultra
1646 2056 527 65 gradiendum.
2067 2056 246 65 Non
2172 2056 176 65 hic

1301 2133 329 61 haereat
1540 2133 449 61 dilectionis
1899 2133 359 61 gressus,
2139 2133 209 61 neque

1303 2206 193 56 hic
1414 2206 193 56 sit
1524 2206 413 56 dilectionis
1854 2206 358 56 terminus,
2130 2206 193 56 sed
2212 2206 138 56 re¬-

1299 2281 361 57 feratur
1562 2281 230 57 hoc
1693 2281 197 57 ad
1792 2281 296 57 illud
1989 2281 328 57 summum
2186 2281 164 57 bo¬-

1300 2359 255 61 num,
1459 2359 223 61 cui
1587 2359 255 61 soli
1746 2359 318 61 omnino
1937 2359 414 61 inhaerendum

1302 2439 247 65 est,
1456 2439 247 65 quia
1610 2439 277 65 illud
1795 2439 339 65 propter
2042 2439 185 65 se
2103 2439 247 65 tantum

1304 2511 338 61 amandum
1550 2511 246 61 est,
1704 2511 185 61 et
1796 2511 277 61 ultra
1981 2511 277 61 illud
2135 2511 215 61 nihil

1307 2587 417 68 quaerendum
1635 2587 238 68 est;
1783 2587 268 68 illud
1962 2587 208 68 est
2081 2587 238 68 enim
2200 2587 149 68 su¬-

1309 2662 281 69 premus
1506 2662 281 69 finis.
1702 2662 225 69 Ideo
1842 2662 393 69 Augustinus
2123 2662 225 69 dicit,

1307 2739 253 67 quod
1466 2739 221 67 eas
1592 2739 411 67 diligimus
1908 2739 348 67 propter
2130 2739 221 67 solam

1307 2816 509 64 beatitudinem,
1726 2816 209 64 non
1846 2816 239 64 quin
1995 2816 209 64 eas
2085 2816 269 64 propter

1311 2890 174 66 se
1398 2890 406 66 diligamus,
1717 2890 203 66 sed
1833 2890 232 66 quia
1977 2890 174 66 id
2035 2890 319 66 ipsumquod

1308 2966 216 67 eas
1431 2966 431 67 diligimus,
1770 2966 400 67 referimus
2078 2966 185 67 ad
2139 2966 216 67 illud

1311 3042 316 59 summum
1533 3042 316 59 bonum,
1754 3042 221 59 cui
1881 3042 253 59 soli
2007 3042 348 59 inhaeren¬-

1306 3119 245 64 dum
1446 3119 279 64 est,
1620 3119 210 64 et
1725 3119 210 64 in
1830 3119 210 64 eo
1900 3119 454 64 permanendum

1314 3196 347 65 finisque
1575 3196 376 65 laetitiae
1864 3196 347 65 ponendus
2124 3196 145 65 ;
2153 3196 203 65 quare

1312 3269 443 56 virtutibus
1660 3269 221 56 non
1787 3269 221 56 est
1913 3269 411 56 fruendum.
2198 3269 158 56 Sed

1315 3347 268 67 dicet
1494 3347 327 67 aliquis
1732 3347 149 67 :
1791 3347 238 67 Frui
1940 3347 208 67 est
2059 3347 268 67 amore
2208 3347 149 67 in¬-

1317 3424 317 64 haerere
1548 3424 288 64 alicui
1750 3424 202 64 rei
1865 3424 317 64 propter
2067 3424 288 64 seipsam,

1320 3499 173 67 ut
1407 3499 404 67 praedictum
1724 3499 231 67 est;
1868 3499 173 67 si
1954 3499 231 67 ergo
2070 3499 288 67 virtutes

1317 3574 358 73 propter
1578 3574 195 73 se
1675 3574 358 73 amandae
1936 3574 293 73 sunt,
2131 3574 195 73 et
2196 3574 163 73 eis
