<?xml version="1.0" encoding="UTF-8"?>
<alto xmlns:xsi="http://www.w3.org/2001/XMLSchema-instance"
      xmlns="http://www.loc.gov/standards/alto/ns-v4#"
      xmlns:page="http://schema.primaresearch.org/PAGE/gts/pagecontent/2013-07-15"
      xsi:schemaLocation="http://www.loc.gov/standards/alto/ns-v4# https://www.loc.gov/standards/alto/v4/alto.xsd">
   <Description>
      <MeasurementUnit>pixel</MeasurementUnit>
      <OCRProcessing ID="IdOcr">
         <ocrProcessingStep>
            <processingDateTime>2021-03-24T10:45:59.308-04:00</processingDateTime>
            <processingSoftware>
               <softwareCreator>READ COOP</softwareCreator>
               <softwareName>Transkribus</softwareName>
            </processingSoftware>
         </ocrProcessingStep>
      </OCRProcessing>
   </Description>
   <Tags/>
   <Layout>
      <Page ID="Page1" PHYSICAL_IMG_NR="1" HEIGHT="3979" WIDTH="2653">
         <TopMargin HEIGHT="0" WIDTH="2653" VPOS="0" HPOS="0"/>
         <LeftMargin HEIGHT="3979" WIDTH="0" VPOS="0" HPOS="0"/>
         <RightMargin HEIGHT="3979" WIDTH="103" VPOS="0" HPOS="2550"/>
         <BottomMargin HEIGHT="0" WIDTH="2653" VPOS="3979" HPOS="0"/>
         <PrintSpace HEIGHT="3979" WIDTH="2550" VPOS="0" HPOS="0">
            <TextBlock ID="TextRegion_1615898566177_7"
                       HEIGHT="3331"
                       WIDTH="1045"
                       VPOS="289"
                       HPOS="196">
               <Shape>
                  <Polygon POINTS="216,289 1231,289 1236,1887 1241,3486 1241,3620 228,3620 196,3501 196,529"/>
               </Shape>
               <TextLine ID="tl_3"
                         BASELINE="218,351 431,337 758,343 934,336 1229,333"
                         HEIGHT="61"
                         WIDTH="1011"
                         VPOS="290"
                         HPOS="218">
                  <String HEIGHT="61"
                          WIDTH="359"
                          VPOS="290"
                          HPOS="185"
                          CONTENT="quentia"/>
                  <SP HEIGHT="61" WIDTH="33" VPOS="290" HPOS="544"/>
                  <String HEIGHT="61"
                          WIDTH="424"
                          VPOS="290"
                          HPOS="446"
                          CONTENT="probatur,"/>
                  <SP HEIGHT="61" WIDTH="33" VPOS="290" HPOS="870"/>
                  <String HEIGHT="61"
                          WIDTH="261"
                          VPOS="290"
                          HPOS="772"
                          CONTENT="quia"/>
                  <SP HEIGHT="61" WIDTH="33" VPOS="290" HPOS="1033"/>
                  <String HEIGHT="61"
                          WIDTH="326"
                          VPOS="290"
                          HPOS="903"
                          CONTENT="potentia"/>
               </TextLine>
               <TextLine ID="tl_4"
                         BASELINE="219,426 314,411 585,412 676,412 820,413 1123,411 1229,398"
                         HEIGHT="60"
                         WIDTH="1010"
                         VPOS="366"
                         HPOS="219">
                  <String HEIGHT="60" WIDTH="228" VPOS="366" HPOS="186" CONTENT="per"/>
                  <SP HEIGHT="60" WIDTH="33" VPOS="366" HPOS="414"/>
                  <String HEIGHT="60"
                          WIDTH="326"
                          VPOS="366"
                          HPOS="317"
                          CONTENT="formam"/>
                  <SP HEIGHT="60" WIDTH="33" VPOS="366" HPOS="643"/>
                  <String HEIGHT="60" WIDTH="195" VPOS="366" HPOS="545" CONTENT="in"/>
                  <SP HEIGHT="60" WIDTH="33" VPOS="366" HPOS="740"/>
                  <String HEIGHT="60"
                          WIDTH="261"
                          VPOS="366"
                          HPOS="643"
                          CONTENT="ipsa"/>
                  <SP HEIGHT="60" WIDTH="33" VPOS="366" HPOS="903"/>
                  <String HEIGHT="60"
                          WIDTH="391"
                          VPOS="366"
                          HPOS="805"
                          CONTENT="receptam"/>
                  <SP HEIGHT="60" WIDTH="33" VPOS="366" HPOS="1196"/>
                  <String HEIGHT="60"
                          WIDTH="163"
                          VPOS="366"
                          HPOS="1066"
                          CONTENT="re¬"
                          SUBS_TYPE="HypPart1"
                          SUBS_CONTENT="respicit"/>
                  <HYP CONTENT="-"/>
               </TextLine>
               <TextLine ID="tl_5"
                         BASELINE="221,489 378,490 704,496 803,490 923,488 1008,488 1228,488"
                         HEIGHT="61"
                         WIDTH="1007"
                         VPOS="442"
                         HPOS="221">
                  <String HEIGHT="61"
                          WIDTH="315"
                          VPOS="442"
                          HPOS="190"
                          CONTENT="spicit"
                          SUBS_TYPE="HypPart2"
                          SUBS_CONTENT="respicit"/>
                  <SP HEIGHT="61" WIDTH="31" VPOS="442" HPOS="504"/>
                  <String HEIGHT="61"
                          WIDTH="409"
                          VPOS="442"
                          HPOS="410"
                          CONTENT="objectum,"/>
                  <SP HEIGHT="61" WIDTH="31" VPOS="442" HPOS="819"/>
                  <String HEIGHT="61" WIDTH="189" VPOS="442" HPOS="725" CONTENT="et"/>
                  <SP HEIGHT="61" WIDTH="31" VPOS="442" HPOS="913"/>
                  <String HEIGHT="61" WIDTH="220" VPOS="442" HPOS="819" CONTENT="ita"/>
                  <SP HEIGHT="61" WIDTH="31" VPOS="442" HPOS="1039"/>
                  <String HEIGHT="61" WIDTH="189" VPOS="442" HPOS="945" CONTENT="si"/>
                  <SP HEIGHT="61" WIDTH="31" VPOS="442" HPOS="1134"/>
                  <String HEIGHT="61"
                          WIDTH="220"
                          VPOS="442"
                          HPOS="1008"
                          CONTENT="forma"/>
               </TextLine>
               <TextLine ID="tl_6"
                         BASELINE="220,563 323,564 576,564 777,565 1117,563 1229,550"
                         HEIGHT="60"
                         WIDTH="1009"
                         VPOS="518"
                         HPOS="220">
                  <String HEIGHT="60" WIDTH="221" VPOS="518" HPOS="188" CONTENT="una"/>
                  <SP HEIGHT="60" WIDTH="32" VPOS="518" HPOS="409"/>
                  <String HEIGHT="60"
                          WIDTH="347"
                          VPOS="518"
                          HPOS="315"
                          CONTENT="recepta"/>
                  <SP HEIGHT="60" WIDTH="32" VPOS="518" HPOS="661"/>
                  <String HEIGHT="60"
                          WIDTH="315"
                          VPOS="518"
                          HPOS="567"
                          CONTENT="satiat"/>
                  <SP HEIGHT="60" WIDTH="32" VPOS="518" HPOS="882"/>
                  <String HEIGHT="60"
                          WIDTH="410"
                          VPOS="518"
                          HPOS="788"
                          CONTENT="appetitum"/>
                  <SP HEIGHT="60" WIDTH="32" VPOS="518" HPOS="1197"/>
                  <String HEIGHT="60"
                          WIDTH="158"
                          VPOS="518"
                          HPOS="1071"
                          CONTENT="in¬"
                          SUBS_TYPE="HypPart1"
                          SUBS_CONTENT="intrinsece,"/>
                  <HYP CONTENT="-"/>
               </TextLine>
               <TextLine ID="tl_7"
                         BASELINE="219,640 466,647 762,639 923,640 1227,638"
                         HEIGHT="60"
                         WIDTH="1008"
                         VPOS="593"
                         HPOS="219">
                  <String HEIGHT="60"
                          WIDTH="410"
                          VPOS="593"
                          HPOS="188"
                          CONTENT="trinsece,"
                          SUBS_TYPE="HypPart2"
                          SUBS_CONTENT="intrinsece,"/>
                  <SP HEIGHT="60" WIDTH="32" VPOS="593" HPOS="597"/>
                  <String HEIGHT="60"
                          WIDTH="378"
                          VPOS="593"
                          HPOS="503"
                          CONTENT="sequitur"/>
                  <SP HEIGHT="60" WIDTH="32" VPOS="593" HPOS="881"/>
                  <String HEIGHT="60"
                          WIDTH="252"
                          VPOS="593"
                          HPOS="786"
                          CONTENT="quod"/>
                  <SP HEIGHT="60" WIDTH="32" VPOS="593" HPOS="1038"/>
                  <String HEIGHT="60"
                          WIDTH="315"
                          VPOS="593"
                          HPOS="912"
                          CONTENT="objectum"/>
               </TextLine>
               <TextLine ID="tl_8"
                         BASELINE="222,729 353,716 677,715 733,716 1000,716 1122,714 1228,701"
                         HEIGHT="61"
                         WIDTH="1006"
                         VPOS="668"
                         HPOS="222">
                  <String HEIGHT="61"
                          WIDTH="237"
                          VPOS="668"
                          HPOS="192"
                          CONTENT="quod"/>
                  <SP HEIGHT="61" WIDTH="30" VPOS="668" HPOS="429"/>
                  <String HEIGHT="61"
                          WIDTH="414"
                          VPOS="668"
                          HPOS="340"
                          CONTENT="respicitur"/>
                  <SP HEIGHT="61" WIDTH="30" VPOS="668" HPOS="755"/>
                  <String HEIGHT="61" WIDTH="148" VPOS="668" HPOS="666" CONTENT="a"/>
                  <SP HEIGHT="61" WIDTH="30" VPOS="668" HPOS="814"/>
                  <String HEIGHT="61"
                          WIDTH="355"
                          VPOS="668"
                          HPOS="725"
                          CONTENT="potentia"/>
                  <SP HEIGHT="61" WIDTH="30" VPOS="668" HPOS="1080"/>
                  <String HEIGHT="61" WIDTH="207" VPOS="668" HPOS="991" CONTENT="per"/>
                  <SP HEIGHT="61" WIDTH="30" VPOS="668" HPOS="1198"/>
                  <String HEIGHT="61"
                          WIDTH="148"
                          VPOS="668"
                          HPOS="1080"
                          CONTENT="is¬"
                          SUBS_TYPE="HypPart1"
                          SUBS_CONTENT="istam"/>
                  <HYP CONTENT="-"/>
               </TextLine>
               <TextLine ID="tl_9"
                         BASELINE="219,794 328,790 609,798 801,792 1000,793 1229,778"
                         HEIGHT="60"
                         WIDTH="1010"
                         VPOS="745"
                         HPOS="219">
                  <String HEIGHT="60"
                          WIDTH="221"
                          VPOS="745"
                          HPOS="187"
                          CONTENT="tam"
                          SUBS_TYPE="HypPart2"
                          SUBS_CONTENT="istam"/>
                  <SP HEIGHT="60" WIDTH="32" VPOS="745" HPOS="408"/>
                  <String HEIGHT="60"
                          WIDTH="347"
                          VPOS="745"
                          HPOS="314"
                          CONTENT="formam,"/>
                  <SP HEIGHT="60" WIDTH="32" VPOS="745" HPOS="661"/>
                  <String HEIGHT="60"
                          WIDTH="284"
                          VPOS="745"
                          HPOS="566"
                          CONTENT="etiam"/>
                  <SP HEIGHT="60" WIDTH="32" VPOS="745" HPOS="850"/>
                  <String HEIGHT="60"
                          WIDTH="316"
                          VPOS="745"
                          HPOS="756"
                          CONTENT="satiat"/>
                  <SP HEIGHT="60" WIDTH="32" VPOS="745" HPOS="1071"/>
                  <String HEIGHT="60"
                          WIDTH="284"
                          VPOS="745"
                          HPOS="945"
                          CONTENT="appeti¬"
                          SUBS_TYPE="HypPart1"
                          SUBS_CONTENT="appetitum"/>
                  <HYP CONTENT="-"/>
               </TextLine>
               <TextLine ID="tl_10"
                         BASELINE="220,868 334,867 678,868 814,868 1226,866"
                         HEIGHT="48"
                         WIDTH="1006"
                         VPOS="821"
                         HPOS="220">
                  <String HEIGHT="48"
                          WIDTH="227"
                          VPOS="821"
                          HPOS="188"
                          CONTENT="tum"
                          SUBS_TYPE="HypPart2"
                          SUBS_CONTENT="appetitum"/>
                  <SP HEIGHT="48" WIDTH="32" VPOS="821" HPOS="415"/>
                  <String HEIGHT="48"
                          WIDTH="454"
                          VPOS="821"
                          HPOS="317"
                          CONTENT="extrinsece"/>
                  <SP HEIGHT="48" WIDTH="32" VPOS="821" HPOS="772"/>
                  <String HEIGHT="48" WIDTH="227" VPOS="821" HPOS="674" CONTENT="seu"/>
                  <SP HEIGHT="48" WIDTH="32" VPOS="821" HPOS="901"/>
                  <String HEIGHT="48"
                          WIDTH="454"
                          VPOS="821"
                          HPOS="772"
                          CONTENT="terminative."/>
               </TextLine>
               <TextLine ID="tl_11"
                         BASELINE="217,944 539,944 841,950 1013,944 1103,944 1228,929"
                         HEIGHT="60"
                         WIDTH="1011"
                         VPOS="897"
                         HPOS="217">
                  <String HEIGHT="60"
                          WIDTH="429"
                          VPOS="897"
                          HPOS="186"
                          CONTENT="Antecedens"/>
                  <SP HEIGHT="60" WIDTH="31" VPOS="897" HPOS="615"/>
                  <String HEIGHT="60"
                          WIDTH="398"
                          VPOS="897"
                          HPOS="523"
                          CONTENT="probatur,"/>
                  <SP HEIGHT="60" WIDTH="31" VPOS="897" HPOS="922"/>
                  <String HEIGHT="60"
                          WIDTH="245"
                          VPOS="897"
                          HPOS="830"
                          CONTENT="quia"/>
                  <SP HEIGHT="60" WIDTH="31" VPOS="897" HPOS="1075"/>
                  <String HEIGHT="60" WIDTH="184" VPOS="897" HPOS="983" CONTENT="si"/>
                  <SP HEIGHT="60" WIDTH="31" VPOS="897" HPOS="1167"/>
                  <String HEIGHT="60"
                          WIDTH="184"
                          VPOS="897"
                          HPOS="1044"
                          CONTENT="ali¬"
                          SUBS_TYPE="HypPart1"
                          SUBS_CONTENT="aliqua"/>
                  <HYP CONTENT="-"/>
               </TextLine>
               <TextLine ID="tl_12"
                         BASELINE="219,1032 320,1019 552,1019 714,1019 992,1020 1027,1026 1228,1019"
                         HEIGHT="59"
                         WIDTH="1009"
                         VPOS="973"
                         HPOS="219">
                  <String HEIGHT="59"
                          WIDTH="244"
                          VPOS="973"
                          HPOS="184"
                          CONTENT="qua"
                          SUBS_TYPE="HypPart2"
                          SUBS_CONTENT="aliqua"/>
                  <SP HEIGHT="59" WIDTH="35" VPOS="973" HPOS="428"/>
                  <String HEIGHT="59"
                          WIDTH="313"
                          VPOS="973"
                          HPOS="323"
                          CONTENT="forma"/>
                  <SP HEIGHT="59" WIDTH="35" VPOS="973" HPOS="637"/>
                  <String HEIGHT="59" WIDTH="244" VPOS="973" HPOS="532" CONTENT="non"/>
                  <SP HEIGHT="59" WIDTH="35" VPOS="973" HPOS="776"/>
                  <String HEIGHT="59"
                          WIDTH="418"
                          VPOS="973"
                          HPOS="671"
                          CONTENT="satiaret"/>
                  <SP HEIGHT="59" WIDTH="35" VPOS="973" HPOS="1089"/>
                  <String HEIGHT="59" WIDTH="174" VPOS="973" HPOS="984" CONTENT=";"/>
                  <SP HEIGHT="59" WIDTH="35" VPOS="973" HPOS="1158"/>
                  <String HEIGHT="59"
                          WIDTH="209"
                          VPOS="973"
                          HPOS="1019"
                          CONTENT="ergo"/>
               </TextLine>
               <TextLine ID="tl_13"
                         BASELINE="218,1095 392,1094 536,1094 769,1102 1047,1095 1230,1083"
                         HEIGHT="54"
                         WIDTH="1012"
                         VPOS="1048"
                         HPOS="218">
                  <String HEIGHT="54"
                          WIDTH="307"
                          VPOS="1048"
                          HPOS="187"
                          CONTENT="stante"/>
                  <SP HEIGHT="54" WIDTH="31" VPOS="1048" HPOS="494"/>
                  <String HEIGHT="54"
                          WIDTH="245"
                          VPOS="1048"
                          HPOS="402"
                          CONTENT="ista"/>
                  <SP HEIGHT="54" WIDTH="31" VPOS="1048" HPOS="647"/>
                  <String HEIGHT="54"
                          WIDTH="307"
                          VPOS="1048"
                          HPOS="555"
                          CONTENT="forma,"/>
                  <SP HEIGHT="54" WIDTH="31" VPOS="1048" HPOS="862"/>
                  <String HEIGHT="54"
                          WIDTH="337"
                          VPOS="1048"
                          HPOS="770"
                          CONTENT="materia"/>
                  <SP HEIGHT="54" WIDTH="31" VPOS="1048" HPOS="1107"/>
                  <String HEIGHT="54"
                          WIDTH="245"
                          VPOS="1048"
                          HPOS="985"
                          CONTENT="incli¬"
                          SUBS_TYPE="HypPart1"
                          SUBS_CONTENT="inclinaretur"/>
                  <HYP CONTENT="-"/>
               </TextLine>
               <TextLine ID="tl_14"
                         BASELINE="217,1170 442,1170 541,1171 747,1170 1140,1178 1229,1172"
                         HEIGHT="53"
                         WIDTH="1012"
                         VPOS="1125"
                         HPOS="217">
                  <String HEIGHT="53"
                          WIDTH="348"
                          VPOS="1125"
                          HPOS="185"
                          CONTENT="naretur"
                          SUBS_TYPE="HypPart2"
                          SUBS_CONTENT="inclinaretur"/>
                  <SP HEIGHT="53" WIDTH="32" VPOS="1125" HPOS="533"/>
                  <String HEIGHT="53" WIDTH="190" VPOS="1125" HPOS="438" CONTENT="ad"/>
                  <SP HEIGHT="53" WIDTH="32" VPOS="1125" HPOS="628"/>
                  <String HEIGHT="53"
                          WIDTH="285"
                          VPOS="1125"
                          HPOS="533"
                          CONTENT="aliam"/>
                  <SP HEIGHT="53" WIDTH="32" VPOS="1125" HPOS="818"/>
                  <String HEIGHT="53"
                          WIDTH="506"
                          VPOS="1125"
                          HPOS="723"
                          CONTENT="naturaliter,"/>
                  <SP HEIGHT="53" WIDTH="32" VPOS="1125" HPOS="1229"/>
                  <String HEIGHT="53"
                          WIDTH="127"
                          VPOS="1125"
                          HPOS="1103"
                          CONTENT="et"/>
               </TextLine>
               <TextLine ID="tl_15"
                         BASELINE="219,1259 314,1245 677,1247 817,1246 962,1246 1229,1231"
                         HEIGHT="60"
                         WIDTH="1010"
                         VPOS="1200"
                         HPOS="219">
                  <String HEIGHT="60"
                          WIDTH="221"
                          VPOS="1200"
                          HPOS="187"
                          CONTENT="per"/>
                  <SP HEIGHT="60" WIDTH="32" VPOS="1200" HPOS="408"/>
                  <String HEIGHT="60"
                          WIDTH="442"
                          VPOS="1200"
                          HPOS="314"
                          CONTENT="consequens"/>
                  <SP HEIGHT="60" WIDTH="32" VPOS="1200" HPOS="756"/>
                  <String HEIGHT="60"
                          WIDTH="221"
                          VPOS="1200"
                          HPOS="661"
                          CONTENT="sub"/>
                  <SP HEIGHT="60" WIDTH="32" VPOS="1200" HPOS="882"/>
                  <String HEIGHT="60"
                          WIDTH="253"
                          VPOS="1200"
                          HPOS="787"
                          CONTENT="ista"/>
                  <SP HEIGHT="60" WIDTH="32" VPOS="1200" HPOS="1040"/>
                  <String HEIGHT="60"
                          WIDTH="316"
                          VPOS="1200"
                          HPOS="913"
                          CONTENT="quiesce¬"
                          SUBS_TYPE="HypPart1"
                          SUBS_CONTENT="quiesceret"/>
                  <HYP CONTENT="-"/>
               </TextLine>
               <TextLine ID="tl_16"
                         BASELINE="220,1322 301,1322 636,1331 816,1323 1228,1322"
                         HEIGHT="59"
                         WIDTH="1008"
                         VPOS="1277"
                         HPOS="220">
                  <String HEIGHT="59"
                          WIDTH="243"
                          VPOS="1277"
                          HPOS="185"
                          CONTENT="ret"
                          SUBS_TYPE="HypPart2"
                          SUBS_CONTENT="quiesceret"/>
                  <SP HEIGHT="59" WIDTH="35" VPOS="1277" HPOS="429"/>
                  <String HEIGHT="59"
                          WIDTH="487"
                          VPOS="1277"
                          HPOS="324"
                          CONTENT="violenter,"/>
                  <SP HEIGHT="59" WIDTH="35" VPOS="1277" HPOS="811"/>
                  <String HEIGHT="59"
                          WIDTH="243"
                          VPOS="1277"
                          HPOS="707"
                          CONTENT="nam"/>
                  <SP HEIGHT="59" WIDTH="35" VPOS="1277" HPOS="950"/>
                  <String HEIGHT="59"
                          WIDTH="417"
                          VPOS="1277"
                          HPOS="811"
                          CONTENT="quodeumque"/>
               </TextLine>
               <TextLine ID="tl_17"
                         BASELINE="219,1411 503,1398 747,1399 848,1399 972,1399 1069,1399 1229,1399"
                         HEIGHT="61"
                         WIDTH="1010"
                         VPOS="1351"
                         HPOS="219">
                  <String HEIGHT="61"
                          WIDTH="398"
                          VPOS="1351"
                          HPOS="188"
                          CONTENT="prohibens"/>
                  <SP HEIGHT="61" WIDTH="31" VPOS="1351" HPOS="586"/>
                  <String HEIGHT="61"
                          WIDTH="337"
                          VPOS="1351"
                          HPOS="494"
                          CONTENT="aliquid"/>
                  <SP HEIGHT="61" WIDTH="31" VPOS="1351" HPOS="831"/>
                  <String HEIGHT="61" WIDTH="184" VPOS="1351" HPOS="739" CONTENT="ab"/>
                  <SP HEIGHT="61" WIDTH="31" VPOS="1351" HPOS="923"/>
                  <String HEIGHT="61"
                          WIDTH="245"
                          VPOS="1351"
                          HPOS="831"
                          CONTENT="illo"/>
                  <SP HEIGHT="61" WIDTH="31" VPOS="1351" HPOS="1076"/>
                  <String HEIGHT="61" WIDTH="184" VPOS="1351" HPOS="984" CONTENT="ad"/>
                  <SP HEIGHT="61" WIDTH="31" VPOS="1351" HPOS="1168"/>
                  <String HEIGHT="61"
                          WIDTH="184"
                          VPOS="1351"
                          HPOS="1045"
                          CONTENT="quod"/>
               </TextLine>
               <TextLine ID="tl_18"
                         BASELINE="220,1473 301,1475 608,1473 850,1482 985,1476 1230,1461"
                         HEIGHT="60"
                         WIDTH="1010"
                         VPOS="1428"
                         HPOS="220">
                  <String HEIGHT="60"
                          WIDTH="208"
                          VPOS="1428"
                          HPOS="190"
                          CONTENT="est"/>
                  <SP HEIGHT="60" WIDTH="30" VPOS="1428" HPOS="398"/>
                  <String HEIGHT="60"
                          WIDTH="416"
                          VPOS="1428"
                          HPOS="309"
                          CONTENT="inclinatio"/>
                  <SP HEIGHT="60" WIDTH="30" VPOS="1428" HPOS="725"/>
                  <String HEIGHT="60"
                          WIDTH="327"
                          VPOS="1428"
                          HPOS="636"
                          CONTENT="ipsius,"/>
                  <SP HEIGHT="60" WIDTH="30" VPOS="1428" HPOS="963"/>
                  <String HEIGHT="60"
                          WIDTH="208"
                          VPOS="1428"
                          HPOS="874"
                          CONTENT="est"/>
                  <SP HEIGHT="60" WIDTH="30" VPOS="1428" HPOS="1081"/>
                  <String HEIGHT="60"
                          WIDTH="267"
                          VPOS="1428"
                          HPOS="963"
                          CONTENT="violen¬"
                          SUBS_TYPE="HypPart1"
                          SUBS_CONTENT="violentum"/>
                  <HYP CONTENT="-"/>
               </TextLine>
               <TextLine ID="tl_19"
                         BASELINE="221,1551 335,1548 479,1554 657,1550 913,1552 1011,1551 1229,1549"
                         HEIGHT="61"
                         WIDTH="1008"
                         VPOS="1503"
                         HPOS="221">
                  <String HEIGHT="61"
                          WIDTH="214"
                          VPOS="1503"
                          HPOS="190"
                          CONTENT="tum"
                          SUBS_TYPE="HypPart2"
                          SUBS_CONTENT="violentum"/>
                  <SP HEIGHT="61" WIDTH="31" VPOS="1503" HPOS="404"/>
                  <String HEIGHT="61"
                          WIDTH="275"
                          VPOS="1503"
                          HPOS="313"
                          CONTENT="sibi,"/>
                  <SP HEIGHT="61" WIDTH="31" VPOS="1503" HPOS="588"/>
                  <String HEIGHT="61"
                          WIDTH="275"
                          VPOS="1503"
                          HPOS="496"
                          CONTENT="sicut"/>
                  <SP HEIGHT="61" WIDTH="31" VPOS="1503" HPOS="771"/>
                  <String HEIGHT="61"
                          WIDTH="336"
                          VPOS="1503"
                          HPOS="679"
                          CONTENT="apparet"/>
                  <SP HEIGHT="61" WIDTH="31" VPOS="1503" HPOS="1015"/>
                  <String HEIGHT="61" WIDTH="183" VPOS="1503" HPOS="924" CONTENT="de"/>
                  <SP HEIGHT="61" WIDTH="31" VPOS="1503" HPOS="1107"/>
                  <String HEIGHT="61"
                          WIDTH="244"
                          VPOS="1503"
                          HPOS="985"
                          CONTENT="quiete"/>
               </TextLine>
               <TextLine ID="tl_20"
                         BASELINE="225,1638 405,1625 589,1626 784,1626 984,1625"
                         HEIGHT="59"
                         WIDTH="759"
                         VPOS="1579"
                         HPOS="225">
                  <String HEIGHT="59"
                          WIDTH="316"
                          VPOS="1579"
                          HPOS="193"
                          CONTENT="gravis"/>
                  <SP HEIGHT="59" WIDTH="32" VPOS="1579" HPOS="510"/>
                  <String HEIGHT="59"
                          WIDTH="285"
                          VPOS="1579"
                          HPOS="415"
                          CONTENT="extra"/>
                  <SP HEIGHT="59" WIDTH="32" VPOS="1579" HPOS="699"/>
                  <String HEIGHT="59"
                          WIDTH="285"
                          VPOS="1579"
                          HPOS="605"
                          CONTENT="locum"/>
                  <SP HEIGHT="59" WIDTH="32" VPOS="1579" HPOS="889"/>
                  <String HEIGHT="59"
                          WIDTH="221"
                          VPOS="1579"
                          HPOS="763"
                          CONTENT="suum."/>
               </TextLine>
               <TextLine ID="tl_21"
                         BASELINE="515,1800 929,1800"
                         HEIGHT="41"
                         WIDTH="414"
                         VPOS="1760"
                         HPOS="515">
                  <String HEIGHT="41"
                          WIDTH="478"
                          VPOS="1760"
                          HPOS="451"
                          CONTENT="COMMENTARIUS."/>
               </TextLine>
               <TextLine ID="line_1615898566410_10"
                         BASELINE="196,1932 331,1942 513,1929 778,1929 858,1929 1009,1930 1231,1928"
                         HEIGHT="54"
                         WIDTH="1035"
                         VPOS="1888"
                         HPOS="196">
                  <String HEIGHT="54" WIDTH="132" VPOS="1888" HPOS="174" CONTENT="i."/>
                  <SP HEIGHT="54" WIDTH="22" VPOS="1888" HPOS="306"/>
                  <String HEIGHT="54"
                          WIDTH="154"
                          VPOS="1888"
                          HPOS="240"
                          CONTENT="(a)"/>
                  <SP HEIGHT="54" WIDTH="22" VPOS="1888" HPOS="394"/>
                  <String HEIGHT="54"
                          WIDTH="242"
                          VPOS="1888"
                          HPOS="328"
                          CONTENT="Titulus"/>
                  <SP HEIGHT="54" WIDTH="22" VPOS="1888" HPOS="570"/>
                  <String HEIGHT="54"
                          WIDTH="330"
                          VPOS="1888"
                          HPOS="504"
                          CONTENT="quaestionis"/>
                  <SP HEIGHT="54" WIDTH="22" VPOS="1888" HPOS="835"/>
                  <String HEIGHT="54"
                          WIDTH="154"
                          VPOS="1888"
                          HPOS="769"
                          CONTENT="sic"/>
                  <SP HEIGHT="54" WIDTH="22" VPOS="1888" HPOS="923"/>
                  <String HEIGHT="54"
                          WIDTH="198"
                          VPOS="1888"
                          HPOS="857"
                          CONTENT="debet"/>
                  <SP HEIGHT="54" WIDTH="22" VPOS="1888" HPOS="1055"/>
                  <String HEIGHT="54"
                          WIDTH="264"
                          VPOS="1888"
                          HPOS="967"
                          CONTENT="inlelligi:"/>
               </TextLine>
               <TextLine ID="tl_23"
                         BASELINE="224,2005 284,2004 460,2004 616,2004 738,2004 813,2004 910,2004 974,2005 1107,2006 1228,1994"
                         HEIGHT="51"
                         WIDTH="1004"
                         VPOS="1965"
                         HPOS="224">
                  <String HEIGHT="51" WIDTH="134" VPOS="1965" HPOS="202" CONTENT="An"/>
                  <SP HEIGHT="51" WIDTH="22" VPOS="1965" HPOS="336"/>
                  <String HEIGHT="51"
                          WIDTH="245"
                          VPOS="1965"
                          HPOS="269"
                          CONTENT="entitas"/>
                  <SP HEIGHT="51" WIDTH="22" VPOS="1965" HPOS="514"/>
                  <String HEIGHT="51"
                          WIDTH="223"
                          VPOS="1965"
                          HPOS="447"
                          CONTENT="ultimi"/>
                  <SP HEIGHT="51" WIDTH="22" VPOS="1965" HPOS="670"/>
                  <String HEIGHT="51"
                          WIDTH="201"
                          VPOS="1965"
                          HPOS="603"
                          CONTENT="finis"/>
                  <SP HEIGHT="51" WIDTH="22" VPOS="1965" HPOS="804"/>
                  <String HEIGHT="51"
                          WIDTH="156"
                          VPOS="1965"
                          HPOS="737"
                          CONTENT="sit"/>
                  <SP HEIGHT="51" WIDTH="22" VPOS="1965" HPOS="893"/>
                  <String HEIGHT="51"
                          WIDTH="156"
                          VPOS="1965"
                          HPOS="826"
                          CONTENT="per"/>
                  <SP HEIGHT="51" WIDTH="22" VPOS="1965" HPOS="983"/>
                  <String HEIGHT="51" WIDTH="134" VPOS="1965" HPOS="916" CONTENT="se"/>
                  <SP HEIGHT="51" WIDTH="22" VPOS="1965" HPOS="1050"/>
                  <String HEIGHT="51"
                          WIDTH="201"
                          VPOS="1965"
                          HPOS="983"
                          CONTENT="ratio"/>
                  <SP HEIGHT="51" WIDTH="22" VPOS="1965" HPOS="1183"/>
                  <String HEIGHT="51"
                          WIDTH="134"
                          VPOS="1965"
                          HPOS="1094"
                          CONTENT="for¬"
                          SUBS_TYPE="HypPart1"
                          SUBS_CONTENT="formalis"/>
                  <HYP CONTENT="-"/>
               </TextLine>
               <TextLine ID="tl_24"
                         BASELINE="222,2080 343,2081 640,2080 924,2080 1230,2080"
                         HEIGHT="40"
                         WIDTH="1008"
                         VPOS="2041"
                         HPOS="222">
                  <String HEIGHT="40"
                          WIDTH="239"
                          VPOS="2041"
                          HPOS="195"
                          CONTENT="malis"
                          SUBS_TYPE="HypPart2"
                          SUBS_CONTENT="formalis"/>
                  <SP HEIGHT="40" WIDTH="27" VPOS="2041" HPOS="434"/>
                  <String HEIGHT="40"
                          WIDTH="371"
                          VPOS="2041"
                          HPOS="355"
                          CONTENT="terminandi"/>
                  <SP HEIGHT="40" WIDTH="27" VPOS="2041" HPOS="726"/>
                  <String HEIGHT="40"
                          WIDTH="371"
                          VPOS="2041"
                          HPOS="646"
                          CONTENT="fruitionem"/>
                  <SP HEIGHT="40" WIDTH="27" VPOS="2041" HPOS="1018"/>
                  <String HEIGHT="40"
                          WIDTH="318"
                          VPOS="2041"
                          HPOS="912"
                          CONTENT="ordinatam."/>
               </TextLine>
               <TextLine ID="tl_25"
                         BASELINE="220,2158 269,2157 527,2156 666,2156 802,2157 890,2157 1039,2156 1125,2158 1232,2148"
                         HEIGHT="51"
                         WIDTH="1012"
                         VPOS="2117"
                         HPOS="220">
                  <String HEIGHT="51" WIDTH="156" VPOS="2117" HPOS="194" CONTENT="Et"/>
                  <SP HEIGHT="51" WIDTH="26" VPOS="2117" HPOS="350"/>
                  <String HEIGHT="51"
                          WIDTH="311"
                          VPOS="2117"
                          HPOS="272"
                          CONTENT="notandum"/>
                  <SP HEIGHT="51" WIDTH="26" VPOS="2117" HPOS="583"/>
                  <String HEIGHT="51"
                          WIDTH="208"
                          VPOS="2117"
                          HPOS="505"
                          CONTENT="quod"/>
                  <SP HEIGHT="51" WIDTH="26" VPOS="2117" HPOS="713"/>
                  <String HEIGHT="51"
                          WIDTH="234"
                          VPOS="2117"
                          HPOS="635"
                          CONTENT="aliud"/>
                  <SP HEIGHT="51" WIDTH="26" VPOS="2117" HPOS="869"/>
                  <String HEIGHT="51"
                          WIDTH="182"
                          VPOS="2117"
                          HPOS="791"
                          CONTENT="est"/>
                  <SP HEIGHT="51" WIDTH="26" VPOS="2117" HPOS="973"/>
                  <String HEIGHT="51"
                          WIDTH="234"
                          VPOS="2117"
                          HPOS="895"
                          CONTENT="loqui"/>
                  <SP HEIGHT="51" WIDTH="26" VPOS="2117" HPOS="1128"/>
                  <String HEIGHT="51"
                          WIDTH="156"
                          VPOS="2117"
                          HPOS="1050"
                          CONTENT="de"/>
                  <SP HEIGHT="51" WIDTH="26" VPOS="2117" HPOS="1206"/>
                  <String HEIGHT="51"
                          WIDTH="130"
                          VPOS="2117"
                          HPOS="1102"
                          CONTENT="ob¬"
                          SUBS_TYPE="HypPart1"
                          SUBS_CONTENT="objecto"/>
                  <HYP CONTENT="-"/>
               </TextLine>
               <TextLine ID="tl_26"
                         BASELINE="214,2247 331,2234 432,2233 497,2234 787,2232 1032,2240 1098,2233 1232,2235"
                         HEIGHT="54"
                         WIDTH="1018"
                         VPOS="2193"
                         HPOS="214">
                  <String HEIGHT="54"
                          WIDTH="204"
                          VPOS="2193"
                          HPOS="191"
                          CONTENT="jecto"
                          SUBS_TYPE="HypPart2"
                          SUBS_CONTENT="objecto"/>
                  <SP HEIGHT="54" WIDTH="23" VPOS="2193" HPOS="395"/>
                  <String HEIGHT="54"
                          WIDTH="158"
                          VPOS="2193"
                          HPOS="327"
                          CONTENT="per"/>
                  <SP HEIGHT="54" WIDTH="23" VPOS="2193" HPOS="485"/>
                  <String HEIGHT="54" WIDTH="136" VPOS="2193" HPOS="418" CONTENT="se"/>
                  <SP HEIGHT="54" WIDTH="23" VPOS="2193" HPOS="553"/>
                  <String HEIGHT="54"
                          WIDTH="339"
                          VPOS="2193"
                          HPOS="485"
                          CONTENT="terminativo"/>
                  <SP HEIGHT="54" WIDTH="23" VPOS="2193" HPOS="825"/>
                  <String HEIGHT="54"
                          WIDTH="339"
                          VPOS="2193"
                          HPOS="757"
                          CONTENT="fruitionis,"/>
                  <SP HEIGHT="54" WIDTH="23" VPOS="2193" HPOS="1096"/>
                  <String HEIGHT="54"
                          WIDTH="136"
                          VPOS="2193"
                          HPOS="1028"
                          CONTENT="et"/>
                  <SP HEIGHT="54" WIDTH="23" VPOS="2193" HPOS="1164"/>
                  <String HEIGHT="54"
                          WIDTH="158"
                          VPOS="2193"
                          HPOS="1074"
                          CONTENT="aliud"/>
               </TextLine>
               <TextLine ID="tl_27"
                         BASELINE="222,2309 276,2309 477,2308 684,2308 820,2308 1037,2310 1232,2300"
                         HEIGHT="53"
                         WIDTH="1010"
                         VPOS="2268"
                         HPOS="222">
                  <String HEIGHT="53" WIDTH="155" VPOS="2268" HPOS="196" CONTENT="de"/>
                  <SP HEIGHT="53" WIDTH="26" VPOS="2268" HPOS="351"/>
                  <String HEIGHT="53"
                          WIDTH="285"
                          VPOS="2268"
                          HPOS="274"
                          CONTENT="ratione"/>
                  <SP HEIGHT="53" WIDTH="26" VPOS="2268" HPOS="559"/>
                  <String HEIGHT="53"
                          WIDTH="285"
                          VPOS="2268"
                          HPOS="481"
                          CONTENT="formali"/>
                  <SP HEIGHT="53" WIDTH="26" VPOS="2268" HPOS="766"/>
                  <String HEIGHT="53"
                          WIDTH="233"
                          VPOS="2268"
                          HPOS="688"
                          CONTENT="talis"/>
                  <SP HEIGHT="53" WIDTH="26" VPOS="2268" HPOS="921"/>
                  <String HEIGHT="53"
                          WIDTH="311"
                          VPOS="2268"
                          HPOS="844"
                          CONTENT="objecti."/>
                  <SP HEIGHT="53" WIDTH="26" VPOS="2268" HPOS="1154"/>
                  <String HEIGHT="53"
                          WIDTH="181"
                          VPOS="2268"
                          HPOS="1051"
                          CONTENT="Exem¬"
                          SUBS_TYPE="HypPart1"
                          SUBS_CONTENT="Exemplum,"/>
                  <HYP CONTENT="-"/>
               </TextLine>
               <TextLine ID="tl_28"
                         BASELINE="220,2397 353,2393 492,2384 578,2384 830,2385 1098,2386 1229,2374"
                         HEIGHT="52"
                         WIDTH="1009"
                         VPOS="2345"
                         HPOS="220">
                  <String HEIGHT="52"
                          WIDTH="233"
                          VPOS="2345"
                          HPOS="194"
                          CONTENT="plum,"
                          SUBS_TYPE="HypPart2"
                          SUBS_CONTENT="Exemplum,"/>
                  <SP HEIGHT="52" WIDTH="26" VPOS="2345" HPOS="427"/>
                  <String HEIGHT="52"
                          WIDTH="207"
                          VPOS="2345"
                          HPOS="349"
                          CONTENT="Deus"/>
                  <SP HEIGHT="52" WIDTH="26" VPOS="2345" HPOS="556"/>
                  <String HEIGHT="52"
                          WIDTH="181"
                          VPOS="2345"
                          HPOS="479"
                          CONTENT="est"/>
                  <SP HEIGHT="52" WIDTH="26" VPOS="2345" HPOS="660"/>
                  <String HEIGHT="52"
                          WIDTH="310"
                          VPOS="2345"
                          HPOS="582"
                          CONTENT="objectum"/>
                  <SP HEIGHT="52" WIDTH="26" VPOS="2345" HPOS="893"/>
                  <String HEIGHT="52"
                          WIDTH="336"
                          VPOS="2345"
                          HPOS="815"
                          CONTENT="terminans"/>
                  <SP HEIGHT="52" WIDTH="26" VPOS="2345" HPOS="1151"/>
                  <String HEIGHT="52"
                          WIDTH="181"
                          VPOS="2345"
                          HPOS="1048"
                          CONTENT="frui¬"
                          SUBS_TYPE="HypPart1"
                          SUBS_CONTENT="fruitionem,"/>
                  <HYP CONTENT="-"/>
               </TextLine>
               <TextLine ID="tl_29"
                         BASELINE="223,2461 398,2468 476,2461 638,2460 736,2459 857,2462 1092,2471 1232,2461"
                         HEIGHT="52"
                         WIDTH="1009"
                         VPOS="2421"
                         HPOS="223">
                  <String HEIGHT="52"
                          WIDTH="264"
                          VPOS="2421"
                          HPOS="199"
                          CONTENT="tionem,"
                          SUBS_TYPE="HypPart2"
                          SUBS_CONTENT="fruitionem,"/>
                  <SP HEIGHT="52" WIDTH="24" VPOS="2421" HPOS="463"/>
                  <String HEIGHT="52" WIDTH="144" VPOS="2421" HPOS="391" CONTENT="et"/>
                  <SP HEIGHT="52" WIDTH="24" VPOS="2421" HPOS="535"/>
                  <String HEIGHT="52"
                          WIDTH="240"
                          VPOS="2421"
                          HPOS="463"
                          CONTENT="Deitas"/>
                  <SP HEIGHT="52" WIDTH="24" VPOS="2421" HPOS="703"/>
                  <String HEIGHT="52"
                          WIDTH="168"
                          VPOS="2421"
                          HPOS="631"
                          CONTENT="est"/>
                  <SP HEIGHT="52" WIDTH="24" VPOS="2421" HPOS="800"/>
                  <String HEIGHT="52"
                          WIDTH="216"
                          VPOS="2421"
                          HPOS="728"
                          CONTENT="ratio"/>
                  <SP HEIGHT="52" WIDTH="24" VPOS="2421" HPOS="944"/>
                  <String HEIGHT="52"
                          WIDTH="312"
                          VPOS="2421"
                          HPOS="872"
                          CONTENT="formalis,"/>
                  <SP HEIGHT="52" WIDTH="24" VPOS="2421" HPOS="1184"/>
                  <String HEIGHT="52"
                          WIDTH="144"
                          VPOS="2421"
                          HPOS="1088"
                          CONTENT="quia"/>
               </TextLine>
               <TextLine ID="tl_30"
                         BASELINE="226,2538 406,2537 560,2537 713,2538 951,2538 1232,2538"
                         HEIGHT="51"
                         WIDTH="1006"
                         VPOS="2498"
                         HPOS="226">
                  <String HEIGHT="51"
                          WIDTH="299"
                          VPOS="2498"
                          HPOS="199"
                          CONTENT="dicimus"/>
                  <SP HEIGHT="51" WIDTH="27" VPOS="2498" HPOS="498"/>
                  <String HEIGHT="51"
                          WIDTH="218"
                          VPOS="2498"
                          HPOS="416"
                          CONTENT="quod"/>
                  <SP HEIGHT="51" WIDTH="27" VPOS="2498" HPOS="634"/>
                  <String HEIGHT="51"
                          WIDTH="218"
                          VPOS="2498"
                          HPOS="552"
                          CONTENT="Deus"/>
                  <SP HEIGHT="51" WIDTH="27" VPOS="2498" HPOS="770"/>
                  <String HEIGHT="51"
                          WIDTH="326"
                          VPOS="2498"
                          HPOS="688"
                          CONTENT="terminat"/>
                  <SP HEIGHT="51" WIDTH="27" VPOS="2498" HPOS="1014"/>
                  <String HEIGHT="51"
                          WIDTH="326"
                          VPOS="2498"
                          HPOS="906"
                          CONTENT="fruitionem"/>
               </TextLine>
               <TextLine ID="tl_31"
                         BASELINE="225,2614 303,2614 500,2614 727,2622 800,2615 935,2614 1129,2614 1234,2614"
                         HEIGHT="51"
                         WIDTH="1009"
                         VPOS="2574"
                         HPOS="225">
                  <String HEIGHT="51"
                          WIDTH="168"
                          VPOS="2574"
                          HPOS="201"
                          CONTENT="sub"/>
                  <SP HEIGHT="51" WIDTH="24" VPOS="2574" HPOS="369"/>
                  <String HEIGHT="51"
                          WIDTH="264"
                          VPOS="2574"
                          HPOS="297"
                          CONTENT="ratione"/>
                  <SP HEIGHT="51" WIDTH="24" VPOS="2574" HPOS="561"/>
                  <String HEIGHT="51"
                          WIDTH="312"
                          VPOS="2574"
                          HPOS="489"
                          CONTENT="Deitatis,"/>
                  <SP HEIGHT="51" WIDTH="24" VPOS="2574" HPOS="802"/>
                  <String HEIGHT="51" WIDTH="144" VPOS="2574" HPOS="730" CONTENT="et"/>
                  <SP HEIGHT="51" WIDTH="24" VPOS="2574" HPOS="874"/>
                  <String HEIGHT="51"
                          WIDTH="216"
                          VPOS="2574"
                          HPOS="802"
                          CONTENT="illud"/>
                  <SP HEIGHT="51" WIDTH="24" VPOS="2574" HPOS="1018"/>
                  <String HEIGHT="51"
                          WIDTH="264"
                          VPOS="2574"
                          HPOS="946"
                          CONTENT="dicitur"/>
                  <SP HEIGHT="51" WIDTH="24" VPOS="2574" HPOS="1210"/>
                  <String HEIGHT="51"
                          WIDTH="120"
                          VPOS="2574"
                          HPOS="1114"
                          CONTENT="per"/>
               </TextLine>
               <TextLine ID="tl_32"
                         BASELINE="224,2690 271,2690 533,2691 687,2690 802,2690 876,2691 1102,2691 1235,2683"
                         HEIGHT="51"
                         WIDTH="1011"
                         VPOS="2651"
                         HPOS="224">
                  <String HEIGHT="51" WIDTH="156" VPOS="2651" HPOS="198" CONTENT="se"/>
                  <SP HEIGHT="51" WIDTH="26" VPOS="2651" HPOS="354"/>
                  <String HEIGHT="51"
                          WIDTH="337"
                          VPOS="2651"
                          HPOS="276"
                          CONTENT="terminare"/>
                  <SP HEIGHT="51" WIDTH="26" VPOS="2651" HPOS="613"/>
                  <String HEIGHT="51"
                          WIDTH="207"
                          VPOS="2651"
                          HPOS="535"
                          CONTENT="quod"/>
                  <SP HEIGHT="51" WIDTH="26" VPOS="2651" HPOS="742"/>
                  <String HEIGHT="51"
                          WIDTH="181"
                          VPOS="2651"
                          HPOS="665"
                          CONTENT="per"/>
                  <SP HEIGHT="51" WIDTH="26" VPOS="2651" HPOS="846"/>
                  <String HEIGHT="51" WIDTH="156" VPOS="2651" HPOS="768" CONTENT="se"/>
                  <SP HEIGHT="51" WIDTH="26" VPOS="2651" HPOS="924"/>
                  <String HEIGHT="51"
                          WIDTH="311"
                          VPOS="2651"
                          HPOS="846"
                          CONTENT="includit"/>
                  <SP HEIGHT="51" WIDTH="26" VPOS="2651" HPOS="1157"/>
                  <String HEIGHT="51"
                          WIDTH="181"
                          VPOS="2651"
                          HPOS="1054"
                          CONTENT="rati¬"
                          SUBS_TYPE="HypPart1"
                          SUBS_CONTENT="rationem"/>
                  <HYP CONTENT="-"/>
               </TextLine>
               <TextLine ID="tl_33"
                         BASELINE="225,2766 354,2766 594,2766 898,2768 973,2766 1096,2767 1233,2757"
                         HEIGHT="42"
                         WIDTH="1008"
                         VPOS="2726"
                         HPOS="225">
                  <String HEIGHT="42"
                          WIDTH="202"
                          VPOS="2726"
                          HPOS="200"
                          CONTENT="onem"
                          SUBS_TYPE="HypPart2"
                          SUBS_CONTENT="rationem"/>
                  <SP HEIGHT="42" WIDTH="25" VPOS="2726" HPOS="401"/>
                  <String HEIGHT="42"
                          WIDTH="302"
                          VPOS="2726"
                          HPOS="326"
                          CONTENT="formalem"/>
                  <SP HEIGHT="42" WIDTH="25" VPOS="2726" HPOS="628"/>
                  <String HEIGHT="42"
                          WIDTH="378"
                          VPOS="2726"
                          HPOS="553"
                          CONTENT="terminandi."/>
                  <SP HEIGHT="42" WIDTH="25" VPOS="2726" HPOS="931"/>
                  <String HEIGHT="42" WIDTH="151" VPOS="2726" HPOS="855" CONTENT="Et"/>
                  <SP HEIGHT="42" WIDTH="25" VPOS="2726" HPOS="1006"/>
                  <String HEIGHT="42"
                          WIDTH="227"
                          VPOS="2726"
                          HPOS="931"
                          CONTENT="illud"/>
                  <SP HEIGHT="42" WIDTH="25" VPOS="2726" HPOS="1157"/>
                  <String HEIGHT="42"
                          WIDTH="176"
                          VPOS="2726"
                          HPOS="1057"
                          CONTENT="dici¬"
                          SUBS_TYPE="HypPart1"
                          SUBS_CONTENT="dicitur"/>
                  <HYP CONTENT="-"/>
               </TextLine>
               <TextLine ID="tl_34"
                         BASELINE="225,2841 291,2841 388,2842 620,2842 885,2843 1032,2842 1148,2843 1234,2844"
                         HEIGHT="52"
                         WIDTH="1009"
                         VPOS="2802"
                         HPOS="225">
                  <String HEIGHT="52"
                          WIDTH="186"
                          VPOS="2802"
                          HPOS="198"
                          CONTENT="tur"
                          SUBS_TYPE="HypPart2"
                          SUBS_CONTENT="dicitur"/>
                  <SP HEIGHT="52" WIDTH="27" VPOS="2802" HPOS="384"/>
                  <String HEIGHT="52"
                          WIDTH="186"
                          VPOS="2802"
                          HPOS="305"
                          CONTENT="per"/>
                  <SP HEIGHT="52" WIDTH="27" VPOS="2802" HPOS="491"/>
                  <String HEIGHT="52"
                          WIDTH="319"
                          VPOS="2802"
                          HPOS="411"
                          CONTENT="accidens"/>
                  <SP HEIGHT="52" WIDTH="27" VPOS="2802" HPOS="730"/>
                  <String HEIGHT="52"
                          WIDTH="345"
                          VPOS="2802"
                          HPOS="650"
                          CONTENT="terminare"/>
                  <SP HEIGHT="52" WIDTH="27" VPOS="2802" HPOS="995"/>
                  <String HEIGHT="52"
                          WIDTH="212"
                          VPOS="2802"
                          HPOS="915"
                          CONTENT="quod"/>
                  <SP HEIGHT="52" WIDTH="27" VPOS="2802" HPOS="1128"/>
                  <String HEIGHT="52"
                          WIDTH="186"
                          VPOS="2802"
                          HPOS="1048"
                          CONTENT="non"/>
                  <SP HEIGHT="52" WIDTH="27" VPOS="2802" HPOS="1234"/>
                  <String HEIGHT="52"
                          WIDTH="106"
                          VPOS="2802"
                          HPOS="1128"
                          CONTENT="ex"/>
               </TextLine>
               <TextLine ID="tl_35"
                         BASELINE="223,2916 298,2917 483,2917 675,2916 916,2926 1019,2918 1093,2917 1232,2906"
                         HEIGHT="50"
                         WIDTH="1009"
                         VPOS="2876"
                         HPOS="223">
                  <String HEIGHT="50"
                          WIDTH="168"
                          VPOS="2876"
                          HPOS="199"
                          CONTENT="sua"/>
                  <SP HEIGHT="50" WIDTH="24" VPOS="2876" HPOS="367"/>
                  <String HEIGHT="50"
                          WIDTH="264"
                          VPOS="2876"
                          HPOS="295"
                          CONTENT="ratione"/>
                  <SP HEIGHT="50" WIDTH="24" VPOS="2876" HPOS="559"/>
                  <String HEIGHT="50"
                          WIDTH="264"
                          VPOS="2876"
                          HPOS="487"
                          CONTENT="formali"/>
                  <SP HEIGHT="50" WIDTH="24" VPOS="2876" HPOS="752"/>
                  <String HEIGHT="50"
                          WIDTH="312"
                          VPOS="2876"
                          HPOS="679"
                          CONTENT="terminat,"/>
                  <SP HEIGHT="50" WIDTH="24" VPOS="2876" HPOS="992"/>
                  <String HEIGHT="50"
                          WIDTH="168"
                          VPOS="2876"
                          HPOS="920"
                          CONTENT="sed"/>
                  <SP HEIGHT="50" WIDTH="24" VPOS="2876" HPOS="1088"/>
                  <String HEIGHT="50"
                          WIDTH="144"
                          VPOS="2876"
                          HPOS="1016"
                          CONTENT="ex"/>
                  <SP HEIGHT="50" WIDTH="24" VPOS="2876" HPOS="1160"/>
                  <String HEIGHT="50"
                          WIDTH="168"
                          VPOS="2876"
                          HPOS="1064"
                          CONTENT="rati¬"
                          SUBS_TYPE="HypPart1"
                          SUBS_CONTENT="ratione"/>
                  <HYP CONTENT="-"/>
               </TextLine>
               <TextLine ID="tl_36"
                         BASELINE="223,2993 306,2992 498,2992 706,3001 774,2993 861,2993 1026,2992 1233,2993"
                         HEIGHT="54"
                         WIDTH="1010"
                         VPOS="2952"
                         HPOS="223">
                  <String HEIGHT="54"
                          WIDTH="161"
                          VPOS="2952"
                          HPOS="200"
                          CONTENT="one"
                          SUBS_TYPE="HypPart2"
                          SUBS_CONTENT="ratione"/>
                  <SP HEIGHT="54" WIDTH="23" VPOS="2952" HPOS="361"/>
                  <String HEIGHT="54"
                          WIDTH="253"
                          VPOS="2952"
                          HPOS="292"
                          CONTENT="formali"/>
                  <SP HEIGHT="54" WIDTH="23" VPOS="2952" HPOS="544"/>
                  <String HEIGHT="54"
                          WIDTH="298"
                          VPOS="2952"
                          HPOS="476"
                          CONTENT="alterius,"/>
                  <SP HEIGHT="54" WIDTH="23" VPOS="2952" HPOS="774"/>
                  <String HEIGHT="54" WIDTH="138" VPOS="2952" HPOS="705" CONTENT="et"/>
                  <SP HEIGHT="54" WIDTH="23" VPOS="2952" HPOS="843"/>
                  <String HEIGHT="54"
                          WIDTH="161"
                          VPOS="2952"
                          HPOS="774"
                          CONTENT="sic"/>
                  <SP HEIGHT="54" WIDTH="23" VPOS="2952" HPOS="935"/>
                  <String HEIGHT="54"
                          WIDTH="207"
                          VPOS="2952"
                          HPOS="866"
                          CONTENT="debet"/>
                  <SP HEIGHT="54" WIDTH="23" VPOS="2952" HPOS="1072"/>
                  <String HEIGHT="54"
                          WIDTH="253"
                          VPOS="2952"
                          HPOS="981"
                          CONTENT="intelligi"/>
               </TextLine>
               <TextLine ID="tl_37"
                         BASELINE="225,3068 369,3069 657,3068"
                         HEIGHT="51"
                         WIDTH="432"
                         VPOS="3030"
                         HPOS="225">
                  <String HEIGHT="51"
                          WIDTH="238"
                          VPOS="3030"
                          HPOS="203"
                          CONTENT="titulus"/>
                  <SP HEIGHT="51" WIDTH="22" VPOS="3030" HPOS="441"/>
                  <String HEIGHT="51"
                          WIDTH="302"
                          VPOS="3030"
                          HPOS="355"
                          CONTENT="qusestionis."/>
               </TextLine>
               <TextLine ID="tl_38"
                         BASELINE="276,3144 442,3153 625,3145 989,3144 1232,3131"
                         HEIGHT="52"
                         WIDTH="956"
                         VPOS="3104"
                         HPOS="276">
                  <String HEIGHT="52"
                          WIDTH="284"
                          VPOS="3104"
                          HPOS="250"
                          CONTENT="Arguit,"/>
                  <SP HEIGHT="52" WIDTH="26" VPOS="3104" HPOS="534"/>
                  <String HEIGHT="52"
                          WIDTH="258"
                          VPOS="3104"
                          HPOS="457"
                          CONTENT="contra"/>
                  <SP HEIGHT="52" WIDTH="26" VPOS="3104" HPOS="715"/>
                  <String HEIGHT="52"
                          WIDTH="413"
                          VPOS="3104"
                          HPOS="638"
                          CONTENT="conclusionem"/>
                  <SP HEIGHT="52" WIDTH="26" VPOS="3104" HPOS="1051"/>
                  <String HEIGHT="52"
                          WIDTH="284"
                          VPOS="3104"
                          HPOS="948"
                          CONTENT="principa¬"
                          SUBS_TYPE="HypPart1"
                          SUBS_CONTENT="principalem,"/>
                  <HYP CONTENT="-"/>
               </TextLine>
               <TextLine ID="tl_39"
                         BASELINE="226,3219 326,3226 443,3220 564,3221 648,3220 678,3219 856,3219 1078,3218 1236,3218"
                         HEIGHT="52"
                         WIDTH="1010"
                         VPOS="3179"
                         HPOS="226">
                  <String HEIGHT="52"
                          WIDTH="180"
                          VPOS="3179"
                          HPOS="204"
                          CONTENT="lem,"
                          SUBS_TYPE="HypPart2"
                          SUBS_CONTENT="principalem,"/>
                  <SP HEIGHT="52" WIDTH="22" VPOS="3179" HPOS="383"/>
                  <String HEIGHT="52"
                          WIDTH="180"
                          VPOS="3179"
                          HPOS="316"
                          CONTENT="quse"/>
                  <SP HEIGHT="52" WIDTH="22" VPOS="3179" HPOS="495"/>
                  <String HEIGHT="52"
                          WIDTH="202"
                          VPOS="3179"
                          HPOS="428"
                          CONTENT="talis"/>
                  <SP HEIGHT="52" WIDTH="22" VPOS="3179" HPOS="630"/>
                  <String HEIGHT="52"
                          WIDTH="157"
                          VPOS="3179"
                          HPOS="563"
                          CONTENT="est"/>
                  <SP HEIGHT="52" WIDTH="22" VPOS="3179" HPOS="720"/>
                  <String HEIGHT="52" WIDTH="112" VPOS="3179" HPOS="652" CONTENT=":"/>
                  <SP HEIGHT="52" WIDTH="22" VPOS="3179" HPOS="765"/>
                  <String HEIGHT="52"
                          WIDTH="247"
                          VPOS="3179"
                          HPOS="697"
                          CONTENT="Fruitio"/>
                  <SP HEIGHT="52" WIDTH="22" VPOS="3179" HPOS="944"/>
                  <String HEIGHT="52"
                          WIDTH="269"
                          VPOS="3179"
                          HPOS="877"
                          CONTENT="ordinata"/>
                  <SP HEIGHT="52" WIDTH="22" VPOS="3179" HPOS="1146"/>
                  <String HEIGHT="52"
                          WIDTH="180"
                          VPOS="3179"
                          HPOS="1056"
                          CONTENT="liabet"/>
               </TextLine>
               <TextLine ID="tl_40"
                         BASELINE="228,3296 394,3296 611,3295 769,3295 875,3296 1086,3302 1231,3282"
                         HEIGHT="53"
                         WIDTH="1003"
                         VPOS="3255"
                         HPOS="228">
                  <String HEIGHT="53"
                          WIDTH="251"
                          VPOS="3255"
                          HPOS="203"
                          CONTENT="tantum"/>
                  <SP HEIGHT="53" WIDTH="25" VPOS="3255" HPOS="454"/>
                  <String HEIGHT="53"
                          WIDTH="276"
                          VPOS="3255"
                          HPOS="378"
                          CONTENT="ultimum"/>
                  <SP HEIGHT="53" WIDTH="25" VPOS="3255" HPOS="654"/>
                  <String HEIGHT="53"
                          WIDTH="226"
                          VPOS="3255"
                          HPOS="579"
                          CONTENT="finem"/>
                  <SP HEIGHT="53" WIDTH="25" VPOS="3255" HPOS="805"/>
                  <String HEIGHT="53"
                          WIDTH="176"
                          VPOS="3255"
                          HPOS="730"
                          CONTENT="pro"/>
                  <SP HEIGHT="53" WIDTH="25" VPOS="3255" HPOS="905"/>
                  <String HEIGHT="53"
                          WIDTH="301"
                          VPOS="3255"
                          HPOS="830"
                          CONTENT="objecto,"/>
                  <SP HEIGHT="53" WIDTH="25" VPOS="3255" HPOS="1131"/>
                  <String HEIGHT="53"
                          WIDTH="201"
                          VPOS="3255"
                          HPOS="1030"
                          CONTENT="intel-"
                          SUBS_TYPE="HypPart1"
                          SUBS_CONTENT="intelligendo"/>
                  <HYP CONTENT="-"/>
               </TextLine>
               <TextLine ID="tl_41"
                         BASELINE="226,3371 400,3373 486,3372 600,3372 732,3373 805,3372 1037,3370 1130,3369 1236,3359"
                         HEIGHT="53"
                         WIDTH="1010"
                         VPOS="3332"
                         HPOS="226">
                  <String HEIGHT="53"
                          WIDTH="278"
                          VPOS="3332"
                          HPOS="201"
                          CONTENT="ligendo"
                          SUBS_TYPE="HypPart2"
                          SUBS_CONTENT="intelligendo"/>
                  <SP HEIGHT="53" WIDTH="25" VPOS="3332" HPOS="479"/>
                  <String HEIGHT="53" WIDTH="152" VPOS="3332" HPOS="403" CONTENT="de"/>
                  <SP HEIGHT="53" WIDTH="25" VPOS="3332" HPOS="554"/>
                  <String HEIGHT="53"
                          WIDTH="202"
                          VPOS="3332"
                          HPOS="479"
                          CONTENT="fine"/>
                  <SP HEIGHT="53" WIDTH="25" VPOS="3332" HPOS="681"/>
                  <String HEIGHT="53"
                          WIDTH="202"
                          VPOS="3332"
                          HPOS="605"
                          CONTENT="vero"/>
                  <SP HEIGHT="53" WIDTH="25" VPOS="3332" HPOS="807"/>
                  <String HEIGHT="53" WIDTH="152" VPOS="3332" HPOS="731" CONTENT="et"/>
                  <SP HEIGHT="53" WIDTH="25" VPOS="3332" HPOS="883"/>
                  <String HEIGHT="53"
                          WIDTH="328"
                          VPOS="3332"
                          HPOS="807"
                          CONTENT="existenle"/>
                  <SP HEIGHT="53" WIDTH="25" VPOS="3332" HPOS="1135"/>
                  <String HEIGHT="53"
                          WIDTH="152"
                          VPOS="3332"
                          HPOS="1059"
                          CONTENT="ex"/>
                  <SP HEIGHT="53" WIDTH="25" VPOS="3332" HPOS="1211"/>
                  <String HEIGHT="53"
                          WIDTH="126"
                          VPOS="3332"
                          HPOS="1110"
                          CONTENT="na¬"
                          SUBS_TYPE="HypPart1"
                          SUBS_CONTENT="natura"/>
                  <HYP CONTENT="-"/>
               </TextLine>
               <TextLine ID="tl_42"
                         BASELINE="228,3453 319,3454 422,3453"
                         HEIGHT="39"
                         WIDTH="194"
                         VPOS="3416"
                         HPOS="228">
                  <String HEIGHT="39"
                          WIDTH="172"
                          VPOS="3416"
                          HPOS="206"
                          CONTENT="tura"
                          SUBS_TYPE="HypPart2"
                          SUBS_CONTENT="natura"/>
                  <SP HEIGHT="39" WIDTH="22" VPOS="3416" HPOS="379"/>
                  <String HEIGHT="39"
                          WIDTH="129"
                          VPOS="3416"
                          HPOS="293"
                          CONTENT="rei."/>
               </TextLine>
               <TextLine ID="tl_43"
                         BASELINE="279,3542 339,3542 528,3530 708,3531 1043,3529 1219,3525"
                         HEIGHT="55"
                         WIDTH="940"
                         VPOS="3487"
                         HPOS="279">
                  <String HEIGHT="55"
                          WIDTH="183"
                          VPOS="3487"
                          HPOS="253"
                          CONTENT="(b)"/>
                  <SP HEIGHT="55" WIDTH="26" VPOS="3487" HPOS="436"/>
                  <String HEIGHT="55"
                          WIDTH="261"
                          VPOS="3487"
                          HPOS="357"
                          CONTENT="Arguit"/>
                  <SP HEIGHT="55" WIDTH="26" VPOS="3487" HPOS="618"/>
                  <String HEIGHT="55"
                          WIDTH="235"
                          VPOS="3487"
                          HPOS="540"
                          CONTENT="primo"/>
                  <SP HEIGHT="55" WIDTH="26" VPOS="3487" HPOS="775"/>
                  <String HEIGHT="55"
                          WIDTH="444"
                          VPOS="3487"
                          HPOS="697"
                          CONTENT="principaliter"/>
                  <SP HEIGHT="55" WIDTH="26" VPOS="3487" HPOS="1141"/>
                  <String HEIGHT="55"
                          WIDTH="183"
                          VPOS="3487"
                          HPOS="1036"
                          CONTENT="suppo"/>
               </TextLine>
               <TextLine ID="tl_44"
                         BASELINE="229,3607 374,3607 538,3606 635,3608 831,3608 934,3607 1012,3618 1240,3597"
                         HEIGHT="53"
                         WIDTH="1011"
                         VPOS="3566"
                         HPOS="229">
                  <String HEIGHT="53"
                          WIDTH="227"
                          VPOS="3566"
                          HPOS="204"
                          CONTENT="nendo"/>
                  <SP HEIGHT="53" WIDTH="25" VPOS="3566" HPOS="431"/>
                  <String HEIGHT="53"
                          WIDTH="202"
                          VPOS="3566"
                          HPOS="355"
                          CONTENT="unum"/>
                  <SP HEIGHT="53" WIDTH="25" VPOS="3566" HPOS="558"/>
                  <String HEIGHT="53"
                          WIDTH="303"
                          VPOS="3566"
                          HPOS="482"
                          CONTENT="probatum"/>
                  <SP HEIGHT="53" WIDTH="25" VPOS="3566" HPOS="785"/>
                  <String HEIGHT="53"
                          WIDTH="227"
                          VPOS="3566"
                          HPOS="709"
                          CONTENT="disl."/>
                  <SP HEIGHT="53" WIDTH="25" VPOS="3566" HPOS="937"/>
                  <String HEIGHT="53" WIDTH="152" VPOS="3566" HPOS="861" CONTENT="1."/>
                  <SP HEIGHT="53" WIDTH="25" VPOS="3566" HPOS="1013"/>
                  <String HEIGHT="53"
                          WIDTH="253"
                          VPOS="3566"
                          HPOS="937"
                          CONTENT="primi,"/>
                  <SP HEIGHT="53" WIDTH="25" VPOS="3566" HPOS="1189"/>
                  <String HEIGHT="53"
                          WIDTH="152"
                          VPOS="3566"
                          HPOS="1088"
                          CONTENT="sci¬"/>
               </TextLine>
            </TextBlock>
            <TextBlock ID="TextRegion_1615846980525_631"
                       HEIGHT="3341"
                       WIDTH="1024"
                       VPOS="280"
                       HPOS="1300">
               <Shape>
                  <Polygon POINTS="1300,280 2315,280 2321,987 2324,2491 2324,3621 1305,3621 1300,641"/>
               </Shape>
               <TextLine ID="tl_45"
                         BASELINE="1301,328 1402,328 1549,328 1748,326 1836,327 1964,325 2159,322 2283,322 2310,329"
                         HEIGHT="59"
                         WIDTH="1009"
                         VPOS="281"
                         HPOS="1301">
                  <String HEIGHT="59"
                          WIDTH="216"
                          VPOS="281"
                          HPOS="1277"
                          CONTENT="licet"/>
                  <SP HEIGHT="59" WIDTH="24" VPOS="281" HPOS="1493"/>
                  <String HEIGHT="59"
                          WIDTH="192"
                          VPOS="281"
                          HPOS="1421"
                          CONTENT="quod"/>
                  <SP HEIGHT="59" WIDTH="24" VPOS="281" HPOS="1613"/>
                  <String HEIGHT="59"
                          WIDTH="240"
                          VPOS="281"
                          HPOS="1541"
                          CONTENT="tantum"/>
                  <SP HEIGHT="59" WIDTH="24" VPOS="281" HPOS="1781"/>
                  <String HEIGHT="59"
                          WIDTH="168"
                          VPOS="281"
                          HPOS="1709"
                          CONTENT="sit"/>
                  <SP HEIGHT="59" WIDTH="24" VPOS="281" HPOS="1878"/>
                  <String HEIGHT="59"
                          WIDTH="192"
                          VPOS="281"
                          HPOS="1806"
                          CONTENT="unus"/>
                  <SP HEIGHT="59" WIDTH="24" VPOS="281" HPOS="1998"/>
                  <String HEIGHT="59"
                          WIDTH="264"
                          VPOS="281"
                          HPOS="1926"
                          CONTENT="ultimus"/>
                  <SP HEIGHT="59" WIDTH="24" VPOS="281" HPOS="2190"/>
                  <String HEIGHT="59"
                          WIDTH="216"
                          VPOS="281"
                          HPOS="2118"
                          CONTENT="finis"/>
                  <SP HEIGHT="59" WIDTH="24" VPOS="281" HPOS="2334"/>
                  <String HEIGHT="59" WIDTH="72" VPOS="281" HPOS="2238" CONTENT=";"/>
               </TextLine>
               <TextLine ID="tl_46"
                         BASELINE="1303,403 1444,403 1577,404 1694,403 2029,401 2312,405"
                         HEIGHT="57"
                         WIDTH="1009"
                         VPOS="359"
                         HPOS="1303">
                  <String HEIGHT="57"
                          WIDTH="259"
                          VPOS="359"
                          HPOS="1277"
                          CONTENT="arguit"/>
                  <SP HEIGHT="57" WIDTH="26" VPOS="359" HPOS="1536"/>
                  <String HEIGHT="57"
                          WIDTH="207"
                          VPOS="359"
                          HPOS="1458"
                          CONTENT="ergo"/>
                  <SP HEIGHT="57" WIDTH="26" VPOS="359" HPOS="1665"/>
                  <String HEIGHT="57"
                          WIDTH="181"
                          VPOS="359"
                          HPOS="1588"
                          CONTENT="per"/>
                  <SP HEIGHT="57" WIDTH="26" VPOS="359" HPOS="1769"/>
                  <String HEIGHT="57"
                          WIDTH="414"
                          VPOS="359"
                          HPOS="1691"
                          CONTENT="auctoritatem"/>
                  <SP HEIGHT="57" WIDTH="26" VPOS="359" HPOS="2105"/>
                  <String HEIGHT="57"
                          WIDTH="310"
                          VPOS="359"
                          HPOS="2002"
                          CONTENT="Augustini,"/>
               </TextLine>
               <TextLine ID="tl_47"
                         BASELINE="1304,490 1329,490 1680,475 1754,476 1901,475 2197,474 2314,471"
                         HEIGHT="54"
                         WIDTH="1010"
                         VPOS="436"
                         HPOS="1304">
                  <String HEIGHT="54"
                          WIDTH="192"
                          VPOS="436"
                          HPOS="1280"
                          CONTENT="quod"/>
                  <SP HEIGHT="54" WIDTH="24" VPOS="436" HPOS="1472"/>
                  <String HEIGHT="54"
                          WIDTH="289"
                          VPOS="436"
                          HPOS="1400"
                          CONTENT="fruendum"/>
                  <SP HEIGHT="54" WIDTH="24" VPOS="436" HPOS="1689"/>
                  <String HEIGHT="54"
                          WIDTH="168"
                          VPOS="436"
                          HPOS="1617"
                          CONTENT="est"/>
                  <SP HEIGHT="54" WIDTH="24" VPOS="436" HPOS="1785"/>
                  <String HEIGHT="54"
                          WIDTH="216"
                          VPOS="436"
                          HPOS="1713"
                          CONTENT="bonis"/>
                  <SP HEIGHT="54" WIDTH="24" VPOS="436" HPOS="1929"/>
                  <String HEIGHT="54"
                          WIDTH="409"
                          VPOS="436"
                          HPOS="1857"
                          CONTENT="invisibilibus"/>
                  <SP HEIGHT="54" WIDTH="24" VPOS="436" HPOS="2266"/>
                  <String HEIGHT="54"
                          WIDTH="144"
                          VPOS="436"
                          HPOS="2170"
                          CONTENT="quae"/>
               </TextLine>
               <TextLine ID="tl_48"
                         BASELINE="1301,556 1392,554 1447,565 1718,552 1898,551 2026,550 2123,549 2314,546"
                         HEIGHT="54"
                         WIDTH="1013"
                         VPOS="511"
                         HPOS="1301">
                  <String HEIGHT="54"
                          WIDTH="208"
                          VPOS="511"
                          HPOS="1275"
                          CONTENT="sunt"/>
                  <SP HEIGHT="54" WIDTH="26" VPOS="511" HPOS="1483"/>
                  <String HEIGHT="54"
                          WIDTH="260"
                          VPOS="511"
                          HPOS="1405"
                          CONTENT="plura;"/>
                  <SP HEIGHT="54" WIDTH="26" VPOS="511" HPOS="1665"/>
                  <String HEIGHT="54"
                          WIDTH="208"
                          VPOS="511"
                          HPOS="1587"
                          CONTENT="ergo"/>
                  <SP HEIGHT="54" WIDTH="26" VPOS="511" HPOS="1795"/>
                  <String HEIGHT="54"
                          WIDTH="286"
                          VPOS="511"
                          HPOS="1717"
                          CONTENT="fruitio"/>
                  <SP HEIGHT="54" WIDTH="26" VPOS="511" HPOS="2002"/>
                  <String HEIGHT="54"
                          WIDTH="182"
                          VPOS="511"
                          HPOS="1924"
                          CONTENT="non"/>
                  <SP HEIGHT="54" WIDTH="26" VPOS="511" HPOS="2106"/>
                  <String HEIGHT="54"
                          WIDTH="182"
                          VPOS="511"
                          HPOS="2028"
                          CONTENT="est"/>
                  <SP HEIGHT="54" WIDTH="26" VPOS="511" HPOS="2210"/>
                  <String HEIGHT="54"
                          WIDTH="208"
                          VPOS="511"
                          HPOS="2106"
                          CONTENT="tantum"/>
               </TextLine>
               <TextLine ID="tl_49"
                         BASELINE="1302,630 1504,628 1658,626 1793,625"
                         HEIGHT="54"
                         WIDTH="491"
                         VPOS="586"
                         HPOS="1302">
                  <String HEIGHT="54"
                          WIDTH="268"
                          VPOS="586"
                          HPOS="1280"
                          CONTENT="respectu"/>
                  <SP HEIGHT="54" WIDTH="22" VPOS="586" HPOS="1548"/>
                  <String HEIGHT="54"
                          WIDTH="223"
                          VPOS="586"
                          HPOS="1481"
                          CONTENT="ultimi"/>
                  <SP HEIGHT="54" WIDTH="22" VPOS="586" HPOS="1704"/>
                  <String HEIGHT="54"
                          WIDTH="179"
                          VPOS="586"
                          HPOS="1614"
                          CONTENT="finis."/>
               </TextLine>
               <TextLine ID="tl_50"
                         BASELINE="1357,705 1603,704 1966,701 2166,699 2273,698 2312,680"
                         HEIGHT="54"
                         WIDTH="955"
                         VPOS="661"
                         HPOS="1357">
                  <String HEIGHT="54"
                          WIDTH="358"
                          VPOS="661"
                          HPOS="1327"
                          CONTENT="Secundum"/>
                  <SP HEIGHT="54" WIDTH="30" VPOS="661" HPOS="1685"/>
                  <String HEIGHT="54"
                          WIDTH="418"
                          VPOS="661"
                          HPOS="1596"
                          CONTENT="argumentum"/>
                  <SP HEIGHT="54" WIDTH="30" VPOS="661" HPOS="2014"/>
                  <String HEIGHT="54"
                          WIDTH="298"
                          VPOS="661"
                          HPOS="1924"
                          CONTENT="clarum"/>
                  <SP HEIGHT="54" WIDTH="30" VPOS="661" HPOS="2222"/>
                  <String HEIGHT="54"
                          WIDTH="209"
                          VPOS="661"
                          HPOS="2133"
                          CONTENT="est"/>
                  <SP HEIGHT="54" WIDTH="30" VPOS="661" HPOS="2342"/>
                  <String HEIGHT="54" WIDTH="90" VPOS="661" HPOS="2222" CONTENT="•"/>
               </TextLine>
               <TextLine ID="tl_51"
                         BASELINE="1306,783 1411,782 1619,788 1848,777 1923,778 2163,776"
                         HEIGHT="52"
                         WIDTH="857"
                         VPOS="739"
                         HPOS="1306">
                  <String HEIGHT="52"
                          WIDTH="208"
                          VPOS="739"
                          HPOS="1280"
                          CONTENT="Item"/>
                  <SP HEIGHT="52" WIDTH="26" VPOS="739" HPOS="1488"/>
                  <String HEIGHT="52"
                          WIDTH="312"
                          VPOS="739"
                          HPOS="1410"
                          CONTENT="tertium,"/>
                  <SP HEIGHT="52" WIDTH="26" VPOS="739" HPOS="1722"/>
                  <String HEIGHT="52"
                          WIDTH="286"
                          VPOS="739"
                          HPOS="1644"
                          CONTENT="quartum"/>
                  <SP HEIGHT="52" WIDTH="26" VPOS="739" HPOS="1929"/>
                  <String HEIGHT="52" WIDTH="156" VPOS="739" HPOS="1851" CONTENT="et"/>
                  <SP HEIGHT="52" WIDTH="26" VPOS="739" HPOS="2007"/>
                  <String HEIGHT="52"
                          WIDTH="260"
                          VPOS="739"
                          HPOS="1903"
                          CONTENT="quintum."/>
               </TextLine>
               <TextLine ID="tl_52"
                         BASELINE="1681,911 1940,909"
                         HEIGHT="37"
                         WIDTH="259"
                         VPOS="874"
                         HPOS="1681">
                  <String HEIGHT="37"
                          WIDTH="317"
                          VPOS="874"
                          HPOS="1623"
                          CONTENT="SCHOLIUM."/>
               </TextLine>
               <TextLine ID="tl_53"
                         BASELINE="1352,1030 1476,1028 1602,1026 1840,1024 2102,1032 2250,1024 2315,1024"
                         HEIGHT="47"
                         WIDTH="963"
                         VPOS="988"
                         HPOS="1352">
                  <String HEIGHT="47"
                          WIDTH="198"
                          VPOS="988"
                          HPOS="1327"
                          CONTENT="Deum"/>
                  <SP HEIGHT="47" WIDTH="25" VPOS="988" HPOS="1525"/>
                  <String HEIGHT="47"
                          WIDTH="198"
                          VPOS="988"
                          HPOS="1451"
                          CONTENT="esse"/>
                  <SP HEIGHT="47" WIDTH="25" VPOS="988" HPOS="1648"/>
                  <String HEIGHT="47"
                          WIDTH="296"
                          VPOS="988"
                          HPOS="1574"
                          CONTENT="objectum"/>
                  <SP HEIGHT="47" WIDTH="25" VPOS="988" HPOS="1871"/>
                  <String HEIGHT="47"
                          WIDTH="370"
                          VPOS="988"
                          HPOS="1796"
                          CONTENT="fruitionis,"/>
                  <SP HEIGHT="47" WIDTH="25" VPOS="988" HPOS="2167"/>
                  <String HEIGHT="47"
                          WIDTH="222"
                          VPOS="988"
                          HPOS="2093"
                          CONTENT="ponit"/>
                  <SP HEIGHT="47" WIDTH="25" VPOS="988" HPOS="2315"/>
                  <String HEIGHT="47" WIDTH="99" VPOS="988" HPOS="2216" CONTENT="4."/>
               </TextLine>
               <TextLine ID="tl_54"
                         BASELINE="1304,1094 1498,1092 1834,1099 1898,1089 2093,1089 2319,1077"
                         HEIGHT="47"
                         WIDTH="1015"
                         VPOS="1052"
                         HPOS="1304">
                  <String HEIGHT="47"
                          WIDTH="300"
                          VPOS="1052"
                          HPOS="1281"
                          CONTENT="articulos"/>
                  <SP HEIGHT="47" WIDTH="23" VPOS="1052" HPOS="1581"/>
                  <String HEIGHT="47"
                          WIDTH="369"
                          VPOS="1052"
                          HPOS="1512"
                          CONTENT="examinandos;"/>
                  <SP HEIGHT="47" WIDTH="23" VPOS="1052" HPOS="1881"/>
                  <String HEIGHT="47"
                          WIDTH="138"
                          VPOS="1052"
                          HPOS="1812"
                          CONTENT="et"/>
                  <SP HEIGHT="47" WIDTH="23" VPOS="1052" HPOS="1950"/>
                  <String HEIGHT="47"
                          WIDTH="277"
                          VPOS="1052"
                          HPOS="1881"
                          CONTENT="ostendit"/>
                  <SP HEIGHT="47" WIDTH="23" VPOS="1052" HPOS="2158"/>
                  <String HEIGHT="47"
                          WIDTH="254"
                          VPOS="1052"
                          HPOS="2065"
                          CONTENT="dilferen-"
                          SUBS_TYPE="HypPart1"
                          SUBS_CONTENT="dilferentiam"/>
                  <HYP CONTENT="-"/>
               </TextLine>
               <TextLine ID="tl_55"
                         BASELINE="1303,1159 1400,1157 1638,1163 1703,1153 1795,1160 1862,1152 2101,1150 2260,1157 2320,1150"
                         HEIGHT="49"
                         WIDTH="1017"
                         VPOS="1114"
                         HPOS="1303">
                  <String HEIGHT="49"
                          WIDTH="170"
                          VPOS="1114"
                          HPOS="1282"
                          CONTENT="tiam"
                          SUBS_TYPE="HypPart2"
                          SUBS_CONTENT="dilferentiam"/>
                  <SP HEIGHT="49" WIDTH="21" VPOS="1114" HPOS="1451"/>
                  <String HEIGHT="49"
                          WIDTH="318"
                          VPOS="1114"
                          HPOS="1388"
                          CONTENT="fruitionis,"/>
                  <SP HEIGHT="49" WIDTH="21" VPOS="1114" HPOS="1706"/>
                  <String HEIGHT="49"
                          WIDTH="127"
                          VPOS="1114"
                          HPOS="1642"
                          CONTENT="ut"/>
                  <SP HEIGHT="49" WIDTH="21" VPOS="1114" HPOS="1769"/>
                  <String HEIGHT="49"
                          WIDTH="170"
                          VPOS="1114"
                          HPOS="1706"
                          CONTENT="sic,"/>
                  <SP HEIGHT="49" WIDTH="21" VPOS="1114" HPOS="1875"/>
                  <String HEIGHT="49"
                          WIDTH="127"
                          VPOS="1114"
                          HPOS="1812"
                          CONTENT="et"/>
                  <SP HEIGHT="49" WIDTH="21" VPOS="1114" HPOS="1939"/>
                  <String HEIGHT="49"
                          WIDTH="297"
                          VPOS="1114"
                          HPOS="1875"
                          CONTENT="fruitionis"/>
                  <SP HEIGHT="49" WIDTH="21" VPOS="1114" HPOS="2172"/>
                  <String HEIGHT="49"
                          WIDTH="212"
                          VPOS="1114"
                          HPOS="2108"
                          CONTENT="bonae,"/>
                  <SP HEIGHT="49" WIDTH="21" VPOS="1114" HPOS="2320"/>
                  <String HEIGHT="49" WIDTH="85" VPOS="1114" HPOS="2235" CONTENT="et"/>
               </TextLine>
               <TextLine ID="tl_56"
                         BASELINE="1304,1222 1438,1220 1666,1217 1746,1216 1821,1215 1931,1215 2246,1213 2315,1213"
                         HEIGHT="52"
                         WIDTH="1011"
                         VPOS="1177"
                         HPOS="1304">
                  <String HEIGHT="52"
                          WIDTH="222"
                          VPOS="1177"
                          HPOS="1279"
                          CONTENT="actum"/>
                  <SP HEIGHT="52" WIDTH="25" VPOS="1177" HPOS="1501"/>
                  <String HEIGHT="52"
                          WIDTH="321"
                          VPOS="1177"
                          HPOS="1427"
                          CONTENT="potentiae"/>
                  <SP HEIGHT="52" WIDTH="25" VPOS="1177" HPOS="1748"/>
                  <String HEIGHT="52"
                          WIDTH="148"
                          VPOS="1177"
                          HPOS="1674"
                          CONTENT="de"/>
                  <SP HEIGHT="52" WIDTH="25" VPOS="1177" HPOS="1822"/>
                  <String HEIGHT="52"
                          WIDTH="148"
                          VPOS="1177"
                          HPOS="1748"
                          CONTENT="se"/>
                  <SP HEIGHT="52" WIDTH="25" VPOS="1177" HPOS="1896"/>
                  <String HEIGHT="52"
                          WIDTH="173"
                          VPOS="1177"
                          HPOS="1822"
                          CONTENT="non"/>
                  <SP HEIGHT="52" WIDTH="25" VPOS="1177" HPOS="1994"/>
                  <String HEIGHT="52"
                          WIDTH="395"
                          VPOS="1177"
                          HPOS="1920"
                          CONTENT="determinatae"/>
                  <SP HEIGHT="52" WIDTH="25" VPOS="1177" HPOS="2315"/>
                  <String HEIGHT="52" WIDTH="99" VPOS="1177" HPOS="2216" CONTENT="ad"/>
               </TextLine>
               <TextLine ID="tl_57"
                         BASELINE="1303,1286 1469,1292 1578,1282 1940,1279 2052,1278 2198,1278"
                         HEIGHT="47"
                         WIDTH="895"
                         VPOS="1245"
                         HPOS="1303">
                  <String HEIGHT="47"
                          WIDTH="236"
                          VPOS="1245"
                          HPOS="1279"
                          CONTENT="bonum,"/>
                  <SP HEIGHT="47" WIDTH="24" VPOS="1245" HPOS="1515"/>
                  <String HEIGHT="47"
                          WIDTH="188"
                          VPOS="1245"
                          HPOS="1444"
                          CONTENT="esse"/>
                  <SP HEIGHT="47" WIDTH="24" VPOS="1245" HPOS="1633"/>
                  <String HEIGHT="47"
                          WIDTH="424"
                          VPOS="1245"
                          HPOS="1562"
                          CONTENT="universaliorem"/>
                  <SP HEIGHT="47" WIDTH="24" VPOS="1245" HPOS="1986"/>
                  <String HEIGHT="47"
                          WIDTH="188"
                          VPOS="1245"
                          HPOS="1915"
                          CONTENT="actu"/>
                  <SP HEIGHT="47" WIDTH="24" VPOS="1245" HPOS="2104"/>
                  <String HEIGHT="47"
                          WIDTH="188"
                          VPOS="1245"
                          HPOS="2010"
                          CONTENT="recto."/>
               </TextLine>
               <TextLine ID="tl_58"
                         BASELINE="1361,1401 1435,1400 1783,1395 1917,1396 2310,1396"
                         HEIGHT="65"
                         WIDTH="949"
                         VPOS="1347"
                         HPOS="1361">
                  <String HEIGHT="65"
                          WIDTH="203"
                          VPOS="1347"
                          HPOS="1327"
                          CONTENT="Ad"/>
                  <SP HEIGHT="65" WIDTH="34" VPOS="1347" HPOS="1530"/>
                  <String HEIGHT="65"
                          WIDTH="441"
                          VPOS="1347"
                          HPOS="1429"
                          CONTENT="oppositum"/>
                  <SP HEIGHT="65" WIDTH="34" VPOS="1347" HPOS="1869"/>
                  <String HEIGHT="65"
                          WIDTH="237"
                          VPOS="1347"
                          HPOS="1768"
                          CONTENT="est"/>
                  <SP HEIGHT="65" WIDTH="34" VPOS="1347" HPOS="2005"/>
                  <String HEIGHT="65"
                          WIDTH="441"
                          VPOS="1347"
                          HPOS="1869"
                          CONTENT="Augustinus,"/>
               </TextLine>
               <TextLine ID="tl_59"
                         BASELINE="1305,1489 1477,1474 1558,1472 1768,1468 2104,1468 2240,1465 2312,1464"
                         HEIGHT="67"
                         WIDTH="1007"
                         VPOS="1422"
                         HPOS="1305">
                  <String HEIGHT="67"
                          WIDTH="267"
                          VPOS="1422"
                          HPOS="1275"
                          CONTENT="primo"/>
                  <SP HEIGHT="67" WIDTH="30" VPOS="1422" HPOS="1542"/>
                  <String HEIGHT="67"
                          WIDTH="178"
                          VPOS="1422"
                          HPOS="1453"
                          CONTENT="de"/>
                  <SP HEIGHT="67" WIDTH="30" VPOS="1422" HPOS="1631"/>
                  <String HEIGHT="67"
                          WIDTH="296"
                          VPOS="1422"
                          HPOS="1542"
                          CONTENT="Doctr."/>
                  <SP HEIGHT="67" WIDTH="30" VPOS="1422" HPOS="1838"/>
                  <String HEIGHT="67"
                          WIDTH="415"
                          VPOS="1422"
                          HPOS="1749"
                          CONTENT="Christiana"/>
                  <SP HEIGHT="67" WIDTH="30" VPOS="1422" HPOS="2164"/>
                  <String HEIGHT="67"
                          WIDTH="237"
                          VPOS="1422"
                          HPOS="2075"
                          CONTENT="cap."/>
                  <SP HEIGHT="67" WIDTH="30" VPOS="1422" HPOS="2312"/>
                  <String HEIGHT="67"
                          WIDTH="118"
                          VPOS="1422"
                          HPOS="2194"
                          CONTENT="1."/>
               </TextLine>
               <TextLine ID="tl_60"
                         BASELINE="1303,1550 1382,1550 1576,1547 1865,1544 1930,1544 1982,1554 2125,1544 2247,1542 2311,1554"
                         HEIGHT="60"
                         WIDTH="1008"
                         VPOS="1502"
                         HPOS="1303">
                  <String HEIGHT="60"
                          WIDTH="196"
                          VPOS="1502"
                          HPOS="1275"
                          CONTENT="Res"/>
                  <SP HEIGHT="60" WIDTH="28" VPOS="1502" HPOS="1471"/>
                  <String HEIGHT="60"
                          WIDTH="280"
                          VPOS="1502"
                          HPOS="1387"
                          CONTENT="quibus"/>
                  <SP HEIGHT="60" WIDTH="28" VPOS="1502" HPOS="1667"/>
                  <String HEIGHT="60"
                          WIDTH="336"
                          VPOS="1502"
                          HPOS="1583"
                          CONTENT="fruendum"/>
                  <SP HEIGHT="60" WIDTH="28" VPOS="1502" HPOS="1919"/>
                  <String HEIGHT="60"
                          WIDTH="224"
                          VPOS="1502"
                          HPOS="1835"
                          CONTENT="est,"/>
                  <SP HEIGHT="60" WIDTH="28" VPOS="1502" HPOS="2059"/>
                  <String HEIGHT="60"
                          WIDTH="224"
                          VPOS="1502"
                          HPOS="1975"
                          CONTENT="sunt"/>
                  <SP HEIGHT="60" WIDTH="28" VPOS="1502" HPOS="2199"/>
                  <String HEIGHT="60"
                          WIDTH="224"
                          VPOS="1502"
                          HPOS="2087"
                          CONTENT="Pater,"/>
               </TextLine>
               <TextLine ID="tl_61"
                         BASELINE="1303,1627 1446,1625 1515,1625 1734,1623 1944,1621 2009,1620 2083,1620 2193,1619 2318,1617"
                         HEIGHT="59"
                         WIDTH="1015"
                         VPOS="1579"
                         HPOS="1303">
                  <String HEIGHT="59"
                          WIDTH="242"
                          VPOS="1579"
                          HPOS="1279"
                          CONTENT="Filius"/>
                  <SP HEIGHT="59" WIDTH="24" VPOS="1579" HPOS="1521"/>
                  <String HEIGHT="59"
                          WIDTH="145"
                          VPOS="1579"
                          HPOS="1448"
                          CONTENT="et"/>
                  <SP HEIGHT="59" WIDTH="24" VPOS="1579" HPOS="1593"/>
                  <String HEIGHT="59"
                          WIDTH="290"
                          VPOS="1579"
                          HPOS="1521"
                          CONTENT="Spiritus"/>
                  <SP HEIGHT="59" WIDTH="24" VPOS="1579" HPOS="1811"/>
                  <String HEIGHT="59"
                          WIDTH="266"
                          VPOS="1579"
                          HPOS="1738"
                          CONTENT="sanctus"/>
                  <SP HEIGHT="59" WIDTH="24" VPOS="1579" HPOS="2004"/>
                  <String HEIGHT="59"
                          WIDTH="145"
                          VPOS="1579"
                          HPOS="1931"
                          CONTENT="et"/>
                  <SP HEIGHT="59" WIDTH="24" VPOS="1579" HPOS="2076"/>
                  <String HEIGHT="59"
                          WIDTH="145"
                          VPOS="1579"
                          HPOS="2004"
                          CONTENT="hi"/>
                  <SP HEIGHT="59" WIDTH="24" VPOS="1579" HPOS="2149"/>
                  <String HEIGHT="59"
                          WIDTH="193"
                          VPOS="1579"
                          HPOS="2076"
                          CONTENT="tres"/>
                  <SP HEIGHT="59" WIDTH="24" VPOS="1579" HPOS="2270"/>
                  <String HEIGHT="59"
                          WIDTH="145"
                          VPOS="1579"
                          HPOS="2173"
                          CONTENT="sunt"/>
               </TextLine>
               <TextLine ID="tl_62"
                         BASELINE="1303,1703 1393,1702 1514,1710 1563,1700 1658,1709 1781,1699"
                         HEIGHT="56"
                         WIDTH="478"
                         VPOS="1658"
                         HPOS="1303">
                  <String HEIGHT="56"
                          WIDTH="176"
                          VPOS="1658"
                          HPOS="1278"
                          CONTENT="una"/>
                  <SP HEIGHT="56" WIDTH="25" VPOS="1658" HPOS="1454"/>
                  <String HEIGHT="56"
                          WIDTH="201"
                          VPOS="1658"
                          HPOS="1378"
                          CONTENT="res;"/>
                  <SP HEIGHT="56" WIDTH="25" VPOS="1658" HPOS="1580"/>
                  <String HEIGHT="56"
                          WIDTH="226"
                          VPOS="1658"
                          HPOS="1504"
                          CONTENT="ergo,"/>
                  <SP HEIGHT="56" WIDTH="25" VPOS="1658" HPOS="1731"/>
                  <String HEIGHT="56"
                          WIDTH="151"
                          VPOS="1658"
                          HPOS="1630"
                          CONTENT="etc."/>
               </TextLine>
               <TextLine ID="tl_63"
                         BASELINE="1363,1780 1437,1780 1656,1778 2067,1774 2316,1772"
                         HEIGHT="62"
                         WIDTH="953"
                         VPOS="1728"
                         HPOS="1363">
                  <String HEIGHT="62"
                          WIDTH="220"
                          VPOS="1728"
                          HPOS="1326"
                          CONTENT="Ad"/>
                  <SP HEIGHT="62" WIDTH="37" VPOS="1728" HPOS="1546"/>
                  <String HEIGHT="62"
                          WIDTH="330"
                          VPOS="1728"
                          HPOS="1436"
                          CONTENT="istam"/>
                  <SP HEIGHT="62" WIDTH="37" VPOS="1728" HPOS="1766"/>
                  <String HEIGHT="62"
                          WIDTH="550"
                          VPOS="1728"
                          HPOS="1656"
                          CONTENT="quaestionem"/>
                  <SP HEIGHT="62" WIDTH="37" VPOS="1728" HPOS="2206"/>
                  <String HEIGHT="62"
                          WIDTH="257"
                          VPOS="1728"
                          HPOS="2059"
                          CONTENT="primo"/>
               </TextLine>
               <TextLine ID="tl_64"
                         BASELINE="1306,1857 1630,1854 1732,1853 2031,1851 2320,1850"
                         HEIGHT="64"
                         WIDTH="1014"
                         VPOS="1804"
                         HPOS="1306">
                  <String HEIGHT="64"
                          WIDTH="444"
                          VPOS="1804"
                          HPOS="1274"
                          CONTENT="distinguam"/>
                  <SP HEIGHT="64" WIDTH="32" VPOS="1804" HPOS="1718"/>
                  <String HEIGHT="64"
                          WIDTH="190"
                          VPOS="1804"
                          HPOS="1623"
                          CONTENT="de"/>
                  <SP HEIGHT="64" WIDTH="32" VPOS="1804" HPOS="1813"/>
                  <String HEIGHT="64"
                          WIDTH="412"
                          VPOS="1804"
                          HPOS="1718"
                          CONTENT="fruitione"/>
                  <SP HEIGHT="64" WIDTH="32" VPOS="1804" HPOS="2130"/>
                  <String HEIGHT="64"
                          WIDTH="317"
                          VPOS="1804"
                          HPOS="2003"
                          CONTENT="ordinata"/>
               </TextLine>
               <TextLine ID="tl_65"
                         BASELINE="1306,1933 1358,1934 1454,1932 1762,1930 2035,1928 2318,1928"
                         HEIGHT="61"
                         WIDTH="1012"
                         VPOS="1883"
                         HPOS="1306">
                  <String HEIGHT="61"
                          WIDTH="209"
                          VPOS="1883"
                          HPOS="1271"
                          CONTENT="et"/>
                  <SP HEIGHT="61" WIDTH="35" VPOS="1883" HPOS="1480"/>
                  <String HEIGHT="61"
                          WIDTH="209"
                          VPOS="1883"
                          HPOS="1376"
                          CONTENT="in"/>
                  <SP HEIGHT="61" WIDTH="35" VPOS="1883" HPOS="1585"/>
                  <String HEIGHT="61"
                          WIDTH="384"
                          VPOS="1883"
                          HPOS="1480"
                          CONTENT="communi"/>
                  <SP HEIGHT="61" WIDTH="35" VPOS="1883" HPOS="1864"/>
                  <String HEIGHT="61"
                          WIDTH="384"
                          VPOS="1883"
                          HPOS="1760"
                          CONTENT="sumpta."/>
                  <SP HEIGHT="61" WIDTH="35" VPOS="1883" HPOS="2144"/>
                  <String HEIGHT="61"
                          WIDTH="314"
                          VPOS="1883"
                          HPOS="2004"
                          CONTENT="Secundo"/>
               </TextLine>
               <TextLine ID="tl_66"
                         BASELINE="1307,2009 1475,2008 1574,2008 1827,2006 2140,2004 2320,1990"
                         HEIGHT="64"
                         WIDTH="1013"
                         VPOS="1958"
                         HPOS="1307">
                  <String HEIGHT="64"
                          WIDTH="276"
                          VPOS="1958"
                          HPOS="1276"
                          CONTENT="dicam"/>
                  <SP HEIGHT="64" WIDTH="31" VPOS="1958" HPOS="1553"/>
                  <String HEIGHT="64"
                          WIDTH="184"
                          VPOS="1958"
                          HPOS="1460"
                          CONTENT="de"/>
                  <SP HEIGHT="64" WIDTH="31" VPOS="1958" HPOS="1645"/>
                  <String HEIGHT="64"
                          WIDTH="338"
                          VPOS="1958"
                          HPOS="1553"
                          CONTENT="objecto"/>
                  <SP HEIGHT="64" WIDTH="31" VPOS="1958" HPOS="1890"/>
                  <String HEIGHT="64"
                          WIDTH="430"
                          VPOS="1958"
                          HPOS="1798"
                          CONTENT="fruitionis"/>
                  <SP HEIGHT="64" WIDTH="31" VPOS="1958" HPOS="2228"/>
                  <String HEIGHT="64"
                          WIDTH="215"
                          VPOS="1958"
                          HPOS="2105"
                          CONTENT="ordi¬"
                          SUBS_TYPE="HypPart1"
                          SUBS_CONTENT="ordinatae."/>
                  <HYP CONTENT="-"/>
               </TextLine>
               <TextLine ID="tl_67"
                         BASELINE="1306,2085 1461,2082 1683,2083 1773,2083 2006,2081 2320,2080"
                         HEIGHT="64"
                         WIDTH="1014"
                         VPOS="2033"
                         HPOS="1306">
                  <String HEIGHT="64"
                          WIDTH="290"
                          VPOS="2033"
                          HPOS="1277"
                          CONTENT="natae."
                          SUBS_TYPE="HypPart2"
                          SUBS_CONTENT="ordinatae."/>
                  <SP HEIGHT="64" WIDTH="29" VPOS="2033" HPOS="1567"/>
                  <String HEIGHT="64"
                          WIDTH="290"
                          VPOS="2033"
                          HPOS="1480"
                          CONTENT="Tertio"/>
                  <SP HEIGHT="64" WIDTH="29" VPOS="2033" HPOS="1770"/>
                  <String HEIGHT="64"
                          WIDTH="174"
                          VPOS="2033"
                          HPOS="1683"
                          CONTENT="de"/>
                  <SP HEIGHT="64" WIDTH="29" VPOS="2033" HPOS="1856"/>
                  <String HEIGHT="64"
                          WIDTH="319"
                          VPOS="2033"
                          HPOS="1770"
                          CONTENT="objecto"/>
                  <SP HEIGHT="64" WIDTH="29" VPOS="2033" HPOS="2088"/>
                  <String HEIGHT="64"
                          WIDTH="348"
                          VPOS="2033"
                          HPOS="1972"
                          CONTENT="fruitionis"/>
               </TextLine>
               <TextLine ID="tl_68"
                         BASELINE="1306,2161 1360,2161 1669,2157 1907,2158 2209,2157 2320,2156"
                         HEIGHT="61"
                         WIDTH="1014"
                         VPOS="2110"
                         HPOS="1306">
                  <String HEIGHT="61"
                          WIDTH="203"
                          VPOS="2110"
                          HPOS="1272"
                          CONTENT="in"/>
                  <SP HEIGHT="61" WIDTH="34" VPOS="2110" HPOS="1475"/>
                  <String HEIGHT="61"
                          WIDTH="406"
                          VPOS="2110"
                          HPOS="1374"
                          CONTENT="communi."/>
                  <SP HEIGHT="61" WIDTH="34" VPOS="2110" HPOS="1779"/>
                  <String HEIGHT="61"
                          WIDTH="338"
                          VPOS="2110"
                          HPOS="1678"
                          CONTENT="Quarto"/>
                  <SP HEIGHT="61" WIDTH="34" VPOS="2110" HPOS="2016"/>
                  <String HEIGHT="61"
                          WIDTH="372"
                          VPOS="2110"
                          HPOS="1914"
                          CONTENT="quomodo"/>
                  <SP HEIGHT="61" WIDTH="34" VPOS="2110" HPOS="2286"/>
                  <String HEIGHT="61"
                          WIDTH="169"
                          VPOS="2110"
                          HPOS="2151"
                          CONTENT="sit"/>
               </TextLine>
               <TextLine ID="tl_69"
                         BASELINE="1307,2237 1707,2235 2046,2234 2194,2234 2320,2221"
                         HEIGHT="61"
                         WIDTH="1013"
                         VPOS="2188"
                         HPOS="1307">
                  <String HEIGHT="61"
                          WIDTH="507"
                          VPOS="2188"
                          HPOS="1277"
                          CONTENT="intelligendum"/>
                  <SP HEIGHT="61" WIDTH="30" VPOS="2188" HPOS="1784"/>
                  <String HEIGHT="61"
                          WIDTH="417"
                          VPOS="2188"
                          HPOS="1694"
                          CONTENT="fruitionem"/>
                  <SP HEIGHT="61" WIDTH="30" VPOS="2188" HPOS="2111"/>
                  <String HEIGHT="61"
                          WIDTH="238"
                          VPOS="2188"
                          HPOS="2022"
                          CONTENT="esse"/>
                  <SP HEIGHT="61" WIDTH="30" VPOS="2188" HPOS="2260"/>
                  <String HEIGHT="61"
                          WIDTH="179"
                          VPOS="2188"
                          HPOS="2141"
                          CONTENT="cir¬"
                          SUBS_TYPE="HypPart1"
                          SUBS_CONTENT="circa"/>
                  <HYP CONTENT="-"/>
               </TextLine>
               <TextLine ID="tl_70"
                         BASELINE="1307,2314 1368,2314 1567,2319 1710,2311 1873,2310 2148,2310 2227,2312 2315,2310"
                         HEIGHT="54"
                         WIDTH="1008"
                         VPOS="2265"
                         HPOS="1307">
                  <String HEIGHT="54"
                          WIDTH="183"
                          VPOS="2265"
                          HPOS="1276"
                          CONTENT="ca"
                          SUBS_TYPE="HypPart2"
                          SUBS_CONTENT="circa"/>
                  <SP HEIGHT="54" WIDTH="31" VPOS="2265" HPOS="1460"/>
                  <String HEIGHT="54"
                          WIDTH="305"
                          VPOS="2265"
                          HPOS="1368"
                          CONTENT="finem,"/>
                  <SP HEIGHT="54" WIDTH="31" VPOS="2265" HPOS="1674"/>
                  <String HEIGHT="54"
                          WIDTH="244"
                          VPOS="2265"
                          HPOS="1582"
                          CONTENT="sive"/>
                  <SP HEIGHT="54" WIDTH="31" VPOS="2265" HPOS="1826"/>
                  <String HEIGHT="54"
                          WIDTH="244"
                          VPOS="2265"
                          HPOS="1735"
                          CONTENT="vere"/>
                  <SP HEIGHT="54" WIDTH="31" VPOS="2265" HPOS="1979"/>
                  <String HEIGHT="54"
                          WIDTH="336"
                          VPOS="2265"
                          HPOS="1887"
                          CONTENT="ultimum"/>
                  <SP HEIGHT="54" WIDTH="31" VPOS="2265" HPOS="2223"/>
                  <String HEIGHT="54"
                          WIDTH="183"
                          VPOS="2265"
                          HPOS="2132"
                          CONTENT="ut"/>
                  <SP HEIGHT="54" WIDTH="31" VPOS="2265" HPOS="2315"/>
                  <String HEIGHT="54"
                          WIDTH="122"
                          VPOS="2265"
                          HPOS="2193"
                          CONTENT="in"/>
               </TextLine>
               <TextLine ID="tl_71"
                         BASELINE="1308,2389 1531,2388 1836,2393 2007,2387 2156,2386 2320,2387"
                         HEIGHT="52"
                         WIDTH="1012"
                         VPOS="2341"
                         HPOS="1308">
                  <String HEIGHT="52"
                          WIDTH="359"
                          VPOS="2341"
                          HPOS="1275"
                          CONTENT="secundo"/>
                  <SP HEIGHT="52" WIDTH="33" VPOS="2341" HPOS="1634"/>
                  <String HEIGHT="52"
                          WIDTH="424"
                          VPOS="2341"
                          HPOS="1537"
                          CONTENT="articulo,"/>
                  <SP HEIGHT="52" WIDTH="33" VPOS="2341" HPOS="1961"/>
                  <String HEIGHT="52"
                          WIDTH="261"
                          VPOS="2341"
                          HPOS="1863"
                          CONTENT="sive"/>
                  <SP HEIGHT="52" WIDTH="33" VPOS="2341" HPOS="2124"/>
                  <String HEIGHT="52"
                          WIDTH="229"
                          VPOS="2341"
                          HPOS="2026"
                          CONTENT="non"/>
                  <SP HEIGHT="52" WIDTH="33" VPOS="2341" HPOS="2255"/>
                  <String HEIGHT="52"
                          WIDTH="196"
                          VPOS="2341"
                          HPOS="2124"
                          CONTENT="vere"/>
               </TextLine>
               <TextLine ID="tl_72"
                         BASELINE="1307,2466 1555,2462 1634,2464 1715,2462 1904,2463 2182,2461"
                         HEIGHT="49"
                         WIDTH="875"
                         VPOS="2417"
                         HPOS="1307">
                  <String HEIGHT="49"
                          WIDTH="321"
                          VPOS="2417"
                          HPOS="1278"
                          CONTENT="ultimum"/>
                  <SP HEIGHT="49" WIDTH="29" VPOS="2417" HPOS="1599"/>
                  <String HEIGHT="49"
                          WIDTH="175"
                          VPOS="2417"
                          HPOS="1511"
                          CONTENT="ut"/>
                  <SP HEIGHT="49" WIDTH="29" VPOS="2417" HPOS="1686"/>
                  <String HEIGHT="49"
                          WIDTH="175"
                          VPOS="2417"
                          HPOS="1599"
                          CONTENT="in"/>
                  <SP HEIGHT="49" WIDTH="29" VPOS="2417" HPOS="1774"/>
                  <String HEIGHT="49"
                          WIDTH="292"
                          VPOS="2417"
                          HPOS="1686"
                          CONTENT="tertio"/>
                  <SP HEIGHT="49" WIDTH="29" VPOS="2417" HPOS="1978"/>
                  <String HEIGHT="49"
                          WIDTH="321"
                          VPOS="2417"
                          HPOS="1861"
                          CONTENT="articulo."/>
               </TextLine>
               <TextLine ID="tl_73"
                         BASELINE="1364,2540 1458,2530 1658,2539 1833,2546 2006,2540 2230,2540 2316,2540"
                         HEIGHT="60"
                         WIDTH="952"
                         VPOS="2492"
                         HPOS="1364">
                  <String HEIGHT="60"
                          WIDTH="215"
                          VPOS="2492"
                          HPOS="1333"
                          CONTENT="De-"/>
                  <SP HEIGHT="60" WIDTH="31" VPOS="2492" HPOS="1548"/>
                  <String HEIGHT="60"
                          WIDTH="276"
                          VPOS="2492"
                          HPOS="1456"
                          CONTENT="primo"/>
                  <SP HEIGHT="60" WIDTH="31" VPOS="2492" HPOS="1733"/>
                  <String HEIGHT="60"
                          WIDTH="276"
                          VPOS="2492"
                          HPOS="1640"
                          CONTENT="dico,"/>
                  <SP HEIGHT="60" WIDTH="31" VPOS="2492" HPOS="1917"/>
                  <String HEIGHT="60"
                          WIDTH="246"
                          VPOS="2492"
                          HPOS="1825"
                          CONTENT="quod"/>
                  <SP HEIGHT="60" WIDTH="31" VPOS="2492" HPOS="2070"/>
                  <String HEIGHT="60"
                          WIDTH="338"
                          VPOS="2492"
                          HPOS="1978"
                          CONTENT="fruitio"/>
                  <SP HEIGHT="60" WIDTH="31" VPOS="2492" HPOS="2316"/>
                  <String HEIGHT="60"
                          WIDTH="123"
                          VPOS="2492"
                          HPOS="2193"
                          CONTENT="in"/>
               </TextLine>
               <TextLine ID="tl_74"
                         BASELINE="1307,2618 1576,2616 1805,2618 2155,2617 2317,2605"
                         HEIGHT="50"
                         WIDTH="1010"
                         VPOS="2569"
                         HPOS="1307">
                  <String HEIGHT="50"
                          WIDTH="347"
                          VPOS="2569"
                          HPOS="1275"
                          CONTENT="communi"/>
                  <SP HEIGHT="50" WIDTH="32" VPOS="2569" HPOS="1623"/>
                  <String HEIGHT="50"
                          WIDTH="347"
                          VPOS="2569"
                          HPOS="1528"
                          CONTENT="excedit"/>
                  <SP HEIGHT="50" WIDTH="32" VPOS="2569" HPOS="1875"/>
                  <String HEIGHT="50"
                          WIDTH="442"
                          VPOS="2569"
                          HPOS="1780"
                          CONTENT="fruitionem"/>
                  <SP HEIGHT="50" WIDTH="32" VPOS="2569" HPOS="2222"/>
                  <String HEIGHT="50"
                          WIDTH="221"
                          VPOS="2569"
                          HPOS="2096"
                          CONTENT="ordi¬"
                          SUBS_TYPE="HypPart1"
                          SUBS_CONTENT="ordinatam,"/>
                  <HYP CONTENT="-"/>
               </TextLine>
               <TextLine ID="tl_75"
                         BASELINE="1307,2693 1506,2700 1694,2692 2178,2695 2317,2681"
                         HEIGHT="61"
                         WIDTH="1010"
                         VPOS="2647"
                         HPOS="1307">
                  <String HEIGHT="61"
                          WIDTH="361"
                          VPOS="2647"
                          HPOS="1271"
                          CONTENT="natam,"
                          SUBS_TYPE="HypPart2"
                          SUBS_CONTENT="ordinatam,"/>
                  <SP HEIGHT="61" WIDTH="36" VPOS="2647" HPOS="1632"/>
                  <String HEIGHT="61"
                          WIDTH="289"
                          VPOS="2647"
                          HPOS="1523"
                          CONTENT="quia"/>
                  <SP HEIGHT="61" WIDTH="36" VPOS="2647" HPOS="1812"/>
                  <String HEIGHT="61"
                          WIDTH="577"
                          VPOS="2647"
                          HPOS="1704"
                          CONTENT="quandocumque"/>
                  <SP HEIGHT="61" WIDTH="36" VPOS="2647" HPOS="2281"/>
                  <String HEIGHT="61"
                          WIDTH="180"
                          VPOS="2647"
                          HPOS="2137"
                          CONTENT="po¬"
                          SUBS_TYPE="HypPart1"
                          SUBS_CONTENT="potentia"/>
                  <HYP CONTENT="-"/>
               </TextLine>
               <TextLine ID="tl_76"
                         BASELINE="1307,2772 1475,2770 1606,2769 2019,2771 2110,2771 2318,2771"
                         HEIGHT="50"
                         WIDTH="1011"
                         VPOS="2723"
                         HPOS="1307">
                  <String HEIGHT="50"
                          WIDTH="316"
                          VPOS="2723"
                          HPOS="1275"
                          CONTENT="tentia"
                          SUBS_TYPE="HypPart2"
                          SUBS_CONTENT="potentia"/>
                  <SP HEIGHT="50" WIDTH="32" VPOS="2723" HPOS="1591"/>
                  <String HEIGHT="50"
                          WIDTH="221"
                          VPOS="2723"
                          HPOS="1497"
                          CONTENT="non"/>
                  <SP HEIGHT="50" WIDTH="32" VPOS="2723" HPOS="1718"/>
                  <String HEIGHT="50"
                          WIDTH="506"
                          VPOS="2723"
                          HPOS="1623"
                          CONTENT="determinatur"/>
                  <SP HEIGHT="50" WIDTH="32" VPOS="2723" HPOS="2128"/>
                  <String HEIGHT="50"
                          WIDTH="190"
                          VPOS="2723"
                          HPOS="2034"
                          CONTENT="ad"/>
                  <SP HEIGHT="50" WIDTH="32" VPOS="2723" HPOS="2223"/>
                  <String HEIGHT="50"
                          WIDTH="221"
                          VPOS="2723"
                          HPOS="2097"
                          CONTENT="actum"/>
               </TextLine>
               <TextLine ID="tl_77"
                         BASELINE="1311,2846 1612,2846 1734,2845 1850,2853 2044,2848 2215,2849 2320,2848"
                         HEIGHT="62"
                         WIDTH="1009"
                         VPOS="2800"
                         HPOS="1311">
                  <String HEIGHT="62"
                          WIDTH="437"
                          VPOS="2800"
                          HPOS="1277"
                          CONTENT="ordinatum"/>
                  <SP HEIGHT="62" WIDTH="34" VPOS="2800" HPOS="1715"/>
                  <String HEIGHT="62"
                          WIDTH="202"
                          VPOS="2800"
                          HPOS="1614"
                          CONTENT="ex"/>
                  <SP HEIGHT="62" WIDTH="34" VPOS="2800" HPOS="1815"/>
                  <String HEIGHT="62"
                          WIDTH="235"
                          VPOS="2800"
                          HPOS="1715"
                          CONTENT="se,"/>
                  <SP HEIGHT="62" WIDTH="34" VPOS="2800" HPOS="1950"/>
                  <String HEIGHT="62"
                          WIDTH="303"
                          VPOS="2800"
                          HPOS="1849"
                          CONTENT="actus"/>
                  <SP HEIGHT="62" WIDTH="34" VPOS="2800" HPOS="2152"/>
                  <String HEIGHT="62"
                          WIDTH="269"
                          VPOS="2800"
                          HPOS="2051"
                          CONTENT="ejus"/>
                  <SP HEIGHT="62" WIDTH="34" VPOS="2800" HPOS="2320"/>
                  <String HEIGHT="62"
                          WIDTH="135"
                          VPOS="2800"
                          HPOS="2185"
                          CONTENT="in"/>
               </TextLine>
               <TextLine ID="tl_78"
                         BASELINE="1309,2921 1577,2922 1983,2923 2134,2926 2316,2924"
                         HEIGHT="50"
                         WIDTH="1007"
                         VPOS="2876"
                         HPOS="1309">
                  <String HEIGHT="50"
                          WIDTH="382"
                          VPOS="2876"
                          HPOS="1274"
                          CONTENT="communi"/>
                  <SP HEIGHT="50" WIDTH="35" VPOS="2876" HPOS="1656"/>
                  <String HEIGHT="50"
                          WIDTH="556"
                          VPOS="2876"
                          HPOS="1552"
                          CONTENT="universalior"/>
                  <SP HEIGHT="50" WIDTH="35" VPOS="2876" HPOS="2108"/>
                  <String HEIGHT="50"
                          WIDTH="243"
                          VPOS="2876"
                          HPOS="2003"
                          CONTENT="est"/>
                  <SP HEIGHT="50" WIDTH="35" VPOS="2876" HPOS="2247"/>
                  <String HEIGHT="50"
                          WIDTH="208"
                          VPOS="2876"
                          HPOS="2108"
                          CONTENT="actu"/>
               </TextLine>
               <TextLine ID="tl_79"
                         BASELINE="1307,2997 1422,2997 1706,3005 1982,3000 2188,3001 2320,3000"
                         HEIGHT="59"
                         WIDTH="1013"
                         VPOS="2951"
                         HPOS="1307">
                  <String HEIGHT="59"
                          WIDTH="246"
                          VPOS="2951"
                          HPOS="1276"
                          CONTENT="ejus"/>
                  <SP HEIGHT="59" WIDTH="31" VPOS="2951" HPOS="1522"/>
                  <String HEIGHT="59"
                          WIDTH="399"
                          VPOS="2951"
                          HPOS="1430"
                          CONTENT="ordinato;"/>
                  <SP HEIGHT="59" WIDTH="31" VPOS="2951" HPOS="1829"/>
                  <String HEIGHT="59"
                          WIDTH="368"
                          VPOS="2951"
                          HPOS="1737"
                          CONTENT="voluntas"/>
                  <SP HEIGHT="59" WIDTH="31" VPOS="2951" HPOS="2105"/>
                  <String HEIGHT="59"
                          WIDTH="276"
                          VPOS="2951"
                          HPOS="2013"
                          CONTENT="autem"/>
                  <SP HEIGHT="59" WIDTH="31" VPOS="2951" HPOS="2289"/>
                  <String HEIGHT="59"
                          WIDTH="153"
                          VPOS="2951"
                          HPOS="2167"
                          CONTENT="non"/>
               </TextLine>
               <TextLine ID="tl_80"
                         BASELINE="1308,3074 1696,3075 1791,3076 1886,3077 1978,3078 2319,3078"
                         HEIGHT="51"
                         WIDTH="1011"
                         VPOS="3028"
                         HPOS="1308">
                  <String HEIGHT="51"
                          WIDTH="506"
                          VPOS="3028"
                          HPOS="1276"
                          CONTENT="determinatur"/>
                  <SP HEIGHT="51" WIDTH="32" VPOS="3028" HPOS="1782"/>
                  <String HEIGHT="51"
                          WIDTH="190"
                          VPOS="3028"
                          HPOS="1687"
                          CONTENT="ex"/>
                  <SP HEIGHT="51" WIDTH="32" VPOS="3028" HPOS="1877"/>
                  <String HEIGHT="51"
                          WIDTH="190"
                          VPOS="3028"
                          HPOS="1782"
                          CONTENT="se"/>
                  <SP HEIGHT="51" WIDTH="32" VPOS="3028" HPOS="1971"/>
                  <String HEIGHT="51"
                          WIDTH="190"
                          VPOS="3028"
                          HPOS="1877"
                          CONTENT="ad"/>
                  <SP HEIGHT="51" WIDTH="32" VPOS="3028" HPOS="2066"/>
                  <String HEIGHT="51"
                          WIDTH="379"
                          VPOS="3028"
                          HPOS="1940"
                          CONTENT="fruitionem"/>
               </TextLine>
               <TextLine ID="tl_81"
                         BASELINE="1311,3150 1625,3158 1793,3153 1976,3161 2032,3167 2320,3152"
                         HEIGHT="63"
                         WIDTH="1009"
                         VPOS="3104"
                         HPOS="1311">
                  <String HEIGHT="63"
                          WIDTH="428"
                          VPOS="3104"
                          HPOS="1280"
                          CONTENT="ordinatam,"/>
                  <SP HEIGHT="63" WIDTH="31" VPOS="3104" HPOS="1708"/>
                  <String HEIGHT="63"
                          WIDTH="245"
                          VPOS="3104"
                          HPOS="1617"
                          CONTENT="quod"/>
                  <SP HEIGHT="63" WIDTH="31" VPOS="3104" HPOS="1861"/>
                  <String HEIGHT="63"
                          WIDTH="306"
                          VPOS="3104"
                          HPOS="1770"
                          CONTENT="patet,"/>
                  <SP HEIGHT="63" WIDTH="31" VPOS="3104" HPOS="2075"/>
                  <String HEIGHT="63"
                          WIDTH="245"
                          VPOS="3104"
                          HPOS="1984"
                          CONTENT="quia"/>
                  <SP HEIGHT="63" WIDTH="31" VPOS="3104" HPOS="2228"/>
                  <String HEIGHT="63"
                          WIDTH="214"
                          VPOS="3104"
                          HPOS="2106"
                          CONTENT="summa"/>
               </TextLine>
               <TextLine ID="tl_82"
                         BASELINE="1306,3237 1571,3225 1668,3226 1747,3226 1970,3226 2161,3226 2320,3216"
                         HEIGHT="55"
                         WIDTH="1014"
                         VPOS="3184"
                         HPOS="1306">
                  <String HEIGHT="55"
                          WIDTH="390"
                          VPOS="3184"
                          HPOS="1280"
                          CONTENT="perversitas"/>
                  <SP HEIGHT="55" WIDTH="26" VPOS="3184" HPOS="1670"/>
                  <String HEIGHT="55"
                          WIDTH="182"
                          VPOS="3184"
                          HPOS="1592"
                          CONTENT="est"/>
                  <SP HEIGHT="55" WIDTH="26" VPOS="3184" HPOS="1774"/>
                  <String HEIGHT="55"
                          WIDTH="156"
                          VPOS="3184"
                          HPOS="1696"
                          CONTENT="in"/>
                  <SP HEIGHT="55" WIDTH="26" VPOS="3184" HPOS="1852"/>
                  <String HEIGHT="55"
                          WIDTH="286"
                          VPOS="3184"
                          HPOS="1774"
                          CONTENT="fruendo"/>
                  <SP HEIGHT="55" WIDTH="26" VPOS="3184" HPOS="2060"/>
                  <String HEIGHT="55"
                          WIDTH="312"
                          VPOS="3184"
                          HPOS="1982"
                          CONTENT="utendis,"/>
                  <SP HEIGHT="55" WIDTH="26" VPOS="3184" HPOS="2294"/>
                  <String HEIGHT="55"
                          WIDTH="130"
                          VPOS="3184"
                          HPOS="2190"
                          CONTENT="se¬"
                          SUBS_TYPE="HypPart1"
                          SUBS_CONTENT="secundum"/>
                  <HYP CONTENT="-"/>
               </TextLine>
               <TextLine ID="tl_83"
                         BASELINE="1311,3303 1533,3303 1912,3304 1954,3305 2316,3306"
                         HEIGHT="61"
                         WIDTH="1005"
                         VPOS="3257"
                         HPOS="1311">
                  <String HEIGHT="61"
                          WIDTH="296"
                          VPOS="3257"
                          HPOS="1281"
                          CONTENT="cundum"
                          SUBS_TYPE="HypPart2"
                          SUBS_CONTENT="secundum"/>
                  <SP HEIGHT="61" WIDTH="30" VPOS="3257" HPOS="1577"/>
                  <String HEIGHT="61"
                          WIDTH="414"
                          VPOS="3257"
                          HPOS="1488"
                          CONTENT="Augustinum"/>
                  <SP HEIGHT="61" WIDTH="30" VPOS="3257" HPOS="1902"/>
                  <String HEIGHT="61"
                          WIDTH="207"
                          VPOS="3257"
                          HPOS="1814"
                          CONTENT="83."/>
                  <SP HEIGHT="61" WIDTH="30" VPOS="3257" HPOS="2020"/>
                  <String HEIGHT="61"
                          WIDTH="414"
                          VPOS="3257"
                          HPOS="1902"
                          CONTENT="quaestionum,"/>
               </TextLine>
               <TextLine ID="tl_84"
                         BASELINE="1310,3390 1334,3390 1448,3379 1630,3387 1766,3380 1893,3383 2099,3382 2318,3382"
                         HEIGHT="58"
                         WIDTH="1008"
                         VPOS="3335"
                         HPOS="1310">
                  <String HEIGHT="58"
                          WIDTH="173"
                          VPOS="3335"
                          HPOS="1281"
                          CONTENT="q."/>
                  <SP HEIGHT="58" WIDTH="29" VPOS="3335" HPOS="1454"/>
                  <String HEIGHT="58"
                          WIDTH="202"
                          VPOS="3335"
                          HPOS="1368"
                          CONTENT="30."/>
                  <SP HEIGHT="58" WIDTH="29" VPOS="3335" HPOS="1569"/>
                  <String HEIGHT="58"
                          WIDTH="259"
                          VPOS="3335"
                          HPOS="1483"
                          CONTENT="ergo,"/>
                  <SP HEIGHT="58" WIDTH="29" VPOS="3335" HPOS="1742"/>
                  <String HEIGHT="58"
                          WIDTH="230"
                          VPOS="3335"
                          HPOS="1656"
                          CONTENT="etc."/>
                  <SP HEIGHT="58" WIDTH="29" VPOS="3335" HPOS="1886"/>
                  <String HEIGHT="58"
                          WIDTH="202"
                          VPOS="3335"
                          HPOS="1800"
                          CONTENT="Est"/>
                  <SP HEIGHT="58" WIDTH="29" VPOS="3335" HPOS="2001"/>
                  <String HEIGHT="58"
                          WIDTH="259"
                          VPOS="3335"
                          HPOS="1915"
                          CONTENT="autem"/>
                  <SP HEIGHT="58" WIDTH="29" VPOS="3335" HPOS="2174"/>
                  <String HEIGHT="58"
                          WIDTH="259"
                          VPOS="3335"
                          HPOS="2059"
                          CONTENT="fruitio"/>
               </TextLine>
               <TextLine ID="tl_85"
                         BASELINE="1313,3453 1574,3462 1778,3456 1939,3456 2058,3459 2207,3458 2321,3446"
                         HEIGHT="61"
                         WIDTH="1008"
                         VPOS="3408"
                         HPOS="1313">
                  <String HEIGHT="61"
                          WIDTH="385"
                          VPOS="3408"
                          HPOS="1283"
                          CONTENT="ordinata,"/>
                  <SP HEIGHT="61" WIDTH="30" VPOS="3408" HPOS="1669"/>
                  <String HEIGHT="61"
                          WIDTH="296"
                          VPOS="3408"
                          HPOS="1580"
                          CONTENT="qualis"/>
                  <SP HEIGHT="61" WIDTH="30" VPOS="3408" HPOS="1876"/>
                  <String HEIGHT="61"
                          WIDTH="237"
                          VPOS="3408"
                          HPOS="1787"
                          CONTENT="nata"/>
                  <SP HEIGHT="61" WIDTH="30" VPOS="3408" HPOS="2025"/>
                  <String HEIGHT="61"
                          WIDTH="208"
                          VPOS="3408"
                          HPOS="1936"
                          CONTENT="est"/>
                  <SP HEIGHT="61" WIDTH="30" VPOS="3408" HPOS="2143"/>
                  <String HEIGHT="61"
                          WIDTH="237"
                          VPOS="3408"
                          HPOS="2054"
                          CONTENT="esse"/>
                  <SP HEIGHT="61" WIDTH="30" VPOS="3408" HPOS="2291"/>
                  <String HEIGHT="61"
                          WIDTH="148"
                          VPOS="3408"
                          HPOS="2173"
                          CONTENT="re¬"
                          SUBS_TYPE="HypPart1"
                          SUBS_CONTENT="recta,"/>
                  <HYP CONTENT="-"/>
               </TextLine>
               <TextLine ID="tl_86"
                         BASELINE="1311,3532 1424,3540 1698,3533 1974,3534 2323,3536"
                         HEIGHT="58"
                         WIDTH="1012"
                         VPOS="3487"
                         HPOS="1311">
                  <String HEIGHT="58"
                          WIDTH="270"
                          VPOS="3487"
                          HPOS="1277"
                          CONTENT="cta,"
                          SUBS_TYPE="HypPart2"
                          SUBS_CONTENT="recta,"/>
                  <SP HEIGHT="58" WIDTH="34" VPOS="3487" HPOS="1547"/>
                  <String HEIGHT="58"
                          WIDTH="337"
                          VPOS="3487"
                          HPOS="1446"
                          CONTENT="quando"/>
                  <SP HEIGHT="58" WIDTH="34" VPOS="3487" HPOS="1783"/>
                  <String HEIGHT="58"
                          WIDTH="405"
                          VPOS="3487"
                          HPOS="1682"
                          CONTENT="scilicet"/>
                  <SP HEIGHT="58" WIDTH="34" VPOS="3487" HPOS="2087"/>
                  <String HEIGHT="58"
                          WIDTH="371"
                          VPOS="3487"
                          HPOS="1952"
                          CONTENT="ordinatur"/>
               </TextLine>
               <TextLine ID="tl_87"
                         BASELINE="1313,3607 1597,3609 2070,3611 2318,3620"
                         HEIGHT="58"
                         WIDTH="1005"
                         VPOS="3562"
                         HPOS="1313">
                  <String HEIGHT="58"
                          WIDTH="377"
                          VPOS="3562"
                          HPOS="1282"
                          CONTENT="secundum"/>
                  <SP HEIGHT="58" WIDTH="31" VPOS="3562" HPOS="1658"/>
                  <String HEIGHT="58"
                          WIDTH="565"
                          VPOS="3562"
                          HPOS="1564"
                          CONTENT="circumstantias"/>
                  <SP HEIGHT="58" WIDTH="31" VPOS="3562" HPOS="2130"/>
                  <String HEIGHT="58"
                          WIDTH="314"
                          VPOS="3562"
                          HPOS="2004"
                          CONTENT="debitas;"/>
               </TextLine>
            </TextBlock>
         </PrintSpace>
      </Page>
   </Layout>
</alto>
