<?xml version="1.0" encoding="UTF-8"?>
<alto xmlns:xsi="http://www.w3.org/2001/XMLSchema-instance"
      xmlns="http://www.loc.gov/standards/alto/ns-v4#"
      xmlns:page="http://schema.primaresearch.org/PAGE/gts/pagecontent/2013-07-15"
      xsi:schemaLocation="http://www.loc.gov/standards/alto/ns-v4# https://www.loc.gov/standards/alto/v4/alto.xsd">
   <Description>
      <MeasurementUnit>pixel</MeasurementUnit>
      <OCRProcessing ID="IdOcr">
         <ocrProcessingStep>
            <processingDateTime>2021-03-24T10:45:59.555-04:00</processingDateTime>
            <processingSoftware>
               <softwareCreator>READ COOP</softwareCreator>
               <softwareName>Transkribus</softwareName>
            </processingSoftware>
         </ocrProcessingStep>
      </OCRProcessing>
   </Description>
   <Tags/>
   <Layout>
      <Page ID="Page1" PHYSICAL_IMG_NR="1" HEIGHT="3979" WIDTH="2624">
         <TopMargin HEIGHT="0" WIDTH="2624" VPOS="0" HPOS="0"/>
         <LeftMargin HEIGHT="3644" WIDTH="44" VPOS="0" HPOS="0"/>
         <RightMargin HEIGHT="3644" WIDTH="0" VPOS="0" HPOS="2624"/>
         <BottomMargin HEIGHT="335" WIDTH="2624" VPOS="3644" HPOS="0"/>
         <PrintSpace HEIGHT="3644" WIDTH="2580" VPOS="0" HPOS="44">
            <TextBlock ID="TextRegion_1615898657123_35"
                       HEIGHT="3350"
                       WIDTH="1103"
                       VPOS="282"
                       HPOS="254">
               <Shape>
                  <Polygon POINTS="277,282 1289,282 1321,710 1357,3015 1357,3632 318,3632 317,3535 254,357"/>
               </Shape>
               <TextLine ID="tl_3"
                         BASELINE="279,358 465,355 680,349 760,346 1055,337 1177,341 1284,320"
                         HEIGHT="76"
                         WIDTH="1006"
                         VPOS="283"
                         HPOS="278">
                  <String HEIGHT="76"
                          WIDTH="335"
                          VPOS="283"
                          HPOS="248"
                          CONTENT="fruitio"/>
                  <SP HEIGHT="76" WIDTH="30" VPOS="283" HPOS="583"/>
                  <String HEIGHT="76"
                          WIDTH="274"
                          VPOS="283"
                          HPOS="491"
                          CONTENT="autem"/>
                  <SP HEIGHT="76" WIDTH="30" VPOS="283" HPOS="766"/>
                  <String HEIGHT="76" WIDTH="183" VPOS="283" HPOS="674" CONTENT="in"/>
                  <SP HEIGHT="76" WIDTH="30" VPOS="283" HPOS="857"/>
                  <String HEIGHT="76"
                          WIDTH="335"
                          VPOS="283"
                          HPOS="766"
                          CONTENT="communi"/>
                  <SP HEIGHT="76" WIDTH="30" VPOS="283" HPOS="1101"/>
                  <String HEIGHT="76"
                          WIDTH="244"
                          VPOS="283"
                          HPOS="1010"
                          CONTENT="est,"/>
                  <SP HEIGHT="76" WIDTH="30" VPOS="283" HPOS="1254"/>
                  <String HEIGHT="76"
                          WIDTH="152"
                          VPOS="283"
                          HPOS="1132"
                          CONTENT="si¬"
                          SUBS_TYPE="HypPart1"
                          SUBS_CONTENT="sive"/>
                  <HYP CONTENT="-"/>
               </TextLine>
               <TextLine ID="tl_4"
                         BASELINE="280,432 343,435 571,429 718,424 1199,417 1287,394"
                         HEIGHT="74"
                         WIDTH="1008"
                         VPOS="361"
                         HPOS="280">
                  <String HEIGHT="74"
                          WIDTH="173"
                          VPOS="361"
                          HPOS="251"
                          CONTENT="ve"
                          SUBS_TYPE="HypPart2"
                          SUBS_CONTENT="sive"/>
                  <SP HEIGHT="74" WIDTH="29" VPOS="361" HPOS="424"/>
                  <String HEIGHT="74"
                          WIDTH="288"
                          VPOS="361"
                          HPOS="338"
                          CONTENT="habeat"/>
                  <SP HEIGHT="74" WIDTH="29" VPOS="361" HPOS="626"/>
                  <String HEIGHT="74"
                          WIDTH="259"
                          VPOS="361"
                          HPOS="539"
                          CONTENT="illas"/>
                  <SP HEIGHT="74" WIDTH="29" VPOS="361" HPOS="798"/>
                  <String HEIGHT="74"
                          WIDTH="547"
                          VPOS="361"
                          HPOS="712"
                          CONTENT="circumstantias,"/>
                  <SP HEIGHT="74" WIDTH="29" VPOS="361" HPOS="1259"/>
                  <String HEIGHT="74"
                          WIDTH="144"
                          VPOS="361"
                          HPOS="1144"
                          CONTENT="si¬"
                          SUBS_TYPE="HypPart1"
                          SUBS_CONTENT="sive"/>
                  <HYP CONTENT="-"/>
               </TextLine>
               <TextLine ID="tl_5"
                         BASELINE="279,510 343,511 491,504"
                         HEIGHT="38"
                         WIDTH="212"
                         VPOS="473"
                         HPOS="279">
                  <String HEIGHT="38"
                          WIDTH="182"
                          VPOS="473"
                          HPOS="249"
                          CONTENT="ve"
                          SUBS_TYPE="HypPart2"
                          SUBS_CONTENT="sive"/>
                  <SP HEIGHT="38" WIDTH="30" VPOS="473" HPOS="430"/>
                  <String HEIGHT="38"
                          WIDTH="182"
                          VPOS="473"
                          HPOS="309"
                          CONTENT="non."/>
               </TextLine>
               <TextLine ID="tl_6"
                         BASELINE="579,626 999,616"
                         HEIGHT="50"
                         WIDTH="420"
                         VPOS="576"
                         HPOS="579">
                  <String HEIGHT="50"
                          WIDTH="485"
                          VPOS="576"
                          HPOS="514"
                          CONTENT="COMMENTARIUS."/>
               </TextLine>
               <TextLine ID="line_1615898657344_38"
                         BASELINE="263,780 457,775 680,768 953,760 1094,755 1296,749"
                         HEIGHT="80"
                         WIDTH="1035"
                         VPOS="711"
                         HPOS="261">
                  <String HEIGHT="80" WIDTH="163" VPOS="711" HPOS="234" CONTENT="2."/>
                  <SP HEIGHT="80" WIDTH="27" VPOS="711" HPOS="397"/>
                  <String HEIGHT="80"
                          WIDTH="245"
                          VPOS="711"
                          HPOS="315"
                          CONTENT="Circa"/>
                  <SP HEIGHT="80" WIDTH="27" VPOS="711" HPOS="561"/>
                  <String HEIGHT="80"
                          WIDTH="272"
                          VPOS="711"
                          HPOS="479"
                          CONTENT="primum"/>
                  <SP HEIGHT="80" WIDTH="27" VPOS="711" HPOS="751"/>
                  <String HEIGHT="80"
                          WIDTH="354"
                          VPOS="711"
                          HPOS="670"
                          CONTENT="articulum"/>
                  <SP HEIGHT="80" WIDTH="27" VPOS="711" HPOS="1024"/>
                  <String HEIGHT="80"
                          WIDTH="245"
                          VPOS="711"
                          HPOS="942"
                          CONTENT="dicit"/>
                  <SP HEIGHT="80" WIDTH="27" VPOS="711" HPOS="1187"/>
                  <String HEIGHT="80"
                          WIDTH="218"
                          VPOS="711"
                          HPOS="1078"
                          CONTENT="Doctor"/>
               </TextLine>
               <TextLine ID="tl_8"
                         BASELINE="289,856 390,852 632,854 788,842 968,834 1191,830 1298,826"
                         HEIGHT="75"
                         WIDTH="1009"
                         VPOS="788"
                         HPOS="289">
                  <String HEIGHT="75"
                          WIDTH="212"
                          VPOS="788"
                          HPOS="262"
                          CONTENT="duo."/>
                  <SP HEIGHT="75" WIDTH="27" VPOS="788" HPOS="475"/>
                  <String HEIGHT="75"
                          WIDTH="292"
                          VPOS="788"
                          HPOS="395"
                          CONTENT="Primum,"/>
                  <SP HEIGHT="75" WIDTH="27" VPOS="788" HPOS="687"/>
                  <String HEIGHT="75"
                          WIDTH="212"
                          VPOS="788"
                          HPOS="608"
                          CONTENT="quod"/>
                  <SP HEIGHT="75" WIDTH="27" VPOS="788" HPOS="820"/>
                  <String HEIGHT="75"
                          WIDTH="292"
                          VPOS="788"
                          HPOS="740"
                          CONTENT="fruitio"/>
                  <SP HEIGHT="75" WIDTH="27" VPOS="788" HPOS="1032"/>
                  <String HEIGHT="75"
                          WIDTH="319"
                          VPOS="788"
                          HPOS="953"
                          CONTENT="ordinata"/>
                  <SP HEIGHT="75" WIDTH="27" VPOS="788" HPOS="1271"/>
                  <String HEIGHT="75"
                          WIDTH="133"
                          VPOS="788"
                          HPOS="1165"
                          CONTENT="est"/>
               </TextLine>
               <TextLine ID="tl_9"
                         BASELINE="288,924 357,924 476,919 636,916 832,910 1222,906 1297,897"
                         HEIGHT="81"
                         WIDTH="1009"
                         VPOS="856"
                         HPOS="288">
                  <String HEIGHT="81"
                          WIDTH="192"
                          VPOS="856"
                          HPOS="264"
                          CONTENT="illa"/>
                  <SP HEIGHT="81" WIDTH="24" VPOS="856" HPOS="456"/>
                  <String HEIGHT="81"
                          WIDTH="192"
                          VPOS="856"
                          HPOS="384"
                          CONTENT="quae"/>
                  <SP HEIGHT="81" WIDTH="24" VPOS="856" HPOS="576"/>
                  <String HEIGHT="81"
                          WIDTH="216"
                          VPOS="856"
                          HPOS="504"
                          CONTENT="habet"/>
                  <SP HEIGHT="81" WIDTH="24" VPOS="856" HPOS="720"/>
                  <String HEIGHT="81"
                          WIDTH="264"
                          VPOS="856"
                          HPOS="648"
                          CONTENT="debitas"/>
                  <SP HEIGHT="81" WIDTH="24" VPOS="856" HPOS="913"/>
                  <String HEIGHT="81"
                          WIDTH="456"
                          VPOS="856"
                          HPOS="841"
                          CONTENT="circumstantias,"/>
                  <SP HEIGHT="81" WIDTH="24" VPOS="856" HPOS="1297"/>
                  <String HEIGHT="81" WIDTH="96" VPOS="856" HPOS="1201" CONTENT="de"/>
               </TextLine>
               <TextLine ID="tl_10"
                         BASELINE="291,1013 445,998 791,987 930,982 1120,977 1299,974"
                         HEIGHT="79"
                         WIDTH="1008"
                         VPOS="934"
                         HPOS="291">
                  <String HEIGHT="79"
                          WIDTH="234"
                          VPOS="934"
                          HPOS="268"
                          CONTENT="quibus"/>
                  <SP HEIGHT="79" WIDTH="23" VPOS="934" HPOS="502"/>
                  <String HEIGHT="79"
                          WIDTH="422"
                          VPOS="934"
                          HPOS="432"
                          CONTENT="circumstantiis"/>
                  <SP HEIGHT="79" WIDTH="23" VPOS="934" HPOS="854"/>
                  <String HEIGHT="79"
                          WIDTH="211"
                          VPOS="934"
                          HPOS="783"
                          CONTENT="actus"/>
                  <SP HEIGHT="79" WIDTH="23" VPOS="934" HPOS="994"/>
                  <String HEIGHT="79"
                          WIDTH="258"
                          VPOS="934"
                          HPOS="924"
                          CONTENT="moralis"/>
                  <SP HEIGHT="79" WIDTH="23" VPOS="934" HPOS="1182"/>
                  <String HEIGHT="79"
                          WIDTH="211"
                          VPOS="934"
                          HPOS="1088"
                          CONTENT="diffuse"/>
               </TextLine>
               <TextLine ID="tl_11"
                         BASELINE="291,1089 411,1075 452,1075 675,1068 769,1064 874,1063 928,1059 1035,1057 1073,1054 1147,1054 1227,1052 1301,1048"
                         HEIGHT="78"
                         WIDTH="1010"
                         VPOS="1011"
                         HPOS="291">
                  <String HEIGHT="78"
                          WIDTH="211"
                          VPOS="1011"
                          HPOS="268"
                          CONTENT="patet"/>
                  <SP HEIGHT="78" WIDTH="23" VPOS="1011" HPOS="479"/>
                  <String HEIGHT="78" WIDTH="117" VPOS="1011" HPOS="408" CONTENT="a"/>
                  <SP HEIGHT="78" WIDTH="23" VPOS="1011" HPOS="526"/>
                  <String HEIGHT="78"
                          WIDTH="258"
                          VPOS="1011"
                          HPOS="455"
                          CONTENT="Doctore"/>
                  <SP HEIGHT="78" WIDTH="23" VPOS="1011" HPOS="714"/>
                  <String HEIGHT="78"
                          WIDTH="211"
                          VPOS="1011"
                          HPOS="643"
                          CONTENT="infra"/>
                  <SP HEIGHT="78" WIDTH="23" VPOS="1011" HPOS="855"/>
                  <String HEIGHT="78" WIDTH="141" VPOS="1011" HPOS="784" CONTENT="d."/>
                  <SP HEIGHT="78" WIDTH="23" VPOS="1011" HPOS="925"/>
                  <String HEIGHT="78"
                          WIDTH="164"
                          VPOS="1011"
                          HPOS="855"
                          CONTENT="17."/>
                  <SP HEIGHT="78" WIDTH="23" VPOS="1011" HPOS="1019"/>
                  <String HEIGHT="78" WIDTH="141" VPOS="1011" HPOS="949" CONTENT="et"/>
                  <SP HEIGHT="78" WIDTH="23" VPOS="1011" HPOS="1090"/>
                  <String HEIGHT="78"
                          WIDTH="141"
                          VPOS="1011"
                          HPOS="1019"
                          CONTENT="in"/>
                  <SP HEIGHT="78" WIDTH="23" VPOS="1011" HPOS="1160"/>
                  <String HEIGHT="78"
                          WIDTH="141"
                          VPOS="1011"
                          HPOS="1090"
                          CONTENT="2."/>
                  <SP HEIGHT="78" WIDTH="23" VPOS="1011" HPOS="1231"/>
                  <String HEIGHT="78"
                          WIDTH="141"
                          VPOS="1011"
                          HPOS="1160"
                          CONTENT="d."/>
                  <SP HEIGHT="78" WIDTH="23" VPOS="1011" HPOS="1301"/>
                  <String HEIGHT="78" WIDTH="94" VPOS="1011" HPOS="1207" CONTENT="7."/>
               </TextLine>
               <TextLine ID="tl_12"
                         BASELINE="293,1152 336,1153 378,1151 487,1147 563,1145 740,1139 799,1149 1013,1132 1303,1125"
                         HEIGHT="74"
                         WIDTH="1010"
                         VPOS="1086"
                         HPOS="293">
                  <String HEIGHT="74" WIDTH="148" VPOS="1086" HPOS="268" CONTENT="et"/>
                  <SP HEIGHT="74" WIDTH="25" VPOS="1086" HPOS="416"/>
                  <String HEIGHT="74"
                          WIDTH="172"
                          VPOS="1086"
                          HPOS="342"
                          CONTENT="40."/>
                  <SP HEIGHT="74" WIDTH="25" VPOS="1086" HPOS="515"/>
                  <String HEIGHT="74" WIDTH="148" VPOS="1086" HPOS="441" CONTENT="et"/>
                  <SP HEIGHT="74" WIDTH="25" VPOS="1086" HPOS="589"/>
                  <String HEIGHT="74" WIDTH="148" VPOS="1086" HPOS="515" CONTENT="in"/>
                  <SP HEIGHT="74" WIDTH="25" VPOS="1086" HPOS="663"/>
                  <String HEIGHT="74"
                          WIDTH="271"
                          VPOS="1086"
                          HPOS="589"
                          CONTENT="quolib."/>
                  <SP HEIGHT="74" WIDTH="25" VPOS="1086" HPOS="860"/>
                  <String HEIGHT="74"
                          WIDTH="271"
                          VPOS="1086"
                          HPOS="786"
                          CONTENT="queest."/>
                  <SP HEIGHT="74" WIDTH="25" VPOS="1086" HPOS="1057"/>
                  <String HEIGHT="74"
                          WIDTH="172"
                          VPOS="1086"
                          HPOS="983"
                          CONTENT="18."/>
                  <SP HEIGHT="74" WIDTH="25" VPOS="1086" HPOS="1155"/>
                  <String HEIGHT="74"
                          WIDTH="246"
                          VPOS="1086"
                          HPOS="1057"
                          CONTENT="Secundum"/>
               </TextLine>
               <TextLine ID="tl_13"
                         BASELINE="292,1228 372,1234 541,1223 728,1216 810,1214 1066,1208 1184,1212 1304,1202"
                         HEIGHT="74"
                         WIDTH="1012"
                         VPOS="1165"
                         HPOS="292">
                  <String HEIGHT="74"
                          WIDTH="213"
                          VPOS="1165"
                          HPOS="265"
                          CONTENT="est,"/>
                  <SP HEIGHT="74" WIDTH="27" VPOS="1165" HPOS="478"/>
                  <String HEIGHT="74"
                          WIDTH="213"
                          VPOS="1165"
                          HPOS="399"
                          CONTENT="quod"/>
                  <SP HEIGHT="74" WIDTH="27" VPOS="1165" HPOS="612"/>
                  <String HEIGHT="74"
                          WIDTH="293"
                          VPOS="1165"
                          HPOS="532"
                          CONTENT="fruitio"/>
                  <SP HEIGHT="74" WIDTH="27" VPOS="1165" HPOS="825"/>
                  <String HEIGHT="74" WIDTH="160" VPOS="1165" HPOS="745" CONTENT="in"/>
                  <SP HEIGHT="74" WIDTH="27" VPOS="1165" HPOS="905"/>
                  <String HEIGHT="74"
                          WIDTH="293"
                          VPOS="1165"
                          HPOS="825"
                          CONTENT="communi"/>
                  <SP HEIGHT="74" WIDTH="27" VPOS="1165" HPOS="1118"/>
                  <String HEIGHT="74"
                          WIDTH="213"
                          VPOS="1165"
                          HPOS="1038"
                          CONTENT="est,"/>
                  <SP HEIGHT="74" WIDTH="27" VPOS="1165" HPOS="1251"/>
                  <String HEIGHT="74"
                          WIDTH="160"
                          VPOS="1165"
                          HPOS="1144"
                          CONTENT="sive"/>
               </TextLine>
               <TextLine ID="tl_14"
                         BASELINE="291,1303 449,1301 568,1297 938,1288 1060,1285 1196,1282 1306,1278"
                         HEIGHT="65"
                         WIDTH="1015"
                         VPOS="1239"
                         HPOS="291">
                  <String HEIGHT="65"
                          WIDTH="248"
                          VPOS="1239"
                          HPOS="266"
                          CONTENT="habeat"/>
                  <SP HEIGHT="65" WIDTH="25" VPOS="1239" HPOS="514"/>
                  <String HEIGHT="65"
                          WIDTH="223"
                          VPOS="1239"
                          HPOS="440"
                          CONTENT="illas"/>
                  <SP HEIGHT="65" WIDTH="25" VPOS="1239" HPOS="662"/>
                  <String HEIGHT="65"
                          WIDTH="446"
                          VPOS="1239"
                          HPOS="588"
                          CONTENT="circumstantias"/>
                  <SP HEIGHT="65" WIDTH="25" VPOS="1239" HPOS="1034"/>
                  <String HEIGHT="65"
                          WIDTH="198"
                          VPOS="1239"
                          HPOS="959"
                          CONTENT="sive"/>
                  <SP HEIGHT="65" WIDTH="25" VPOS="1239" HPOS="1157"/>
                  <String HEIGHT="65"
                          WIDTH="198"
                          VPOS="1239"
                          HPOS="1083"
                          CONTENT="non."/>
                  <SP HEIGHT="65" WIDTH="25" VPOS="1239" HPOS="1281"/>
                  <String HEIGHT="65"
                          WIDTH="124"
                          VPOS="1239"
                          HPOS="1182"
                          CONTENT="Hic"/>
               </TextLine>
               <TextLine ID="tl_15"
                         BASELINE="291,1381 446,1377 560,1373 792,1376 934,1364 1093,1360 1165,1358 1306,1343"
                         HEIGHT="74"
                         WIDTH="1015"
                         VPOS="1315"
                         HPOS="291">
                  <String HEIGHT="74"
                          WIDTH="236"
                          VPOS="1315"
                          HPOS="267"
                          CONTENT="Doctor"/>
                  <SP HEIGHT="74" WIDTH="24" VPOS="1315" HPOS="503"/>
                  <String HEIGHT="74"
                          WIDTH="165"
                          VPOS="1315"
                          HPOS="433"
                          CONTENT="non"/>
                  <SP HEIGHT="74" WIDTH="24" VPOS="1315" HPOS="598"/>
                  <String HEIGHT="74"
                          WIDTH="354"
                          VPOS="1315"
                          HPOS="527"
                          CONTENT="intelligit,"/>
                  <SP HEIGHT="74" WIDTH="24" VPOS="1315" HPOS="881"/>
                  <String HEIGHT="74"
                          WIDTH="189"
                          VPOS="1315"
                          HPOS="810"
                          CONTENT="quod"/>
                  <SP HEIGHT="74" WIDTH="24" VPOS="1315" HPOS="999"/>
                  <String HEIGHT="74"
                          WIDTH="260"
                          VPOS="1315"
                          HPOS="928"
                          CONTENT="fruitio"/>
                  <SP HEIGHT="74" WIDTH="24" VPOS="1315" HPOS="1188"/>
                  <String HEIGHT="74"
                          WIDTH="142"
                          VPOS="1315"
                          HPOS="1117"
                          CONTENT="in"/>
                  <SP HEIGHT="74" WIDTH="24" VPOS="1315" HPOS="1259"/>
                  <String HEIGHT="74"
                          WIDTH="142"
                          VPOS="1315"
                          HPOS="1164"
                          CONTENT="com¬"
                          SUBS_TYPE="HypPart1"
                          SUBS_CONTENT="communi"/>
                  <HYP CONTENT="-"/>
               </TextLine>
               <TextLine ID="tl_16"
                         BASELINE="293,1459 415,1455 602,1450 761,1446 1052,1447 1118,1436 1308,1431"
                         HEIGHT="69"
                         WIDTH="1016"
                         VPOS="1393"
                         HPOS="293">
                  <String HEIGHT="69"
                          WIDTH="189"
                          VPOS="1393"
                          HPOS="269"
                          CONTENT="muni"
                          SUBS_TYPE="HypPart2"
                          SUBS_CONTENT="communi"/>
                  <SP HEIGHT="69" WIDTH="24" VPOS="1393" HPOS="458"/>
                  <String HEIGHT="69"
                          WIDTH="260"
                          VPOS="1393"
                          HPOS="388"
                          CONTENT="dicatur"/>
                  <SP HEIGHT="69" WIDTH="24" VPOS="1393" HPOS="647"/>
                  <String HEIGHT="69"
                          WIDTH="260"
                          VPOS="1393"
                          HPOS="577"
                          CONTENT="fruitio"/>
                  <SP HEIGHT="69" WIDTH="24" VPOS="1393" HPOS="836"/>
                  <String HEIGHT="69"
                          WIDTH="354"
                          VPOS="1393"
                          HPOS="766"
                          CONTENT="inordinata,"/>
                  <SP HEIGHT="69" WIDTH="24" VPOS="1393" HPOS="1120"/>
                  <String HEIGHT="69"
                          WIDTH="142"
                          VPOS="1393"
                          HPOS="1049"
                          CONTENT="ut"/>
                  <SP HEIGHT="69" WIDTH="24" VPOS="1393" HPOS="1191"/>
                  <String HEIGHT="69"
                          WIDTH="213"
                          VPOS="1393"
                          HPOS="1096"
                          CONTENT="videtur"/>
               </TextLine>
               <TextLine ID="tl_17"
                         BASELINE="296,1538 516,1531 789,1522 1052,1522 1147,1514 1309,1509"
                         HEIGHT="76"
                         WIDTH="1014"
                         VPOS="1470"
                         HPOS="295">
                  <String HEIGHT="76"
                          WIDTH="304"
                          VPOS="1470"
                          HPOS="270"
                          CONTENT="exponere"/>
                  <SP HEIGHT="76" WIDTH="25" VPOS="1470" HPOS="574"/>
                  <String HEIGHT="76"
                          WIDTH="330"
                          VPOS="1470"
                          HPOS="498"
                          CONTENT="Alphonsus"/>
                  <SP HEIGHT="76" WIDTH="25" VPOS="1470" HPOS="827"/>
                  <String HEIGHT="76"
                          WIDTH="355"
                          VPOS="1470"
                          HPOS="751"
                          CONTENT="Toletanus,"/>
                  <SP HEIGHT="76" WIDTH="25" VPOS="1470" HPOS="1106"/>
                  <String HEIGHT="76"
                          WIDTH="177"
                          VPOS="1470"
                          HPOS="1030"
                          CONTENT="qui"/>
                  <SP HEIGHT="76" WIDTH="25" VPOS="1470" HPOS="1208"/>
                  <String HEIGHT="76"
                          WIDTH="203"
                          VPOS="1470"
                          HPOS="1106"
                          CONTENT="arguit"/>
               </TextLine>
               <TextLine ID="tl_18"
                         BASELINE="297,1616 444,1610 704,1602 780,1600 840,1597 1002,1593 1123,1590 1310,1586"
                         HEIGHT="72"
                         WIDTH="1014"
                         VPOS="1547"
                         HPOS="297">
                  <String HEIGHT="72"
                          WIDTH="260"
                          VPOS="1547"
                          HPOS="271"
                          CONTENT="contra"/>
                  <SP HEIGHT="72" WIDTH="26" VPOS="1547" HPOS="531"/>
                  <String HEIGHT="72"
                          WIDTH="312"
                          VPOS="1547"
                          HPOS="453"
                          CONTENT="Doctorem"/>
                  <SP HEIGHT="72" WIDTH="26" VPOS="1547" HPOS="765"/>
                  <String HEIGHT="72" WIDTH="156" VPOS="1547" HPOS="687" CONTENT="d."/>
                  <SP HEIGHT="72" WIDTH="26" VPOS="1547" HPOS="843"/>
                  <String HEIGHT="72" WIDTH="156" VPOS="1547" HPOS="765" CONTENT="1."/>
                  <SP HEIGHT="72" WIDTH="26" VPOS="1547" HPOS="921"/>
                  <String HEIGHT="72"
                          WIDTH="260"
                          VPOS="1547"
                          HPOS="843"
                          CONTENT="primi."/>
                  <SP HEIGHT="72" WIDTH="26" VPOS="1547" HPOS="1103"/>
                  <String HEIGHT="72"
                          WIDTH="182"
                          VPOS="1547"
                          HPOS="1025"
                          CONTENT="Sed"/>
                  <SP HEIGHT="72" WIDTH="26" VPOS="1547" HPOS="1207"/>
                  <String HEIGHT="72"
                          WIDTH="208"
                          VPOS="1547"
                          HPOS="1103"
                          CONTENT="Doctor"/>
               </TextLine>
               <TextLine ID="tl_19"
                         BASELINE="299,1690 359,1689 611,1689 761,1676 854,1673 976,1669 1312,1662"
                         HEIGHT="77"
                         WIDTH="1014"
                         VPOS="1621"
                         HPOS="298">
                  <String HEIGHT="77"
                          WIDTH="177"
                          VPOS="1621"
                          HPOS="273"
                          CONTENT="sic"/>
                  <SP HEIGHT="77" WIDTH="25" VPOS="1621" HPOS="450"/>
                  <String HEIGHT="77"
                          WIDTH="380"
                          VPOS="1621"
                          HPOS="374"
                          CONTENT="intelligit,"/>
                  <SP HEIGHT="77" WIDTH="25" VPOS="1621" HPOS="754"/>
                  <String HEIGHT="77"
                          WIDTH="203"
                          VPOS="1621"
                          HPOS="678"
                          CONTENT="quod"/>
                  <SP HEIGHT="77" WIDTH="25" VPOS="1621" HPOS="881"/>
                  <String HEIGHT="77" WIDTH="152" VPOS="1621" HPOS="805" CONTENT="ex"/>
                  <SP HEIGHT="77" WIDTH="25" VPOS="1621" HPOS="957"/>
                  <String HEIGHT="77"
                          WIDTH="177"
                          VPOS="1621"
                          HPOS="881"
                          CONTENT="quo"/>
                  <SP HEIGHT="77" WIDTH="25" VPOS="1621" HPOS="1059"/>
                  <String HEIGHT="77"
                          WIDTH="355"
                          VPOS="1621"
                          HPOS="957"
                          CONTENT="determinavit"/>
               </TextLine>
               <TextLine ID="tl_20"
                         BASELINE="300,1765 355,1765 574,1758 792,1750 857,1748 1185,1747 1314,1738"
                         HEIGHT="71"
                         WIDTH="1015"
                         VPOS="1698"
                         HPOS="300">
                  <String HEIGHT="71" WIDTH="145" VPOS="1698" HPOS="276" CONTENT="de"/>
                  <SP HEIGHT="71" WIDTH="24" VPOS="1698" HPOS="421"/>
                  <String HEIGHT="71"
                          WIDTH="314"
                          VPOS="1698"
                          HPOS="348"
                          CONTENT="fruitione"/>
                  <SP HEIGHT="71" WIDTH="24" VPOS="1698" HPOS="663"/>
                  <String HEIGHT="71"
                          WIDTH="290"
                          VPOS="1698"
                          HPOS="590"
                          CONTENT="ordinata"/>
                  <SP HEIGHT="71" WIDTH="24" VPOS="1698" HPOS="880"/>
                  <String HEIGHT="71" WIDTH="145" VPOS="1698" HPOS="808" CONTENT="et"/>
                  <SP HEIGHT="71" WIDTH="24" VPOS="1698" HPOS="953"/>
                  <String HEIGHT="71"
                          WIDTH="387"
                          VPOS="1698"
                          HPOS="880"
                          CONTENT="determinata,"/>
                  <SP HEIGHT="71" WIDTH="24" VPOS="1698" HPOS="1267"/>
                  <String HEIGHT="71"
                          WIDTH="145"
                          VPOS="1698"
                          HPOS="1170"
                          CONTENT="quae"/>
               </TextLine>
               <TextLine ID="tl_21"
                         BASELINE="300,1843 430,1839 625,1832 1012,1828 1117,1818 1315,1814"
                         HEIGHT="69"
                         WIDTH="1016"
                         VPOS="1774"
                         HPOS="299">
                  <String HEIGHT="69"
                          WIDTH="218"
                          VPOS="1774"
                          HPOS="275"
                          CONTENT="habet"/>
                  <SP HEIGHT="69" WIDTH="24" VPOS="1774" HPOS="493"/>
                  <String HEIGHT="69"
                          WIDTH="266"
                          VPOS="1774"
                          HPOS="420"
                          CONTENT="debitas"/>
                  <SP HEIGHT="69" WIDTH="24" VPOS="1774" HPOS="686"/>
                  <String HEIGHT="69"
                          WIDTH="460"
                          VPOS="1774"
                          HPOS="613"
                          CONTENT="circumstantias,"/>
                  <SP HEIGHT="69" WIDTH="24" VPOS="1774" HPOS="1073"/>
                  <String HEIGHT="69"
                          WIDTH="194"
                          VPOS="1774"
                          HPOS="1001"
                          CONTENT="illa"/>
                  <SP HEIGHT="69" WIDTH="24" VPOS="1774" HPOS="1194"/>
                  <String HEIGHT="69"
                          WIDTH="218"
                          VPOS="1774"
                          HPOS="1097"
                          CONTENT="dicatur"/>
               </TextLine>
               <TextLine ID="tl_22"
                         BASELINE="303,1921 589,1911 796,1913 906,1902 1095,1897 1200,1895 1315,1892"
                         HEIGHT="71"
                         WIDTH="1012"
                         VPOS="1854"
                         HPOS="303">
                  <String HEIGHT="71"
                          WIDTH="363"
                          VPOS="1854"
                          HPOS="277"
                          CONTENT="communiter"/>
                  <SP HEIGHT="71" WIDTH="26" VPOS="1854" HPOS="640"/>
                  <String HEIGHT="71"
                          WIDTH="285"
                          VPOS="1854"
                          HPOS="562"
                          CONTENT="sumpta,"/>
                  <SP HEIGHT="71" WIDTH="26" VPOS="1854" HPOS="848"/>
                  <String HEIGHT="71"
                          WIDTH="208"
                          VPOS="1854"
                          HPOS="770"
                          CONTENT="sive"/>
                  <SP HEIGHT="71" WIDTH="26" VPOS="1854" HPOS="978"/>
                  <String HEIGHT="71"
                          WIDTH="259"
                          VPOS="1854"
                          HPOS="900"
                          CONTENT="habeat"/>
                  <SP HEIGHT="71" WIDTH="26" VPOS="1854" HPOS="1159"/>
                  <String HEIGHT="71"
                          WIDTH="208"
                          VPOS="1854"
                          HPOS="1081"
                          CONTENT="sive"/>
                  <SP HEIGHT="71" WIDTH="26" VPOS="1854" HPOS="1289"/>
                  <String HEIGHT="71"
                          WIDTH="130"
                          VPOS="1854"
                          HPOS="1185"
                          CONTENT="non"/>
               </TextLine>
               <TextLine ID="tl_23"
                         BASELINE="300,1996 474,1999 547,1988 663,1985 851,1979 890,1979 1010,1975 1129,1971 1319,1967"
                         HEIGHT="72"
                         WIDTH="1019"
                         VPOS="1930"
                         HPOS="300">
                  <String HEIGHT="72"
                          WIDTH="280"
                          VPOS="1930"
                          HPOS="275"
                          CONTENT="habeat,"/>
                  <SP HEIGHT="72" WIDTH="25" VPOS="1930" HPOS="555"/>
                  <String HEIGHT="72" WIDTH="153" VPOS="1930" HPOS="478" CONTENT="et"/>
                  <SP HEIGHT="72" WIDTH="25" VPOS="1930" HPOS="631"/>
                  <String HEIGHT="72"
                          WIDTH="178"
                          VPOS="1930"
                          HPOS="555"
                          CONTENT="non"/>
                  <SP HEIGHT="72" WIDTH="25" VPOS="1930" HPOS="733"/>
                  <String HEIGHT="72"
                          WIDTH="280"
                          VPOS="1930"
                          HPOS="657"
                          CONTENT="accipit"/>
                  <SP HEIGHT="72" WIDTH="25" VPOS="1930" HPOS="937"/>
                  <String HEIGHT="72"
                          WIDTH="178"
                          VPOS="1930"
                          HPOS="860"
                          CONTENT="ibi"/>
                  <SP HEIGHT="72" WIDTH="25" VPOS="1930" HPOS="1039"/>
                  <String HEIGHT="72" WIDTH="153" VPOS="1930" HPOS="962" CONTENT="in"/>
                  <SP HEIGHT="72" WIDTH="25" VPOS="1930" HPOS="1115"/>
                  <String HEIGHT="72"
                          WIDTH="280"
                          VPOS="1930"
                          HPOS="1039"
                          CONTENT="communi"/>
                  <SP HEIGHT="72" WIDTH="25" VPOS="1930" HPOS="1319"/>
                  <String HEIGHT="72"
                          WIDTH="102"
                          VPOS="1930"
                          HPOS="1217"
                          CONTENT="ut"/>
               </TextLine>
               <TextLine ID="tl_24"
                         BASELINE="304,2072 497,2066 782,2057 905,2054 1216,2044 1318,2042"
                         HEIGHT="77"
                         WIDTH="1014"
                         VPOS="2003"
                         HPOS="304">
                  <String HEIGHT="77"
                          WIDTH="320"
                          VPOS="2003"
                          HPOS="277"
                          CONTENT="declarat"/>
                  <SP HEIGHT="77" WIDTH="27" VPOS="2003" HPOS="598"/>
                  <String HEIGHT="77"
                          WIDTH="347"
                          VPOS="2003"
                          HPOS="517"
                          CONTENT="Alphonsus"/>
                  <SP HEIGHT="77" WIDTH="27" VPOS="2003" HPOS="864"/>
                  <String HEIGHT="77"
                          WIDTH="187"
                          VPOS="2003"
                          HPOS="784"
                          CONTENT="pro"/>
                  <SP HEIGHT="77" WIDTH="27" VPOS="2003" HPOS="971"/>
                  <String HEIGHT="77"
                          WIDTH="427"
                          VPOS="2003"
                          HPOS="891"
                          CONTENT="indifferenti"/>
                  <SP HEIGHT="77" WIDTH="27" VPOS="2003" HPOS="1318"/>
                  <String HEIGHT="77"
                          WIDTH="107"
                          VPOS="2003"
                          HPOS="1211"
                          CONTENT="ad"/>
               </TextLine>
               <TextLine ID="tl_25"
                         BASELINE="305,2147 587,2138 682,2136 990,2135 1076,2124 1320,2119"
                         HEIGHT="65"
                         WIDTH="1015"
                         VPOS="2083"
                         HPOS="305">
                  <String HEIGHT="65"
                          WIDTH="411"
                          VPOS="2083"
                          HPOS="278"
                          CONTENT="inordinatam"/>
                  <SP HEIGHT="65" WIDTH="27" VPOS="2083" HPOS="689"/>
                  <String HEIGHT="65" WIDTH="165" VPOS="2083" HPOS="607" CONTENT="et"/>
                  <SP HEIGHT="65" WIDTH="27" VPOS="2083" HPOS="771"/>
                  <String HEIGHT="65"
                          WIDTH="384"
                          VPOS="2083"
                          HPOS="689"
                          CONTENT="ordinatam;"/>
                  <SP HEIGHT="65" WIDTH="27" VPOS="2083" HPOS="1073"/>
                  <String HEIGHT="65" WIDTH="165" VPOS="2083" HPOS="991" CONTENT="et"/>
                  <SP HEIGHT="65" WIDTH="27" VPOS="2083" HPOS="1155"/>
                  <String HEIGHT="65"
                          WIDTH="274"
                          VPOS="2083"
                          HPOS="1046"
                          CONTENT="Dootores"/>
               </TextLine>
               <TextLine ID="tl_26"
                         BASELINE="305,2223 525,2217 751,2210 875,2207 1047,2203 1318,2201"
                         HEIGHT="72"
                         WIDTH="1013"
                         VPOS="2156"
                         HPOS="305">
                  <String HEIGHT="72"
                          WIDTH="356"
                          VPOS="2156"
                          HPOS="278"
                          CONTENT="multoties"/>
                  <SP HEIGHT="72" WIDTH="27" VPOS="2156" HPOS="634"/>
                  <String HEIGHT="72"
                          WIDTH="301"
                          VPOS="2156"
                          HPOS="551"
                          CONTENT="utuntur"/>
                  <SP HEIGHT="72" WIDTH="27" VPOS="2156" HPOS="853"/>
                  <String HEIGHT="72"
                          WIDTH="219"
                          VPOS="2156"
                          HPOS="770"
                          CONTENT="isto"/>
                  <SP HEIGHT="72" WIDTH="27" VPOS="2156" HPOS="989"/>
                  <String HEIGHT="72"
                          WIDTH="219"
                          VPOS="2156"
                          HPOS="907"
                          CONTENT="modo"/>
                  <SP HEIGHT="72" WIDTH="27" VPOS="2156" HPOS="1126"/>
                  <String HEIGHT="72"
                          WIDTH="301"
                          VPOS="2156"
                          HPOS="1017"
                          CONTENT="loquendi,"/>
               </TextLine>
               <TextLine ID="tl_27"
                         BASELINE="310,2313 395,2299 574,2293 661,2290 827,2285"
                         HEIGHT="66"
                         WIDTH="518"
                         VPOS="2247"
                         HPOS="310">
                  <String HEIGHT="66"
                          WIDTH="165"
                          VPOS="2247"
                          HPOS="286"
                          CONTENT="quo"/>
                  <SP HEIGHT="66" WIDTH="24" VPOS="2247" HPOS="451"/>
                  <String HEIGHT="66"
                          WIDTH="235"
                          VPOS="2247"
                          HPOS="381"
                          CONTENT="Doctor"/>
                  <SP HEIGHT="66" WIDTH="24" VPOS="2247" HPOS="616"/>
                  <String HEIGHT="66"
                          WIDTH="165"
                          VPOS="2247"
                          HPOS="545"
                          CONTENT="hic"/>
                  <SP HEIGHT="66" WIDTH="24" VPOS="2247" HPOS="710"/>
                  <String HEIGHT="66"
                          WIDTH="212"
                          VPOS="2247"
                          HPOS="616"
                          CONTENT="utitur."/>
               </TextLine>
               <TextLine ID="tl_28"
                         BASELINE="686,2416 949,2409"
                         HEIGHT="44"
                         WIDTH="263"
                         VPOS="2372"
                         HPOS="686">
                  <String HEIGHT="44"
                          WIDTH="321"
                          VPOS="2372"
                          HPOS="628"
                          CONTENT="SGHOLIUM."/>
               </TextLine>
               <TextLine ID="tl_29"
                         BASELINE="362,2533 476,2530 725,2521 991,2512 1327,2504"
                         HEIGHT="71"
                         WIDTH="966"
                         VPOS="2469"
                         HPOS="361">
                  <String HEIGHT="71"
                          WIDTH="212"
                          VPOS="2469"
                          HPOS="337"
                          CONTENT="Ponit"/>
                  <SP HEIGHT="71" WIDTH="24" VPOS="2469" HPOS="549"/>
                  <String HEIGHT="71"
                          WIDTH="306"
                          VPOS="2469"
                          HPOS="479"
                          CONTENT="opinionem"/>
                  <SP HEIGHT="71" WIDTH="24" VPOS="2469" HPOS="785"/>
                  <String HEIGHT="71"
                          WIDTH="330"
                          VPOS="2469"
                          HPOS="714"
                          CONTENT="Avicennse:"/>
                  <SP HEIGHT="71" WIDTH="24" VPOS="2469" HPOS="1044"/>
                  <String HEIGHT="71"
                          WIDTH="377"
                          VPOS="2469"
                          HPOS="950"
                          CONTENT="Intelligentiam"/>
               </TextLine>
               <TextLine ID="tl_30"
                         BASELINE="314,2608 373,2597 467,2602 696,2594 796,2584 970,2587 1095,2575 1330,2570"
                         HEIGHT="74"
                         WIDTH="1017"
                         VPOS="2534"
                         HPOS="314">
                  <String HEIGHT="74"
                          WIDTH="170"
                          VPOS="2534"
                          HPOS="290"
                          CONTENT="(id"/>
                  <SP HEIGHT="74" WIDTH="24" VPOS="2534" HPOS="459"/>
                  <String HEIGHT="74"
                          WIDTH="194"
                          VPOS="2534"
                          HPOS="387"
                          CONTENT="est,"/>
                  <SP HEIGHT="74" WIDTH="24" VPOS="2534" HPOS="580"/>
                  <String HEIGHT="74"
                          WIDTH="315"
                          VPOS="2534"
                          HPOS="508"
                          CONTENT="spiritum,"/>
                  <SP HEIGHT="74" WIDTH="24" VPOS="2534" HPOS="823"/>
                  <String HEIGHT="74"
                          WIDTH="170"
                          VPOS="2534"
                          HPOS="750"
                          CONTENT="non"/>
                  <SP HEIGHT="74" WIDTH="24" VPOS="2534" HPOS="919"/>
                  <String HEIGHT="74"
                          WIDTH="218"
                          VPOS="2534"
                          HPOS="847"
                          CONTENT="Deum)"/>
                  <SP HEIGHT="74" WIDTH="24" VPOS="2534" HPOS="1065"/>
                  <String HEIGHT="74"
                          WIDTH="194"
                          VPOS="2534"
                          HPOS="992"
                          CONTENT="esse"/>
                  <SP HEIGHT="74" WIDTH="24" VPOS="2534" HPOS="1186"/>
                  <String HEIGHT="74"
                          WIDTH="242"
                          VPOS="2534"
                          HPOS="1089"
                          CONTENT="objectum"/>
               </TextLine>
               <TextLine ID="tl_31"
                         BASELINE="316,2662 528,2656 686,2661 857,2647 1057,2642 1332,2635"
                         HEIGHT="70"
                         WIDTH="1017"
                         VPOS="2598"
                         HPOS="316">
                  <String HEIGHT="70"
                          WIDTH="339"
                          VPOS="2598"
                          HPOS="292"
                          CONTENT="fruitionis"/>
                  <SP HEIGHT="70" WIDTH="24" VPOS="2598" HPOS="631"/>
                  <String HEIGHT="70"
                          WIDTH="242"
                          VPOS="2598"
                          HPOS="558"
                          CONTENT="bonae,"/>
                  <SP HEIGHT="70" WIDTH="24" VPOS="2598" HPOS="800"/>
                  <String HEIGHT="70"
                          WIDTH="194"
                          VPOS="2598"
                          HPOS="728"
                          CONTENT="quam"/>
                  <SP HEIGHT="70" WIDTH="24" VPOS="2598" HPOS="921"/>
                  <String HEIGHT="70"
                          WIDTH="266"
                          VPOS="2598"
                          HPOS="849"
                          CONTENT="refutat"/>
                  <SP HEIGHT="70" WIDTH="24" VPOS="2598" HPOS="1115"/>
                  <String HEIGHT="70"
                          WIDTH="315"
                          VPOS="2598"
                          HPOS="1018"
                          CONTENT="efficaciter"/>
               </TextLine>
               <TextLine ID="tl_32"
                         BASELINE="322,2736 497,2721 778,2713 898,2709 1081,2704 1334,2698"
                         HEIGHT="71"
                         WIDTH="1013"
                         VPOS="2665"
                         HPOS="321">
                  <String HEIGHT="71"
                          WIDTH="279"
                          VPOS="2665"
                          HPOS="296"
                          CONTENT="quatuor"/>
                  <SP HEIGHT="71" WIDTH="25" VPOS="2665" HPOS="574"/>
                  <String HEIGHT="71"
                          WIDTH="380"
                          VPOS="2665"
                          HPOS="498"
                          CONTENT="rationibus."/>
                  <SP HEIGHT="71" WIDTH="25" VPOS="2665" HPOS="878"/>
                  <String HEIGHT="71"
                          WIDTH="203"
                          VPOS="2665"
                          HPOS="802"
                          CONTENT="Tres"/>
                  <SP HEIGHT="71" WIDTH="25" VPOS="2665" HPOS="1005"/>
                  <String HEIGHT="71"
                          WIDTH="253"
                          VPOS="2665"
                          HPOS="929"
                          CONTENT="primae"/>
                  <SP HEIGHT="71" WIDTH="25" VPOS="2665" HPOS="1182"/>
                  <String HEIGHT="71"
                          WIDTH="253"
                          VPOS="2665"
                          HPOS="1081"
                          CONTENT="sumuntur"/>
               </TextLine>
               <TextLine ID="tl_33"
                         BASELINE="321,2791 370,2792 696,2780 826,2776 991,2771 1086,2768 1244,2773 1334,2762"
                         HEIGHT="65"
                         WIDTH="1013"
                         VPOS="2727"
                         HPOS="321">
                  <String HEIGHT="65" WIDTH="138" VPOS="2727" HPOS="298" CONTENT="ab"/>
                  <SP HEIGHT="65" WIDTH="23" VPOS="2727" HPOS="436"/>
                  <String HEIGHT="65"
                          WIDTH="414"
                          VPOS="2727"
                          HPOS="367"
                          CONTENT="insufficientia"/>
                  <SP HEIGHT="65" WIDTH="23" VPOS="2727" HPOS="781"/>
                  <String HEIGHT="65"
                          WIDTH="184"
                          VPOS="2727"
                          HPOS="712"
                          CONTENT="boni"/>
                  <SP HEIGHT="65" WIDTH="23" VPOS="2727" HPOS="897"/>
                  <String HEIGHT="65"
                          WIDTH="230"
                          VPOS="2727"
                          HPOS="828"
                          CONTENT="creati"/>
                  <SP HEIGHT="65" WIDTH="23" VPOS="2727" HPOS="1058"/>
                  <String HEIGHT="65"
                          WIDTH="161"
                          VPOS="2727"
                          HPOS="989"
                          CONTENT="vel"/>
                  <SP HEIGHT="65" WIDTH="23" VPOS="2727" HPOS="1150"/>
                  <String HEIGHT="65"
                          WIDTH="253"
                          VPOS="2727"
                          HPOS="1081"
                          CONTENT="finiti,"/>
                  <SP HEIGHT="65" WIDTH="23" VPOS="2727" HPOS="1334"/>
                  <String HEIGHT="65" WIDTH="92" VPOS="2727" HPOS="1242" CONTENT="ad"/>
               </TextLine>
               <TextLine ID="tl_34"
                         BASELINE="323,2856 551,2849 813,2841 1069,2833 1331,2837"
                         HEIGHT="71"
                         WIDTH="1008"
                         VPOS="2793"
                         HPOS="323">
                  <String HEIGHT="71"
                          WIDTH="336"
                          VPOS="2793"
                          HPOS="297"
                          CONTENT="satiandam"/>
                  <SP HEIGHT="71" WIDTH="26" VPOS="2793" HPOS="633"/>
                  <String HEIGHT="71"
                          WIDTH="336"
                          VPOS="2793"
                          HPOS="556"
                          CONTENT="potentiam"/>
                  <SP HEIGHT="71" WIDTH="26" VPOS="2793" HPOS="892"/>
                  <String HEIGHT="71"
                          WIDTH="362"
                          VPOS="2793"
                          HPOS="814"
                          CONTENT="fruitionis"/>
                  <SP HEIGHT="71" WIDTH="26" VPOS="2793" HPOS="1176"/>
                  <String HEIGHT="71"
                          WIDTH="258"
                          VPOS="2793"
                          HPOS="1073"
                          CONTENT="capacem;"/>
               </TextLine>
               <TextLine ID="tl_35"
                         BASELINE="325,2934 469,2920 602,2916 833,2909 1084,2900 1154,2899 1336,2884"
                         HEIGHT="76"
                         WIDTH="1013"
                         VPOS="2858"
                         HPOS="324">
                  <String HEIGHT="76"
                          WIDTH="241"
                          VPOS="2858"
                          HPOS="300"
                          CONTENT="quarta"/>
                  <SP HEIGHT="76" WIDTH="24" VPOS="2858" HPOS="541"/>
                  <String HEIGHT="76"
                          WIDTH="217"
                          VPOS="2858"
                          HPOS="469"
                          CONTENT="ducit"/>
                  <SP HEIGHT="76" WIDTH="24" VPOS="2858" HPOS="686"/>
                  <String HEIGHT="76"
                          WIDTH="289"
                          VPOS="2858"
                          HPOS="613"
                          CONTENT="rationem"/>
                  <SP HEIGHT="76" WIDTH="24" VPOS="2858" HPOS="903"/>
                  <String HEIGHT="76"
                          WIDTH="314"
                          VPOS="2858"
                          HPOS="831"
                          CONTENT="Avicennse"/>
                  <SP HEIGHT="76" WIDTH="24" VPOS="2858" HPOS="1144"/>
                  <String HEIGHT="76"
                          WIDTH="145"
                          VPOS="2858"
                          HPOS="1072"
                          CONTENT="ad"/>
                  <SP HEIGHT="76" WIDTH="24" VPOS="2858" HPOS="1216"/>
                  <String HEIGHT="76"
                          WIDTH="217"
                          VPOS="2858"
                          HPOS="1120"
                          CONTENT="opposi¬"/>
               </TextLine>
               <TextLine ID="tl_36"
                         BASELINE="323,2989 427,2985"
                         HEIGHT="36"
                         WIDTH="104"
                         VPOS="2953"
                         HPOS="323">
                  <String HEIGHT="36"
                          WIDTH="156"
                          VPOS="2953"
                          HPOS="271"
                          CONTENT="tum."/>
               </TextLine>
               <TextLine ID="tl_37"
                         BASELINE="387,3099 651,3085 757,3093 845,3078 1168,3067 1340,3048"
                         HEIGHT="84"
                         WIDTH="954"
                         VPOS="3016"
                         HPOS="386">
                  <String HEIGHT="84"
                          WIDTH="362"
                          VPOS="3016"
                          HPOS="353"
                          CONTENT="Quantum"/>
                  <SP HEIGHT="84" WIDTH="33" VPOS="3016" HPOS="715"/>
                  <String HEIGHT="84"
                          WIDTH="230"
                          VPOS="3016"
                          HPOS="616"
                          CONTENT="(a)"/>
                  <SP HEIGHT="84" WIDTH="33" VPOS="3016" HPOS="847"/>
                  <String HEIGHT="84" WIDTH="197" VPOS="3016" HPOS="748" CONTENT="ad"/>
                  <SP HEIGHT="84" WIDTH="33" VPOS="3016" HPOS="945"/>
                  <String HEIGHT="84"
                          WIDTH="395"
                          VPOS="3016"
                          HPOS="847"
                          CONTENT="secundum"/>
                  <SP HEIGHT="84" WIDTH="33" VPOS="3016" HPOS="1241"/>
                  <String HEIGHT="84"
                          WIDTH="230"
                          VPOS="3016"
                          HPOS="1110"
                          CONTENT="vide-"
                          SUBS_TYPE="HypPart1"
                          SUBS_CONTENT="videz."/>
                  <HYP CONTENT="-"/>
               </TextLine>
               <TextLine ID="line_1615898657350_40"
                         BASELINE="310,3178 420,3169 586,3163 826,3157 1163,3145 1343,3138"
                         HEIGHT="94"
                         WIDTH="1035"
                         VPOS="3093"
                         HPOS="308">
                  <String HEIGHT="94"
                          WIDTH="188"
                          VPOS="3093"
                          HPOS="277"
                          CONTENT="z."
                          SUBS_TYPE="HypPart2"
                          SUBS_CONTENT="videz."/>
                  <SP HEIGHT="94" WIDTH="31" VPOS="3093" HPOS="465"/>
                  <String HEIGHT="94"
                          WIDTH="220"
                          VPOS="3093"
                          HPOS="371"
                          CONTENT="tur"/>
                  <SP HEIGHT="94" WIDTH="31" VPOS="3093" HPOS="590"/>
                  <String HEIGHT="94"
                          WIDTH="251"
                          VPOS="3093"
                          HPOS="496"
                          CONTENT="esse"/>
                  <SP HEIGHT="94" WIDTH="31" VPOS="3093" HPOS="747"/>
                  <String HEIGHT="94"
                          WIDTH="314"
                          VPOS="3093"
                          HPOS="653"
                          CONTENT="opinio"/>
                  <SP HEIGHT="94" WIDTH="31" VPOS="3093" HPOS="967"/>
                  <String HEIGHT="94"
                          WIDTH="408"
                          VPOS="3093"
                          HPOS="873"
                          CONTENT="Avicennse"/>
                  <SP HEIGHT="94" WIDTH="31" VPOS="3093" HPOS="1280"/>
                  <String HEIGHT="94"
                          WIDTH="188"
                          VPOS="3093"
                          HPOS="1155"
                          CONTENT="quod"/>
               </TextLine>
               <TextLine ID="line_1615898657352_42"
                         BASELINE="311,3270 577,3241 802,3233 1020,3227 1174,3221 1346,3215"
                         HEIGHT="104"
                         WIDTH="1038"
                         VPOS="3170"
                         HPOS="309">
                  <String HEIGHT="104"
                          WIDTH="253"
                          VPOS="3170"
                          HPOS="284"
                          CONTENT="Av?S»."/>
                  <SP HEIGHT="104" WIDTH="25" VPOS="3170" HPOS="537"/>
                  <String HEIGHT="104"
                          WIDTH="304"
                          VPOS="3170"
                          HPOS="461"
                          CONTENT="ordinata"/>
                  <SP HEIGHT="104" WIDTH="25" VPOS="3170" HPOS="765"/>
                  <String HEIGHT="104"
                          WIDTH="278"
                          VPOS="3170"
                          HPOS="689"
                          CONTENT="fruitio"/>
                  <SP HEIGHT="104" WIDTH="25" VPOS="3170" HPOS="967"/>
                  <String HEIGHT="104"
                          WIDTH="253"
                          VPOS="3170"
                          HPOS="891"
                          CONTENT="potest"/>
                  <SP HEIGHT="104" WIDTH="25" VPOS="3170" HPOS="1144"/>
                  <String HEIGHT="104"
                          WIDTH="203"
                          VPOS="3170"
                          HPOS="1069"
                          CONTENT="esse"/>
                  <SP HEIGHT="104" WIDTH="25" VPOS="3170" HPOS="1271"/>
                  <String HEIGHT="104"
                          WIDTH="177"
                          VPOS="3170"
                          HPOS="1170"
                          CONTENT="circa"/>
               </TextLine>
               <TextLine ID="tl_40"
                         BASELINE="332,3325 475,3321 526,3319 654,3313 888,3312 1055,3301 1348,3291"
                         HEIGHT="82"
                         WIDTH="1016"
                         VPOS="3247"
                         HPOS="332">
                  <String HEIGHT="82"
                          WIDTH="269"
                          VPOS="3247"
                          HPOS="302"
                          CONTENT="aliud"/>
                  <SP HEIGHT="82" WIDTH="30" VPOS="3247" HPOS="571"/>
                  <String HEIGHT="82" WIDTH="149" VPOS="3247" HPOS="481" CONTENT="a"/>
                  <SP HEIGHT="82" WIDTH="30" VPOS="3247" HPOS="631"/>
                  <String HEIGHT="82"
                          WIDTH="239"
                          VPOS="3247"
                          HPOS="541"
                          CONTENT="fine"/>
                  <SP HEIGHT="82" WIDTH="30" VPOS="3247" HPOS="780"/>
                  <String HEIGHT="82"
                          WIDTH="329"
                          VPOS="3247"
                          HPOS="691"
                          CONTENT="ultimo,"/>
                  <SP HEIGHT="82" WIDTH="30" VPOS="3247" HPOS="1019"/>
                  <String HEIGHT="82"
                          WIDTH="239"
                          VPOS="3247"
                          HPOS="930"
                          CONTENT="quod"/>
                  <SP HEIGHT="82" WIDTH="30" VPOS="3247" HPOS="1169"/>
                  <String HEIGHT="82"
                          WIDTH="299"
                          VPOS="3247"
                          HPOS="1049"
                          CONTENT="probatur"/>
               </TextLine>
               <TextLine ID="tl_41"
                         BASELINE="339,3402 405,3400 580,3393 723,3389 778,3387 1016,3375 1096,3373 1220,3370 1349,3368"
                         HEIGHT="88"
                         WIDTH="1012"
                         VPOS="3323"
                         HPOS="338">
                  <String HEIGHT="88" WIDTH="164" VPOS="3323" HPOS="311" CONTENT="ex"/>
                  <SP HEIGHT="88" WIDTH="27" VPOS="3323" HPOS="475"/>
                  <String HEIGHT="88"
                          WIDTH="274"
                          VPOS="3323"
                          HPOS="393"
                          CONTENT="dictis"/>
                  <SP HEIGHT="88" WIDTH="27" VPOS="3323" HPOS="666"/>
                  <String HEIGHT="88"
                          WIDTH="219"
                          VPOS="3323"
                          HPOS="584"
                          CONTENT="ejus"/>
                  <SP HEIGHT="88" WIDTH="27" VPOS="3323" HPOS="803"/>
                  <String HEIGHT="88" WIDTH="164" VPOS="3323" HPOS="721" CONTENT="9."/>
                  <SP HEIGHT="88" WIDTH="27" VPOS="3323" HPOS="885"/>
                  <String HEIGHT="88"
                          WIDTH="301"
                          VPOS="3323"
                          HPOS="803"
                          CONTENT="Metaph."/>
                  <SP HEIGHT="88" WIDTH="27" VPOS="3323" HPOS="1104"/>
                  <String HEIGHT="88"
                          WIDTH="219"
                          VPOS="3323"
                          HPOS="1022"
                          CONTENT="cap."/>
                  <SP HEIGHT="88" WIDTH="27" VPOS="3323" HPOS="1241"/>
                  <String HEIGHT="88"
                          WIDTH="164"
                          VPOS="3323"
                          HPOS="1159"
                          CONTENT="4."/>
                  <SP HEIGHT="88" WIDTH="27" VPOS="3323" HPOS="1323"/>
                  <String HEIGHT="88"
                          WIDTH="137"
                          VPOS="3323"
                          HPOS="1213"
                          CONTENT="ubi"/>
               </TextLine>
               <TextLine ID="tl_42"
                         BASELINE="339,3477 468,3480 648,3467 1063,3454 1353,3445"
                         HEIGHT="90"
                         WIDTH="1015"
                         VPOS="3399"
                         HPOS="338">
                  <String HEIGHT="90"
                          WIDTH="277"
                          VPOS="3399"
                          HPOS="307"
                          CONTENT="vult,"/>
                  <SP HEIGHT="90" WIDTH="31" VPOS="3399" HPOS="584"/>
                  <String HEIGHT="90"
                          WIDTH="246"
                          VPOS="3399"
                          HPOS="492"
                          CONTENT="quod"/>
                  <SP HEIGHT="90" WIDTH="31" VPOS="3399" HPOS="738"/>
                  <String HEIGHT="90"
                          WIDTH="523"
                          VPOS="3399"
                          HPOS="646"
                          CONTENT="lntelligentia"/>
                  <SP HEIGHT="90" WIDTH="31" VPOS="3399" HPOS="1168"/>
                  <String HEIGHT="90"
                          WIDTH="308"
                          VPOS="3399"
                          HPOS="1045"
                          CONTENT="superior"/>
               </TextLine>
               <TextLine ID="tl_43"
                         BASELINE="342,3566 437,3549 636,3545 822,3536 1183,3525 1353,3506"
                         HEIGHT="91"
                         WIDTH="1012"
                         VPOS="3475"
                         HPOS="342">
                  <String HEIGHT="91"
                          WIDTH="221"
                          VPOS="3475"
                          HPOS="310"
                          CONTENT="per"/>
                  <SP HEIGHT="91" WIDTH="32" VPOS="3475" HPOS="532"/>
                  <String HEIGHT="91"
                          WIDTH="285"
                          VPOS="3475"
                          HPOS="437"
                          CONTENT="actum"/>
                  <SP HEIGHT="91" WIDTH="32" VPOS="3475" HPOS="722"/>
                  <String HEIGHT="91"
                          WIDTH="253"
                          VPOS="3475"
                          HPOS="627"
                          CONTENT="suum"/>
                  <SP HEIGHT="91" WIDTH="32" VPOS="3475" HPOS="880"/>
                  <String HEIGHT="91"
                          WIDTH="506"
                          VPOS="3475"
                          HPOS="785"
                          CONTENT="intelligendi"/>
                  <SP HEIGHT="91" WIDTH="32" VPOS="3475" HPOS="1291"/>
                  <String HEIGHT="91"
                          WIDTH="190"
                          VPOS="3475"
                          HPOS="1164"
                          CONTENT="pro¬"
                          SUBS_TYPE="HypPart1"
                          SUBS_CONTENT="producit"/>
                  <HYP CONTENT="-"/>
               </TextLine>
               <TextLine ID="tl_44"
                         BASELINE="344,3631 485,3628 857,3620 1025,3613 1250,3600 1355,3582"
                         HEIGHT="82"
                         WIDTH="1012"
                         VPOS="3549"
                         HPOS="344">
                  <String HEIGHT="82"
                          WIDTH="285"
                          VPOS="3549"
                          HPOS="312"
                          CONTENT="ducit"
                          SUBS_TYPE="HypPart2"
                          SUBS_CONTENT="producit"/>
                  <SP HEIGHT="82" WIDTH="32" VPOS="3549" HPOS="597"/>
                  <String HEIGHT="82"
                          WIDTH="474"
                          VPOS="3549"
                          HPOS="502"
                          CONTENT="inferiorem;"/>
                  <SP HEIGHT="82" WIDTH="32" VPOS="3549" HPOS="977"/>
                  <String HEIGHT="82"
                          WIDTH="253"
                          VPOS="3549"
                          HPOS="882"
                          CONTENT="tunc"/>
                  <SP HEIGHT="82" WIDTH="32" VPOS="3549" HPOS="1135"/>
                  <String HEIGHT="82"
                          WIDTH="285"
                          VPOS="3549"
                          HPOS="1040"
                          CONTENT="autem"/>
                  <SP HEIGHT="82" WIDTH="32" VPOS="3549" HPOS="1324"/>
                  <String HEIGHT="82"
                          WIDTH="158"
                          VPOS="3549"
                          HPOS="1198"
                          CONTENT="vi¬"/>
               </TextLine>
            </TextBlock>
            <TextBlock ID="TextRegion_1615898678565_55"
                       HEIGHT="3357"
                       WIDTH="1099"
                       VPOS="261"
                       HPOS="1359">
               <Shape>
                  <Polygon POINTS="1359,261 2385,261 2387,268 2454,3410 2458,3618 1391,3618 1359,1029"/>
               </Shape>
               <TextLine ID="tl_45"
                         BASELINE="1360,329 1514,326 1875,322 2032,318 2372,323"
                         HEIGHT="84"
                         WIDTH="1012"
                         VPOS="262"
                         HPOS="1360">
                  <String HEIGHT="84"
                          WIDTH="294"
                          VPOS="262"
                          HPOS="1327"
                          CONTENT="detur"/>
                  <SP HEIGHT="84" WIDTH="33" VPOS="262" HPOS="1621"/>
                  <String HEIGHT="84"
                          WIDTH="424"
                          VPOS="262"
                          HPOS="1523"
                          CONTENT="productum"/>
                  <SP HEIGHT="84" WIDTH="33" VPOS="262" HPOS="1948"/>
                  <String HEIGHT="84"
                          WIDTH="261"
                          VPOS="262"
                          HPOS="1850"
                          CONTENT="esse"/>
                  <SP HEIGHT="84" WIDTH="33" VPOS="262" HPOS="2111"/>
                  <String HEIGHT="84"
                          WIDTH="392"
                          VPOS="262"
                          HPOS="1980"
                          CONTENT="perfectum,"/>
               </TextLine>
               <TextLine ID="tl_46"
                         BASELINE="1363,418 1565,402 1814,399 2006,396 2375,392"
                         HEIGHT="83"
                         WIDTH="1012"
                         VPOS="340"
                         HPOS="1363">
                  <String HEIGHT="83"
                          WIDTH="326"
                          VPOS="340"
                          HPOS="1330"
                          CONTENT="quando"/>
                  <SP HEIGHT="83" WIDTH="33" VPOS="340" HPOS="1657"/>
                  <String HEIGHT="83"
                          WIDTH="392"
                          VPOS="340"
                          HPOS="1559"
                          CONTENT="attingit"/>
                  <SP HEIGHT="83" WIDTH="33" VPOS="340" HPOS="1951"/>
                  <String HEIGHT="83"
                          WIDTH="261"
                          VPOS="340"
                          HPOS="1853"
                          CONTENT="suum"/>
                  <SP HEIGHT="83" WIDTH="33" VPOS="340" HPOS="2114"/>
                  <String HEIGHT="83"
                          WIDTH="392"
                          VPOS="340"
                          HPOS="1983"
                          CONTENT="principium"/>
               </TextLine>
               <TextLine ID="tl_47"
                         BASELINE="1367,495 1752,483 2060,471 2231,468 2377,453"
                         HEIGHT="84"
                         WIDTH="1011"
                         VPOS="416"
                         HPOS="1366">
                  <String HEIGHT="84"
                          WIDTH="506"
                          VPOS="416"
                          HPOS="1334"
                          CONTENT="productivum,"/>
                  <SP HEIGHT="84" WIDTH="32" VPOS="416" HPOS="1840"/>
                  <String HEIGHT="84"
                          WIDTH="379"
                          VPOS="416"
                          HPOS="1745"
                          CONTENT="secundum"/>
                  <SP HEIGHT="84" WIDTH="32" VPOS="416" HPOS="2124"/>
                  <String HEIGHT="84"
                          WIDTH="284"
                          VPOS="416"
                          HPOS="2029"
                          CONTENT="illam"/>
                  <SP HEIGHT="84" WIDTH="32" VPOS="416" HPOS="2314"/>
                  <String HEIGHT="84"
                          WIDTH="190"
                          VPOS="416"
                          HPOS="2187"
                          CONTENT="pro¬"
                          SUBS_TYPE="HypPart1"
                          SUBS_CONTENT="propositionem"/>
                  <HYP CONTENT="-"/>
               </TextLine>
               <TextLine ID="tl_48"
                         BASELINE="1363,571 1684,553 1776,549 2040,552 2094,560 2379,529"
                         HEIGHT="82"
                         WIDTH="1017"
                         VPOS="492"
                         HPOS="1363">
                  <String HEIGHT="82"
                          WIDTH="419"
                          VPOS="492"
                          HPOS="1333"
                          CONTENT="positionem"
                          SUBS_TYPE="HypPart2"
                          SUBS_CONTENT="propositionem"/>
                  <SP HEIGHT="82" WIDTH="30" VPOS="492" HPOS="1752"/>
                  <String HEIGHT="82"
                          WIDTH="209"
                          VPOS="492"
                          HPOS="1662"
                          CONTENT="35."/>
                  <SP HEIGHT="82" WIDTH="30" VPOS="492" HPOS="1872"/>
                  <String HEIGHT="82"
                          WIDTH="359"
                          VPOS="492"
                          HPOS="1782"
                          CONTENT="Proculi,"/>
                  <SP HEIGHT="82" WIDTH="30" VPOS="492" HPOS="2141"/>
                  <String HEIGHT="82"
                          WIDTH="239"
                          VPOS="492"
                          HPOS="2051"
                          CONTENT="quod"/>
                  <SP HEIGHT="82" WIDTH="30" VPOS="492" HPOS="2290"/>
                  <String HEIGHT="82"
                          WIDTH="209"
                          VPOS="492"
                          HPOS="2171"
                          CONTENT="unum¬"
                          SUBS_TYPE="HypPart1"
                          SUBS_CONTENT="unumquodque"/>
                  <HYP CONTENT="-"/>
               </TextLine>
               <TextLine ID="tl_49"
                         BASELINE="1365,645 1560,629 1755,626 1864,624 2121,619 2226,618 2381,616"
                         HEIGHT="78"
                         WIDTH="1017"
                         VPOS="569"
                         HPOS="1364">
                  <String HEIGHT="78"
                          WIDTH="320"
                          VPOS="569"
                          HPOS="1335"
                          CONTENT="quodque"
                          SUBS_TYPE="HypPart2"
                          SUBS_CONTENT="unumquodque"/>
                  <SP HEIGHT="78" WIDTH="29" VPOS="569" HPOS="1655"/>
                  <String HEIGHT="78"
                          WIDTH="262"
                          VPOS="569"
                          HPOS="1567"
                          CONTENT="natum"/>
                  <SP HEIGHT="78" WIDTH="29" VPOS="569" HPOS="1829"/>
                  <String HEIGHT="78"
                          WIDTH="203"
                          VPOS="569"
                          HPOS="1742"
                          CONTENT="est"/>
                  <SP HEIGHT="78" WIDTH="29" VPOS="569" HPOS="1945"/>
                  <String HEIGHT="78"
                          WIDTH="349"
                          VPOS="569"
                          HPOS="1858"
                          CONTENT="converti"/>
                  <SP HEIGHT="78" WIDTH="29" VPOS="569" HPOS="2207"/>
                  <String HEIGHT="78" WIDTH="174" VPOS="569" HPOS="2119" CONTENT="ad"/>
                  <SP HEIGHT="78" WIDTH="29" VPOS="569" HPOS="2294"/>
                  <String HEIGHT="78"
                          WIDTH="203"
                          VPOS="569"
                          HPOS="2178"
                          CONTENT="illud"/>
               </TextLine>
               <TextLine ID="tl_50"
                         BASELINE="1365,706 1393,706 1506,705 1718,702 1843,701 1980,700 2184,696 2380,694"
                         HEIGHT="77"
                         WIDTH="1015"
                         VPOS="645"
                         HPOS="1365">
                  <String HEIGHT="77" WIDTH="141" VPOS="645" HPOS="1337" CONTENT="a"/>
                  <SP HEIGHT="77" WIDTH="28" VPOS="645" HPOS="1478"/>
                  <String HEIGHT="77"
                          WIDTH="197"
                          VPOS="645"
                          HPOS="1393"
                          CONTENT="quo"/>
                  <SP HEIGHT="77" WIDTH="28" VPOS="645" HPOS="1591"/>
                  <String HEIGHT="77"
                          WIDTH="367"
                          VPOS="645"
                          HPOS="1506"
                          CONTENT="procedit."/>
                  <SP HEIGHT="77" WIDTH="28" VPOS="645" HPOS="1873"/>
                  <String HEIGHT="77" WIDTH="169" VPOS="645" HPOS="1788" CONTENT="In"/>
                  <SP HEIGHT="77" WIDTH="28" VPOS="645" HPOS="1957"/>
                  <String HEIGHT="77"
                          WIDTH="226"
                          VPOS="645"
                          HPOS="1873"
                          CONTENT="tali"/>
                  <SP HEIGHT="77" WIDTH="28" VPOS="645" HPOS="2098"/>
                  <String HEIGHT="77"
                          WIDTH="254"
                          VPOS="645"
                          HPOS="2013"
                          CONTENT="autem"/>
                  <SP HEIGHT="77" WIDTH="28" VPOS="645" HPOS="2267"/>
                  <String HEIGHT="77"
                          WIDTH="226"
                          VPOS="645"
                          HPOS="2154"
                          CONTENT="reditu"/>
               </TextLine>
               <TextLine ID="tl_51"
                         BASELINE="1366,784 1576,781 1738,780 2012,775 2380,777"
                         HEIGHT="84"
                         WIDTH="1015"
                         VPOS="718"
                         HPOS="1365">
                  <String HEIGHT="84"
                          WIDTH="349"
                          VPOS="718"
                          HPOS="1333"
                          CONTENT="videtur"/>
                  <SP HEIGHT="84" WIDTH="32" VPOS="718" HPOS="1682"/>
                  <String HEIGHT="84"
                          WIDTH="254"
                          VPOS="718"
                          HPOS="1587"
                          CONTENT="esse"/>
                  <SP HEIGHT="84" WIDTH="32" VPOS="718" HPOS="1841"/>
                  <String HEIGHT="84"
                          WIDTH="381"
                          VPOS="718"
                          HPOS="1746"
                          CONTENT="circulus"/>
                  <SP HEIGHT="84" WIDTH="32" VPOS="718" HPOS="2126"/>
                  <String HEIGHT="84"
                          WIDTH="381"
                          VPOS="718"
                          HPOS="1999"
                          CONTENT="completus,"/>
               </TextLine>
               <TextLine ID="tl_52"
                         BASELINE="1368,862 1419,861 1529,859 1851,859 2035,850 2378,832"
                         HEIGHT="84"
                         WIDTH="1011"
                         VPOS="795"
                         HPOS="1368">
                  <String HEIGHT="84" WIDTH="178" VPOS="795" HPOS="1338" CONTENT="et"/>
                  <SP HEIGHT="84" WIDTH="30" VPOS="795" HPOS="1517"/>
                  <String HEIGHT="84"
                          WIDTH="208"
                          VPOS="795"
                          HPOS="1427"
                          CONTENT="ita"/>
                  <SP HEIGHT="84" WIDTH="30" VPOS="795" HPOS="1636"/>
                  <String HEIGHT="84"
                          WIDTH="416"
                          VPOS="795"
                          HPOS="1546"
                          CONTENT="perfectio;"/>
                  <SP HEIGHT="84" WIDTH="30" VPOS="795" HPOS="1963"/>
                  <String HEIGHT="84"
                          WIDTH="238"
                          VPOS="795"
                          HPOS="1874"
                          CONTENT="ergo"/>
                  <SP HEIGHT="84" WIDTH="30" VPOS="795" HPOS="2111"/>
                  <String HEIGHT="84"
                          WIDTH="387"
                          VPOS="795"
                          HPOS="1992"
                          CONTENT="Intelligen-"
                          SUBS_TYPE="HypPart1"
                          SUBS_CONTENT="Intelligentia"/>
                  <HYP CONTENT="-"/>
               </TextLine>
               <TextLine ID="tl_53"
                         BASELINE="1371,937 1449,936 1731,931 2001,926 2302,922 2384,921"
                         HEIGHT="84"
                         WIDTH="1013"
                         VPOS="869"
                         HPOS="1371">
                  <String HEIGHT="84"
                          WIDTH="209"
                          VPOS="869"
                          HPOS="1341"
                          CONTENT="tia"
                          SUBS_TYPE="HypPart2"
                          SUBS_CONTENT="Intelligentia"/>
                  <SP HEIGHT="84" WIDTH="30" VPOS="869" HPOS="1550"/>
                  <String HEIGHT="84"
                          WIDTH="358"
                          VPOS="869"
                          HPOS="1460"
                          CONTENT="producta"/>
                  <SP HEIGHT="84" WIDTH="30" VPOS="869" HPOS="1818"/>
                  <String HEIGHT="84"
                          WIDTH="358"
                          VPOS="869"
                          HPOS="1729"
                          CONTENT="perfecte"/>
                  <SP HEIGHT="84" WIDTH="30" VPOS="869" HPOS="2086"/>
                  <String HEIGHT="84"
                          WIDTH="387"
                          VPOS="869"
                          HPOS="1997"
                          CONTENT="quietatur"/>
                  <SP HEIGHT="84" WIDTH="30" VPOS="869" HPOS="2384"/>
                  <String HEIGHT="84" WIDTH="119" VPOS="869" HPOS="2265" CONTENT="in"/>
               </TextLine>
               <TextLine ID="tl_54"
                         BASELINE="1374,1012 1737,1006 2095,1000"
                         HEIGHT="77"
                         WIDTH="721"
                         VPOS="951"
                         HPOS="1374">
                  <String HEIGHT="77"
                          WIDTH="490"
                          VPOS="951"
                          HPOS="1345"
                          CONTENT="lntelligentia"/>
                  <SP HEIGHT="77" WIDTH="29" VPOS="951" HPOS="1835"/>
                  <String HEIGHT="77"
                          WIDTH="375"
                          VPOS="951"
                          HPOS="1720"
                          CONTENT="producente."/>
               </TextLine>
               <TextLine ID="line_1615898678784_57"
                         BASELINE="1434,1088 1635,1083 1830,1081 1956,1086 2244,1075 2388,1072 2404,1071"
                         HEIGHT="83"
                         WIDTH="970"
                         VPOS="1019"
                         HPOS="1434">
                  <String HEIGHT="83"
                          WIDTH="294"
                          VPOS="1019"
                          HPOS="1405"
                          CONTENT="Contra"/>
                  <SP HEIGHT="83" WIDTH="29" VPOS="1019" HPOS="1699"/>
                  <String HEIGHT="83"
                          WIDTH="265"
                          VPOS="1019"
                          HPOS="1610"
                          CONTENT="istud"/>
                  <SP HEIGHT="83" WIDTH="29" VPOS="1019" HPOS="1875"/>
                  <String HEIGHT="83"
                          WIDTH="235"
                          VPOS="1019"
                          HPOS="1787"
                          CONTENT="(b),"/>
                  <SP HEIGHT="83" WIDTH="29" VPOS="1019" HPOS="2022"/>
                  <String HEIGHT="83"
                          WIDTH="353"
                          VPOS="1019"
                          HPOS="1934"
                          CONTENT="potentia"/>
                  <SP HEIGHT="83" WIDTH="29" VPOS="1019" HPOS="2286"/>
                  <String HEIGHT="83"
                          WIDTH="206"
                          VPOS="1019"
                          HPOS="2198"
                          CONTENT="non"/>
                  <SP HEIGHT="83" WIDTH="29" VPOS="1019" HPOS="2404"/>
                  <String HEIGHT="83"
                          WIDTH="118"
                          VPOS="1019"
                          HPOS="2286"
                          CONTENT="De"/>
               </TextLine>
               <TextLine ID="line_1615898678785_59"
                         BASELINE="1378,1174 1650,1158 1810,1156 1947,1153 2083,1155 2387,1149 2405,1145"
                         HEIGHT="97"
                         WIDTH="1028"
                         VPOS="1082"
                         HPOS="1378">
                  <String HEIGHT="97"
                          WIDTH="334"
                          VPOS="1082"
                          HPOS="1352"
                          CONTENT="quietatur"/>
                  <SP HEIGHT="97" WIDTH="26" VPOS="1082" HPOS="1686"/>
                  <String HEIGHT="97"
                          WIDTH="206"
                          VPOS="1082"
                          HPOS="1609"
                          CONTENT="nisi"/>
                  <SP HEIGHT="97" WIDTH="26" VPOS="1082" HPOS="1815"/>
                  <String HEIGHT="97"
                          WIDTH="180"
                          VPOS="1082"
                          HPOS="1738"
                          CONTENT="ubi"/>
                  <SP HEIGHT="97" WIDTH="26" VPOS="1082" HPOS="1918"/>
                  <String HEIGHT="97"
                          WIDTH="180"
                          VPOS="1082"
                          HPOS="1841"
                          CONTENT="est"/>
                  <SP HEIGHT="97" WIDTH="26" VPOS="1082" HPOS="2021"/>
                  <String HEIGHT="97"
                          WIDTH="308"
                          VPOS="1082"
                          HPOS="1943"
                          CONTENT="objectum"/>
                  <SP HEIGHT="97" WIDTH="26" VPOS="1082" HPOS="2252"/>
                  <String HEIGHT="97"
                          WIDTH="257"
                          VPOS="1082"
                          HPOS="2149"
                          CONTENT="^uodi?-'"/>
               </TextLine>
               <TextLine ID="line_1615898678787_61"
                         BASELINE="1378,1236 1531,1235 1949,1229 2028,1229 2119,1226 2358,1222 2407,1212"
                         HEIGHT="95"
                         WIDTH="1031"
                         VPOS="1156"
                         HPOS="1377">
                  <String HEIGHT="95"
                          WIDTH="236"
                          VPOS="1156"
                          HPOS="1348"
                          CONTENT="suum"/>
                  <SP HEIGHT="95" WIDTH="29" VPOS="1156" HPOS="1583"/>
                  <String HEIGHT="95"
                          WIDTH="501"
                          VPOS="1156"
                          HPOS="1495"
                          CONTENT="perfectissime"/>
                  <SP HEIGHT="95" WIDTH="29" VPOS="1156" HPOS="1996"/>
                  <String HEIGHT="95"
                          WIDTH="177"
                          VPOS="1156"
                          HPOS="1907"
                          CONTENT="et"/>
                  <SP HEIGHT="95" WIDTH="29" VPOS="1156" HPOS="2084"/>
                  <String HEIGHT="95"
                          WIDTH="177"
                          VPOS="1156"
                          HPOS="1996"
                          CONTENT="in"/>
                  <SP HEIGHT="95" WIDTH="29" VPOS="1156" HPOS="2172"/>
                  <String HEIGHT="95"
                          WIDTH="295"
                          VPOS="1156"
                          HPOS="2084"
                          CONTENT="summo;"/>
                  <SP HEIGHT="95" WIDTH="29" VPOS="1156" HPOS="2379"/>
                  <String HEIGHT="95"
                          WIDTH="147"
                          VPOS="1156"
                          HPOS="2261"
                          CONTENT="1*'"/>
               </TextLine>
               <TextLine ID="tl_58"
                         BASELINE="1381,1310 1647,1308 1958,1304 2254,1299 2393,1298"
                         HEIGHT="83"
                         WIDTH="1012"
                         VPOS="1244"
                         HPOS="1381">
                  <String HEIGHT="83"
                          WIDTH="392"
                          VPOS="1244"
                          HPOS="1348"
                          CONTENT="objectum"/>
                  <SP HEIGHT="83" WIDTH="33" VPOS="1244" HPOS="1740"/>
                  <String HEIGHT="83"
                          WIDTH="424"
                          VPOS="1244"
                          HPOS="1642"
                          CONTENT="potentiae"/>
                  <SP HEIGHT="83" WIDTH="33" VPOS="1244" HPOS="2067"/>
                  <String HEIGHT="83"
                          WIDTH="392"
                          VPOS="1244"
                          HPOS="1969"
                          CONTENT="fruentis"/>
                  <SP HEIGHT="83" WIDTH="33" VPOS="1244" HPOS="2360"/>
                  <String HEIGHT="83"
                          WIDTH="163"
                          VPOS="1244"
                          HPOS="2230"
                          CONTENT="est"/>
               </TextLine>
               <TextLine ID="tl_59"
                         BASELINE="1379,1389 1470,1386 1574,1384 1894,1380 2235,1376 2393,1361"
                         HEIGHT="72"
                         WIDTH="1014"
                         VPOS="1323"
                         HPOS="1379">
                  <String HEIGHT="72"
                          WIDTH="254"
                          VPOS="1323"
                          HPOS="1343"
                          CONTENT="ens"/>
                  <SP HEIGHT="72" WIDTH="36" VPOS="1323" HPOS="1596"/>
                  <String HEIGHT="72"
                          WIDTH="217"
                          VPOS="1323"
                          HPOS="1488"
                          CONTENT="in"/>
                  <SP HEIGHT="72" WIDTH="36" VPOS="1323" HPOS="1705"/>
                  <String HEIGHT="72"
                          WIDTH="398"
                          VPOS="1323"
                          HPOS="1596"
                          CONTENT="communi"/>
                  <SP HEIGHT="72" WIDTH="36" VPOS="1323" HPOS="1995"/>
                  <String HEIGHT="72"
                          WIDTH="435"
                          VPOS="1323"
                          HPOS="1886"
                          CONTENT="secundum"/>
                  <SP HEIGHT="72" WIDTH="36" VPOS="1323" HPOS="2321"/>
                  <String HEIGHT="72"
                          WIDTH="217"
                          VPOS="1323"
                          HPOS="2176"
                          CONTENT="Avi-"
                          SUBS_TYPE="HypPart1"
                          SUBS_CONTENT="Avicennam"/>
                  <HYP CONTENT="-"/>
               </TextLine>
               <TextLine ID="tl_60"
                         BASELINE="1379,1466 1600,1461 1644,1461 1888,1456 1971,1454 2093,1452 2254,1452 2395,1450"
                         HEIGHT="80"
                         WIDTH="1016"
                         VPOS="1402"
                         HPOS="1379">
                  <String HEIGHT="80"
                          WIDTH="290"
                          VPOS="1402"
                          HPOS="1350"
                          CONTENT="cennam"
                          SUBS_TYPE="HypPart2"
                          SUBS_CONTENT="Avicennam"/>
                  <SP HEIGHT="80" WIDTH="29" VPOS="1402" HPOS="1640"/>
                  <String HEIGHT="80"
                          WIDTH="174"
                          VPOS="1402"
                          HPOS="1553"
                          CONTENT="1."/>
                  <SP HEIGHT="80" WIDTH="29" VPOS="1402" HPOS="1727"/>
                  <String HEIGHT="80"
                          WIDTH="319"
                          VPOS="1402"
                          HPOS="1640"
                          CONTENT="Metaph."/>
                  <SP HEIGHT="80" WIDTH="29" VPOS="1402" HPOS="1960"/>
                  <String HEIGHT="80"
                          WIDTH="232"
                          VPOS="1402"
                          HPOS="1872"
                          CONTENT="cap."/>
                  <SP HEIGHT="80" WIDTH="29" VPOS="1402" HPOS="2105"/>
                  <String HEIGHT="80"
                          WIDTH="203"
                          VPOS="1402"
                          HPOS="2018"
                          CONTENT="-5."/>
                  <SP HEIGHT="80" WIDTH="29" VPOS="1402" HPOS="2221"/>
                  <String HEIGHT="80"
                          WIDTH="232"
                          VPOS="1402"
                          HPOS="2134"
                          CONTENT="ergo"/>
                  <SP HEIGHT="80" WIDTH="29" VPOS="1402" HPOS="2366"/>
                  <String HEIGHT="80"
                          WIDTH="145"
                          VPOS="1402"
                          HPOS="2250"
                          CONTENT="non"/>
               </TextLine>
               <TextLine ID="tl_61"
                         BASELINE="1384,1553 1655,1536 1923,1533 2138,1530 2282,1527 2396,1525"
                         HEIGHT="81"
                         WIDTH="1013"
                         VPOS="1474"
                         HPOS="1384">
                  <String HEIGHT="81"
                          WIDTH="387"
                          VPOS="1474"
                          HPOS="1354"
                          CONTENT="quietatur"/>
                  <SP HEIGHT="81" WIDTH="30" VPOS="1474" HPOS="1742"/>
                  <String HEIGHT="81"
                          WIDTH="358"
                          VPOS="1474"
                          HPOS="1652"
                          CONTENT="potentia"/>
                  <SP HEIGHT="81" WIDTH="30" VPOS="1474" HPOS="2010"/>
                  <String HEIGHT="81"
                          WIDTH="298"
                          VPOS="1474"
                          HPOS="1920"
                          CONTENT="fruens"/>
                  <SP HEIGHT="81" WIDTH="30" VPOS="1474" HPOS="2218"/>
                  <String HEIGHT="81"
                          WIDTH="238"
                          VPOS="1474"
                          HPOS="2129"
                          CONTENT="nisi"/>
                  <SP HEIGHT="81" WIDTH="30" VPOS="1474" HPOS="2367"/>
                  <String HEIGHT="81"
                          WIDTH="149"
                          VPOS="1474"
                          HPOS="2248"
                          CONTENT="ubi"/>
               </TextLine>
               <TextLine ID="tl_62"
                         BASELINE="1383,1615 1466,1617 1957,1609 2108,1614 2255,1605 2396,1608"
                         HEIGHT="79"
                         WIDTH="1013"
                         VPOS="1551"
                         HPOS="1383">
                  <String HEIGHT="79"
                          WIDTH="222"
                          VPOS="1551"
                          HPOS="1351"
                          CONTENT="est"/>
                  <SP HEIGHT="79" WIDTH="32" VPOS="1551" HPOS="1573"/>
                  <String HEIGHT="79"
                          WIDTH="570"
                          VPOS="1551"
                          HPOS="1478"
                          CONTENT="perfectissimum"/>
                  <SP HEIGHT="79" WIDTH="32" VPOS="1551" HPOS="2048"/>
                  <String HEIGHT="79"
                          WIDTH="253"
                          VPOS="1551"
                          HPOS="1953"
                          CONTENT="ens,"/>
                  <SP HEIGHT="79" WIDTH="32" VPOS="1551" HPOS="2206"/>
                  <String HEIGHT="79"
                          WIDTH="222"
                          VPOS="1551"
                          HPOS="2111"
                          CONTENT="hoc"/>
                  <SP HEIGHT="79" WIDTH="32" VPOS="1551" HPOS="2333"/>
                  <String HEIGHT="79"
                          WIDTH="190"
                          VPOS="1551"
                          HPOS="2206"
                          CONTENT="est,"/>
               </TextLine>
               <TextLine ID="tl_63"
                         BASELINE="1385,1691 1651,1689 1905,1684"
                         HEIGHT="54"
                         WIDTH="520"
                         VPOS="1641"
                         HPOS="1385">
                  <String HEIGHT="54"
                          WIDTH="371"
                          VPOS="1641"
                          HPOS="1348"
                          CONTENT="summum"/>
                  <SP HEIGHT="54" WIDTH="37" VPOS="1641" HPOS="1719"/>
                  <String HEIGHT="54"
                          WIDTH="334"
                          VPOS="1641"
                          HPOS="1571"
                          CONTENT="tantum."/>
               </TextLine>
               <TextLine ID="line_1615898678789_63"
                         BASELINE="1448,1768 1598,1772 1898,1763 2057,1760 2401,1754 2418,1753"
                         HEIGHT="83"
                         WIDTH="971"
                         VPOS="1701"
                         HPOS="1448">
                  <String HEIGHT="83"
                          WIDTH="230"
                          VPOS="1701"
                          HPOS="1422"
                          CONTENT="Item,"/>
                  <SP HEIGHT="83" WIDTH="26" VPOS="1701" HPOS="1652"/>
                  <String HEIGHT="83"
                          WIDTH="307"
                          VPOS="1701"
                          HPOS="1576"
                          CONTENT="potentia"/>
                  <SP HEIGHT="83" WIDTH="26" VPOS="1701" HPOS="1882"/>
                  <String HEIGHT="83"
                          WIDTH="204"
                          VPOS="1701"
                          HPOS="1806"
                          CONTENT="quse"/>
                  <SP HEIGHT="83" WIDTH="26" VPOS="1701" HPOS="2010"/>
                  <String HEIGHT="83"
                          WIDTH="358"
                          VPOS="1701"
                          HPOS="1934"
                          CONTENT="inclinatur"/>
                  <SP HEIGHT="83" WIDTH="26" VPOS="1701" HPOS="2291"/>
                  <String HEIGHT="83"
                          WIDTH="230"
                          VPOS="1701"
                          HPOS="2189"
                          CONTENT="impugna"/>
               </TextLine>
               <TextLine ID="line_1615898678790_65"
                         BASELINE="1387,1843 1450,1844 1647,1841 1882,1838 2011,1835 2102,1836 2235,1833 2402,1816 2420,1817"
                         HEIGHT="88"
                         WIDTH="1034"
                         VPOS="1774"
                         HPOS="1387">
                  <String HEIGHT="88"
                          WIDTH="148"
                          VPOS="1774"
                          HPOS="1362"
                          CONTENT="ad"/>
                  <SP HEIGHT="88" WIDTH="25" VPOS="1774" HPOS="1510"/>
                  <String HEIGHT="88"
                          WIDTH="222"
                          VPOS="1774"
                          HPOS="1436"
                          CONTENT="multa"/>
                  <SP HEIGHT="88" WIDTH="25" VPOS="1774" HPOS="1658"/>
                  <String HEIGHT="88"
                          WIDTH="271"
                          VPOS="1774"
                          HPOS="1584"
                          CONTENT="objecta"/>
                  <SP HEIGHT="88" WIDTH="25" VPOS="1774" HPOS="1855"/>
                  <String HEIGHT="88"
                          WIDTH="172"
                          VPOS="1774"
                          HPOS="1781"
                          CONTENT="per"/>
                  <SP HEIGHT="88" WIDTH="25" VPOS="1774" HPOS="1953"/>
                  <String HEIGHT="88"
                          WIDTH="148"
                          VPOS="1774"
                          HPOS="1879"
                          CONTENT="se"/>
                  <SP HEIGHT="88" WIDTH="25" VPOS="1774" HPOS="2027"/>
                  <String HEIGHT="88"
                          WIDTH="172"
                          VPOS="1774"
                          HPOS="1953"
                          CONTENT="non"/>
                  <SP HEIGHT="88" WIDTH="25" VPOS="1774" HPOS="2126"/>
                  <String HEIGHT="88"
                          WIDTH="222"
                          VPOS="1774"
                          HPOS="2052"
                          CONTENT="quie-"/>
                  <SP HEIGHT="88" WIDTH="25" VPOS="1774" HPOS="2273"/>
                  <String HEIGHT="88"
                          WIDTH="246"
                          VPOS="1774"
                          HPOS="2175"
                          CONTENT="Avicenn»"/>
               </TextLine>
               <TextLine ID="tl_66"
                         BASELINE="1387,1924 1523,1922 1613,1920 1827,1917 1973,1914 2262,1916 2403,1907"
                         HEIGHT="81"
                         WIDTH="1016"
                         VPOS="1858"
                         HPOS="1387">
                  <String HEIGHT="81"
                          WIDTH="254"
                          VPOS="1858"
                          HPOS="1355"
                          CONTENT="tatm"/>
                  <SP HEIGHT="81" WIDTH="32" VPOS="1858" HPOS="1609"/>
                  <String HEIGHT="81" WIDTH="159" VPOS="1858" HPOS="1514" CONTENT="m"/>
                  <SP HEIGHT="81" WIDTH="32" VPOS="1858" HPOS="1673"/>
                  <String HEIGHT="81"
                          WIDTH="318"
                          VPOS="1858"
                          HPOS="1578"
                          CONTENT="aliquo"/>
                  <SP HEIGHT="81" WIDTH="32" VPOS="1858" HPOS="1895"/>
                  <String HEIGHT="81"
                          WIDTH="222"
                          VPOS="1858"
                          HPOS="1800"
                          CONTENT="uno"/>
                  <SP HEIGHT="81" WIDTH="32" VPOS="1858" HPOS="2022"/>
                  <String HEIGHT="81"
                          WIDTH="413"
                          VPOS="1858"
                          HPOS="1927"
                          CONTENT="perfecte,"/>
                  <SP HEIGHT="81" WIDTH="32" VPOS="1858" HPOS="2340"/>
                  <String HEIGHT="81"
                          WIDTH="191"
                          VPOS="1858"
                          HPOS="2213"
                          CONTENT="nisi"/>
               </TextLine>
               <TextLine ID="tl_67"
                         BASELINE="1393,1997 1518,1997 1779,1994 2004,1990 2144,1988 2232,1986 2407,1970"
                         HEIGHT="86"
                         WIDTH="1015"
                         VPOS="1932"
                         HPOS="1393">
                  <String HEIGHT="86"
                          WIDTH="277"
                          VPOS="1932"
                          HPOS="1362"
                          CONTENT="illud"/>
                  <SP HEIGHT="86" WIDTH="31" VPOS="1932" HPOS="1639"/>
                  <String HEIGHT="86"
                          WIDTH="369"
                          VPOS="1932"
                          HPOS="1547"
                          CONTENT="includat"/>
                  <SP HEIGHT="86" WIDTH="31" VPOS="1932" HPOS="1916"/>
                  <String HEIGHT="86"
                          WIDTH="277"
                          VPOS="1932"
                          HPOS="1824"
                          CONTENT="omnia"/>
                  <SP HEIGHT="86" WIDTH="31" VPOS="1932" HPOS="2100"/>
                  <String HEIGHT="86"
                          WIDTH="215"
                          VPOS="1932"
                          HPOS="2008"
                          CONTENT="per"/>
                  <SP HEIGHT="86" WIDTH="31" VPOS="1932" HPOS="2223"/>
                  <String HEIGHT="86"
                          WIDTH="185"
                          VPOS="1932"
                          HPOS="2131"
                          CONTENT="se"/>
                  <SP HEIGHT="86" WIDTH="31" VPOS="1932" HPOS="2316"/>
                  <String HEIGHT="86"
                          WIDTH="215"
                          VPOS="1932"
                          HPOS="2193"
                          CONTENT="obje¬"
                          SUBS_TYPE="HypPart1"
                          SUBS_CONTENT="objecta,"/>
                  <HYP CONTENT="-"/>
               </TextLine>
               <TextLine ID="tl_68"
                         BASELINE="1392,2074 1494,2082 1812,2070 2081,2066 2311,2062 2410,2059"
                         HEIGHT="80"
                         WIDTH="1019"
                         VPOS="2012"
                         HPOS="1391">
                  <String HEIGHT="80"
                          WIDTH="263"
                          VPOS="2012"
                          HPOS="1358"
                          CONTENT="cta,"
                          SUBS_TYPE="HypPart2"
                          SUBS_CONTENT="objecta,"/>
                  <SP HEIGHT="80" WIDTH="33" VPOS="2012" HPOS="1621"/>
                  <String HEIGHT="80"
                          WIDTH="362"
                          VPOS="2012"
                          HPOS="1522"
                          CONTENT="quantum"/>
                  <SP HEIGHT="80" WIDTH="33" VPOS="2012" HPOS="1884"/>
                  <String HEIGHT="80"
                          WIDTH="362"
                          VPOS="2012"
                          HPOS="1785"
                          CONTENT="possunt"/>
                  <SP HEIGHT="80" WIDTH="33" VPOS="2012" HPOS="2147"/>
                  <String HEIGHT="80"
                          WIDTH="362"
                          VPOS="2012"
                          HPOS="2048"
                          CONTENT="includi"/>
                  <SP HEIGHT="80" WIDTH="33" VPOS="2012" HPOS="2410"/>
                  <String HEIGHT="80"
                          WIDTH="131"
                          VPOS="2012"
                          HPOS="2279"
                          CONTENT="in"/>
               </TextLine>
               <TextLine ID="tl_69"
                         BASELINE="1395,2151 1573,2149 1731,2145 1886,2146 2176,2141 2410,2136"
                         HEIGHT="83"
                         WIDTH="1015"
                         VPOS="2085"
                         HPOS="1395">
                  <String HEIGHT="83"
                          WIDTH="327"
                          VPOS="2085"
                          HPOS="1362"
                          CONTENT="aliquo"/>
                  <SP HEIGHT="83" WIDTH="33" VPOS="2085" HPOS="1690"/>
                  <String HEIGHT="83"
                          WIDTH="262"
                          VPOS="2085"
                          HPOS="1591"
                          CONTENT="uno."/>
                  <SP HEIGHT="83" WIDTH="33" VPOS="2085" HPOS="1853"/>
                  <String HEIGHT="83"
                          WIDTH="229"
                          VPOS="2085"
                          HPOS="1755"
                          CONTENT="Sed"/>
                  <SP HEIGHT="83" WIDTH="33" VPOS="2085" HPOS="1984"/>
                  <String HEIGHT="83"
                          WIDTH="393"
                          VPOS="2085"
                          HPOS="1886"
                          CONTENT="potentia"/>
                  <SP HEIGHT="83" WIDTH="33" VPOS="2085" HPOS="2279"/>
                  <String HEIGHT="83"
                          WIDTH="262"
                          VPOS="2085"
                          HPOS="2148"
                          CONTENT="fruens"/>
               </TextLine>
               <TextLine ID="tl_70"
                         BASELINE="1396,2227 1687,2224 1789,2223 1990,2220 2138,2226 2322,2215 2412,2214"
                         HEIGHT="78"
                         WIDTH="1016"
                         VPOS="2162"
                         HPOS="1396">
                  <String HEIGHT="78"
                          WIDTH="445"
                          VPOS="2162"
                          HPOS="1364"
                          CONTENT="inclinatur"/>
                  <SP HEIGHT="78" WIDTH="32" VPOS="2162" HPOS="1809"/>
                  <String HEIGHT="78"
                          WIDTH="191"
                          VPOS="2162"
                          HPOS="1714"
                          CONTENT="ad"/>
                  <SP HEIGHT="78" WIDTH="32" VPOS="2162" HPOS="1904"/>
                  <String HEIGHT="78"
                          WIDTH="254"
                          VPOS="2162"
                          HPOS="1809"
                          CONTENT="omne"/>
                  <SP HEIGHT="78" WIDTH="32" VPOS="2162" HPOS="2063"/>
                  <String HEIGHT="78"
                          WIDTH="254"
                          VPOS="2162"
                          HPOS="1968"
                          CONTENT="ens,"/>
                  <SP HEIGHT="78" WIDTH="32" VPOS="2162" HPOS="2222"/>
                  <String HEIGHT="78"
                          WIDTH="286"
                          VPOS="2162"
                          HPOS="2126"
                          CONTENT="sicut"/>
                  <SP HEIGHT="78" WIDTH="32" VPOS="2162" HPOS="2412"/>
                  <String HEIGHT="78"
                          WIDTH="127"
                          VPOS="2162"
                          HPOS="2285"
                          CONTENT="ad"/>
               </TextLine>
               <TextLine ID="tl_71"
                         BASELINE="1397,2317 1493,2302 1569,2301 1820,2305 1979,2294 2119,2293 2414,2287"
                         HEIGHT="83"
                         WIDTH="1017"
                         VPOS="2238"
                         HPOS="1397">
                  <String HEIGHT="83"
                          WIDTH="209"
                          VPOS="2238"
                          HPOS="1367"
                          CONTENT="per"/>
                  <SP HEIGHT="83" WIDTH="30" VPOS="2238" HPOS="1576"/>
                  <String HEIGHT="83"
                          WIDTH="179"
                          VPOS="2238"
                          HPOS="1487"
                          CONTENT="se"/>
                  <SP HEIGHT="83" WIDTH="30" VPOS="2238" HPOS="1666"/>
                  <String HEIGHT="83"
                          WIDTH="359"
                          VPOS="2238"
                          HPOS="1576"
                          CONTENT="objecta,"/>
                  <SP HEIGHT="83" WIDTH="30" VPOS="2238" HPOS="1935"/>
                  <String HEIGHT="83"
                          WIDTH="239"
                          VPOS="2238"
                          HPOS="1846"
                          CONTENT="ergo"/>
                  <SP HEIGHT="83" WIDTH="30" VPOS="2238" HPOS="2085"/>
                  <String HEIGHT="83"
                          WIDTH="209"
                          VPOS="2238"
                          HPOS="1995"
                          CONTENT="non"/>
                  <SP HEIGHT="83" WIDTH="30" VPOS="2238" HPOS="2205"/>
                  <String HEIGHT="83"
                          WIDTH="329"
                          VPOS="2238"
                          HPOS="2085"
                          CONTENT="quietatur"/>
               </TextLine>
               <TextLine ID="tl_72"
                         BASELINE="1399,2378 1453,2378 1665,2376 1815,2372 1991,2378 2138,2370 2306,2367 2414,2353"
                         HEIGHT="80"
                         WIDTH="1015"
                         VPOS="2313"
                         HPOS="1399">
                  <String HEIGHT="80"
                          WIDTH="179"
                          VPOS="2313"
                          HPOS="1369"
                          CONTENT="in"/>
                  <SP HEIGHT="80" WIDTH="30" VPOS="2313" HPOS="1548"/>
                  <String HEIGHT="80"
                          WIDTH="299"
                          VPOS="2313"
                          HPOS="1459"
                          CONTENT="aliquo"/>
                  <SP HEIGHT="80" WIDTH="30" VPOS="2313" HPOS="1757"/>
                  <String HEIGHT="80"
                          WIDTH="209"
                          VPOS="2313"
                          HPOS="1668"
                          CONTENT="uno"/>
                  <SP HEIGHT="80" WIDTH="30" VPOS="2313" HPOS="1877"/>
                  <String HEIGHT="80"
                          WIDTH="269"
                          VPOS="2313"
                          HPOS="1787"
                          CONTENT="ente,"/>
                  <SP HEIGHT="80" WIDTH="30" VPOS="2313" HPOS="2056"/>
                  <String HEIGHT="80"
                          WIDTH="239"
                          VPOS="2313"
                          HPOS="1966"
                          CONTENT="nisi"/>
                  <SP HEIGHT="80" WIDTH="30" VPOS="2313" HPOS="2205"/>
                  <String HEIGHT="80"
                          WIDTH="269"
                          VPOS="2313"
                          HPOS="2115"
                          CONTENT="illud"/>
                  <SP HEIGHT="80" WIDTH="30" VPOS="2313" HPOS="2384"/>
                  <String HEIGHT="80"
                          WIDTH="149"
                          VPOS="2313"
                          HPOS="2265"
                          CONTENT="in¬"
                          SUBS_TYPE="HypPart1"
                          SUBS_CONTENT="includat"/>
                  <HYP CONTENT="-"/>
               </TextLine>
               <TextLine ID="tl_73"
                         BASELINE="1400,2456 1576,2456 1784,2450 1977,2455 2266,2443 2416,2426"
                         HEIGHT="83"
                         WIDTH="1017"
                         VPOS="2391"
                         HPOS="1400">
                  <String HEIGHT="83"
                          WIDTH="318"
                          VPOS="2391"
                          HPOS="1368"
                          CONTENT="cludat"
                          SUBS_TYPE="HypPart2"
                          SUBS_CONTENT="includat"/>
                  <SP HEIGHT="83" WIDTH="32" VPOS="2391" HPOS="1686"/>
                  <String HEIGHT="83"
                          WIDTH="286"
                          VPOS="2391"
                          HPOS="1591"
                          CONTENT="omnia"/>
                  <SP HEIGHT="83" WIDTH="32" VPOS="2391" HPOS="1877"/>
                  <String HEIGHT="83"
                          WIDTH="318"
                          VPOS="2391"
                          HPOS="1781"
                          CONTENT="entia,"/>
                  <SP HEIGHT="83" WIDTH="32" VPOS="2391" HPOS="2099"/>
                  <String HEIGHT="83"
                          WIDTH="350"
                          VPOS="2391"
                          HPOS="2004"
                          CONTENT="quantum"/>
                  <SP HEIGHT="83" WIDTH="32" VPOS="2391" HPOS="2353"/>
                  <String HEIGHT="83"
                          WIDTH="191"
                          VPOS="2391"
                          HPOS="2226"
                          CONTENT="pos¬"
                          SUBS_TYPE="HypPart1"
                          SUBS_CONTENT="possunt"/>
                  <HYP CONTENT="-"/>
               </TextLine>
               <TextLine ID="tl_74"
                         BASELINE="1403,2533 1525,2532 1743,2526 1820,2526 2017,2522 2168,2527 2418,2517"
                         HEIGHT="82"
                         WIDTH="1016"
                         VPOS="2467"
                         HPOS="1403">
                  <String HEIGHT="82"
                          WIDTH="232"
                          VPOS="2467"
                          HPOS="1374"
                          CONTENT="sunt"
                          SUBS_TYPE="HypPart2"
                          SUBS_CONTENT="possunt"/>
                  <SP HEIGHT="82" WIDTH="29" VPOS="2467" HPOS="1606"/>
                  <String HEIGHT="82"
                          WIDTH="319"
                          VPOS="2467"
                          HPOS="1519"
                          CONTENT="includi"/>
                  <SP HEIGHT="82" WIDTH="29" VPOS="2467" HPOS="1838"/>
                  <String HEIGHT="82"
                          WIDTH="174"
                          VPOS="2467"
                          HPOS="1751"
                          CONTENT="in"/>
                  <SP HEIGHT="82" WIDTH="29" VPOS="2467" HPOS="1926"/>
                  <String HEIGHT="82"
                          WIDTH="290"
                          VPOS="2467"
                          HPOS="1838"
                          CONTENT="aliquo"/>
                  <SP HEIGHT="82" WIDTH="29" VPOS="2467" HPOS="2129"/>
                  <String HEIGHT="82"
                          WIDTH="232"
                          VPOS="2467"
                          HPOS="2042"
                          CONTENT="uno;"/>
                  <SP HEIGHT="82" WIDTH="29" VPOS="2467" HPOS="2274"/>
                  <String HEIGHT="82"
                          WIDTH="261"
                          VPOS="2467"
                          HPOS="2158"
                          CONTENT="possunt"/>
               </TextLine>
               <TextLine ID="tl_75"
                         BASELINE="1403,2610 1582,2608 1818,2604 2232,2596 2421,2580"
                         HEIGHT="81"
                         WIDTH="1018"
                         VPOS="2544"
                         HPOS="1403">
                  <String HEIGHT="81"
                          WIDTH="278"
                          VPOS="2544"
                          HPOS="1372"
                          CONTENT="autem"/>
                  <SP HEIGHT="81" WIDTH="31" VPOS="2544" HPOS="1650"/>
                  <String HEIGHT="81"
                          WIDTH="308"
                          VPOS="2544"
                          HPOS="1557"
                          CONTENT="tantum"/>
                  <SP HEIGHT="81" WIDTH="31" VPOS="2544" HPOS="1866"/>
                  <String HEIGHT="81"
                          WIDTH="524"
                          VPOS="2544"
                          HPOS="1773"
                          CONTENT="perfectissime"/>
                  <SP HEIGHT="81" WIDTH="31" VPOS="2544" HPOS="2298"/>
                  <String HEIGHT="81"
                          WIDTH="247"
                          VPOS="2544"
                          HPOS="2174"
                          CONTENT="inclu¬"
                          SUBS_TYPE="HypPart1"
                          SUBS_CONTENT="includi"/>
                  <HYP CONTENT="-"/>
               </TextLine>
               <TextLine ID="tl_76"
                         BASELINE="1404,2685 1452,2685 1544,2684 1687,2682 1854,2679 2124,2682 2294,2672 2421,2655"
                         HEIGHT="83"
                         WIDTH="1018"
                         VPOS="2620"
                         HPOS="1404">
                  <String HEIGHT="83"
                          WIDTH="185"
                          VPOS="2620"
                          HPOS="1373"
                          CONTENT="di"
                          SUBS_TYPE="HypPart2"
                          SUBS_CONTENT="includi"/>
                  <SP HEIGHT="83" WIDTH="31" VPOS="2620" HPOS="1558"/>
                  <String HEIGHT="83"
                          WIDTH="185"
                          VPOS="2620"
                          HPOS="1466"
                          CONTENT="in"/>
                  <SP HEIGHT="83" WIDTH="31" VPOS="2620" HPOS="1651"/>
                  <String HEIGHT="83"
                          WIDTH="216"
                          VPOS="2620"
                          HPOS="1558"
                          CONTENT="uno"/>
                  <SP HEIGHT="83" WIDTH="31" VPOS="2620" HPOS="1774"/>
                  <String HEIGHT="83"
                          WIDTH="247"
                          VPOS="2620"
                          HPOS="1682"
                          CONTENT="ente"/>
                  <SP HEIGHT="83" WIDTH="31" VPOS="2620" HPOS="1928"/>
                  <String HEIGHT="83"
                          WIDTH="401"
                          VPOS="2620"
                          HPOS="1836"
                          CONTENT="infinito,"/>
                  <SP HEIGHT="83" WIDTH="31" VPOS="2620" HPOS="2237"/>
                  <String HEIGHT="83"
                          WIDTH="247"
                          VPOS="2620"
                          HPOS="2144"
                          CONTENT="ergo"/>
                  <SP HEIGHT="83" WIDTH="31" VPOS="2620" HPOS="2391"/>
                  <String HEIGHT="83"
                          WIDTH="154"
                          VPOS="2620"
                          HPOS="2268"
                          CONTENT="po¬"
                          SUBS_TYPE="HypPart1"
                          SUBS_CONTENT="potentia"/>
                  <HYP CONTENT="-"/>
               </TextLine>
               <TextLine ID="tl_77"
                         BASELINE="1405,2763 1575,2759 1780,2758 2036,2754 2306,2747 2422,2745"
                         HEIGHT="81"
                         WIDTH="1017"
                         VPOS="2697"
                         HPOS="1405">
                  <String HEIGHT="81"
                          WIDTH="308"
                          VPOS="2697"
                          HPOS="1374"
                          CONTENT="tentia"
                          SUBS_TYPE="HypPart2"
                          SUBS_CONTENT="potentia"/>
                  <SP HEIGHT="81" WIDTH="31" VPOS="2697" HPOS="1682"/>
                  <String HEIGHT="81"
                          WIDTH="308"
                          VPOS="2697"
                          HPOS="1590"
                          CONTENT="potest"/>
                  <SP HEIGHT="81" WIDTH="31" VPOS="2697" HPOS="1898"/>
                  <String HEIGHT="81"
                          WIDTH="308"
                          VPOS="2697"
                          HPOS="1806"
                          CONTENT="tantum"/>
                  <SP HEIGHT="81" WIDTH="31" VPOS="2697" HPOS="2114"/>
                  <String HEIGHT="81"
                          WIDTH="370"
                          VPOS="2697"
                          HPOS="2021"
                          CONTENT="quietari"/>
                  <SP HEIGHT="81" WIDTH="31" VPOS="2697" HPOS="2391"/>
                  <String HEIGHT="81"
                          WIDTH="154"
                          VPOS="2697"
                          HPOS="2268"
                          CONTENT="ibi"/>
               </TextLine>
               <TextLine ID="tl_78"
                         BASELINE="1410,2839 1465,2838 1718,2832"
                         HEIGHT="53"
                         WIDTH="309"
                         VPOS="2786"
                         HPOS="1410">
                  <String HEIGHT="53"
                          WIDTH="206"
                          VPOS="2786"
                          HPOS="1376"
                          CONTENT="in"/>
                  <SP HEIGHT="53" WIDTH="34" VPOS="2786" HPOS="1582"/>
                  <String HEIGHT="53"
                          WIDTH="275"
                          VPOS="2786"
                          HPOS="1444"
                          CONTENT="summo."/>
               </TextLine>
               <TextLine ID="line_1615898678793_67"
                         BASELINE="1469,2916 1619,2918 2035,2906 2149,2917 2394,2901 2443,2903"
                         HEIGHT="83"
                         WIDTH="974"
                         VPOS="2847"
                         HPOS="1469">
                  <String HEIGHT="83"
                          WIDTH="237"
                          VPOS="2847"
                          HPOS="1443"
                          CONTENT="Item,"/>
                  <SP HEIGHT="83" WIDTH="26" VPOS="2847" HPOS="1680"/>
                  <String HEIGHT="83"
                          WIDTH="448"
                          VPOS="2847"
                          HPOS="1601"
                          CONTENT="lntelligentia"/>
                  <SP HEIGHT="83" WIDTH="26" VPOS="2847" HPOS="2048"/>
                  <String HEIGHT="83"
                          WIDTH="184"
                          VPOS="2847"
                          HPOS="1969"
                          CONTENT="(c)"/>
                  <SP HEIGHT="83" WIDTH="26" VPOS="2847" HPOS="2153"/>
                  <String HEIGHT="83"
                          WIDTH="316"
                          VPOS="2847"
                          HPOS="2074"
                          CONTENT="inferior"/>
                  <SP HEIGHT="83" WIDTH="26" VPOS="2847" HPOS="2390"/>
                  <String HEIGHT="83"
                          WIDTH="158"
                          VPOS="2847"
                          HPOS="2285"
                          CONTENT="Vide"/>
               </TextLine>
               <TextLine ID="line_1615898678794_69"
                         BASELINE="1392,2971 1592,2989 1984,2989 2107,2981 2273,2979 2337,2979 2444,2954"
                         HEIGHT="98"
                         WIDTH="1053"
                         VPOS="2915"
                         HPOS="1392">
                  <String HEIGHT="98"
                          WIDTH="283"
                          VPOS="2915"
                          HPOS="1366"
                          CONTENT="•videns"/>
                  <SP HEIGHT="98" WIDTH="26" VPOS="2915" HPOS="1649"/>
                  <String HEIGHT="98"
                          WIDTH="385"
                          VPOS="2915"
                          HPOS="1572"
                          CONTENT="superiorem,"/>
                  <SP HEIGHT="98" WIDTH="26" VPOS="2915" HPOS="1957"/>
                  <String HEIGHT="98"
                          WIDTH="180"
                          VPOS="2915"
                          HPOS="1880"
                          CONTENT="aut"/>
                  <SP HEIGHT="98" WIDTH="26" VPOS="2915" HPOS="2060"/>
                  <String HEIGHT="98"
                          WIDTH="231"
                          VPOS="2915"
                          HPOS="1983"
                          CONTENT="videt"/>
                  <SP HEIGHT="98" WIDTH="26" VPOS="2915" HPOS="2214"/>
                  <String HEIGHT="98"
                          WIDTH="180"
                          VPOS="2915"
                          HPOS="2137"
                          CONTENT="eam"/>
                  <SP HEIGHT="98" WIDTH="26" VPOS="2915" HPOS="2317"/>
                  <String HEIGHT="98"
                          WIDTH="231"
                          VPOS="2915"
                          HPOS="2214"
                          CONTENT="Sc^*49."/>
               </TextLine>
               <TextLine ID="line_1615898678798_71"
                         BASELINE="1414,3069 1531,3068 1790,3069 1930,3061 2136,3060 2279,3056 2397,3055 2446,3060"
                         HEIGHT="105"
                         WIDTH="1034"
                         VPOS="2997"
                         HPOS="1413">
                  <String HEIGHT="105"
                          WIDTH="212"
                          VPOS="2997"
                          HPOS="1386"
                          CONTENT="esse"/>
                  <SP HEIGHT="105" WIDTH="27" VPOS="2997" HPOS="1599"/>
                  <String HEIGHT="105"
                          WIDTH="318"
                          VPOS="2997"
                          HPOS="1519"
                          CONTENT="finitam,"/>
                  <SP HEIGHT="105" WIDTH="27" VPOS="2997" HPOS="1837"/>
                  <String HEIGHT="105"
                          WIDTH="186"
                          VPOS="2997"
                          HPOS="1758"
                          CONTENT="aut"/>
                  <SP HEIGHT="105" WIDTH="27" VPOS="2997" HPOS="1943"/>
                  <String HEIGHT="105"
                          WIDTH="265"
                          VPOS="2997"
                          HPOS="1864"
                          CONTENT="credit"/>
                  <SP HEIGHT="105" WIDTH="27" VPOS="2997" HPOS="2129"/>
                  <String HEIGHT="105"
                          WIDTH="186"
                          VPOS="2997"
                          HPOS="2049"
                          CONTENT="eam"/>
                  <SP HEIGHT="105" WIDTH="27" VPOS="2997" HPOS="2235"/>
                  <String HEIGHT="105"
                          WIDTH="212"
                          VPOS="2997"
                          HPOS="2155"
                          CONTENT="esse"/>
                  <SP HEIGHT="105" WIDTH="27" VPOS="2997" HPOS="2367"/>
                  <String HEIGHT="105"
                          WIDTH="186"
                          VPOS="2997"
                          HPOS="2261"
                          CONTENT="au^lt"/>
               </TextLine>
               <TextLine ID="line_1615898678799_73"
                         BASELINE="1416,3145 1696,3148 1831,3138 1965,3137 2137,3135 2289,3131 2387,3130 2447,3118"
                         HEIGHT="107"
                         WIDTH="1033"
                         VPOS="3075"
                         HPOS="1416">
                  <String HEIGHT="107"
                          WIDTH="336"
                          VPOS="3075"
                          HPOS="1392"
                          CONTENT="infinitam,"/>
                  <SP HEIGHT="107" WIDTH="24" VPOS="3075" HPOS="1728"/>
                  <String HEIGHT="107"
                          WIDTH="168"
                          VPOS="3075"
                          HPOS="1656"
                          CONTENT="aut"/>
                  <SP HEIGHT="107" WIDTH="24" VPOS="3075" HPOS="1824"/>
                  <String HEIGHT="107"
                          WIDTH="168"
                          VPOS="3075"
                          HPOS="1752"
                          CONTENT="nec"/>
                  <SP HEIGHT="107" WIDTH="24" VPOS="3075" HPOS="1920"/>
                  <String HEIGHT="107"
                          WIDTH="216"
                          VPOS="3075"
                          HPOS="1848"
                          CONTENT="videt"/>
                  <SP HEIGHT="107" WIDTH="24" VPOS="3075" HPOS="2065"/>
                  <String HEIGHT="107"
                          WIDTH="192"
                          VPOS="3075"
                          HPOS="1993"
                          CONTENT="ejus"/>
                  <SP HEIGHT="107" WIDTH="24" VPOS="3075" HPOS="2185"/>
                  <String HEIGHT="107"
                          WIDTH="216"
                          VPOS="3075"
                          HPOS="2113"
                          CONTENT="fini-"/>
                  <SP HEIGHT="107" WIDTH="24" VPOS="3075" HPOS="2329"/>
                  <String HEIGHT="107"
                          WIDTH="216"
                          VPOS="3075"
                          HPOS="2233"
                          CONTENT="dcqho°'"/>
               </TextLine>
               <TextLine ID="line_1615898678800_75"
                         BASELINE="1416,3220 1586,3219 1728,3216 2116,3208 2218,3207 2291,3207 2449,3196"
                         HEIGHT="79"
                         WIDTH="1034"
                         VPOS="3150"
                         HPOS="1416">
                  <String HEIGHT="79"
                          WIDTH="227"
                          VPOS="3150"
                          HPOS="1391"
                          CONTENT="tatem"/>
                  <SP HEIGHT="79" WIDTH="25" VPOS="3150" HPOS="1618"/>
                  <String HEIGHT="79"
                          WIDTH="177"
                          VPOS="3150"
                          HPOS="1542"
                          CONTENT="nec"/>
                  <SP HEIGHT="79" WIDTH="25" VPOS="3150" HPOS="1719"/>
                  <String HEIGHT="79"
                          WIDTH="404"
                          VPOS="3150"
                          HPOS="1643"
                          CONTENT="infinitatem."/>
                  <SP HEIGHT="79" WIDTH="25" VPOS="3150" HPOS="2046"/>
                  <String HEIGHT="79"
                          WIDTH="151"
                          VPOS="3150"
                          HPOS="1971"
                          CONTENT="Si"/>
                  <SP HEIGHT="79" WIDTH="25" VPOS="3150" HPOS="2122"/>
                  <String HEIGHT="79"
                          WIDTH="303"
                          VPOS="3150"
                          HPOS="2046"
                          CONTENT="creditad"/>
                  <SP HEIGHT="79" WIDTH="25" VPOS="3150" HPOS="2349"/>
                  <String HEIGHT="79"
                          WIDTH="177"
                          VPOS="3150"
                          HPOS="2273"
                          CONTENT="2-."/>
                  <SP HEIGHT="79" WIDTH="25" VPOS="3150" HPOS="2450"/>
                  <String HEIGHT="79"
                          WIDTH="101"
                          VPOS="3150"
                          HPOS="2349"
                          CONTENT="p1"/>
               </TextLine>
               <TextLine ID="tl_84"
                         BASELINE="1419,3297 1538,3296 1676,3292 1972,3287 2000,3294 2161,3285 2289,3282 2432,3269"
                         HEIGHT="80"
                         WIDTH="1014"
                         VPOS="3232"
                         HPOS="1419">
                  <String HEIGHT="80"
                          WIDTH="209"
                          VPOS="3232"
                          HPOS="1389"
                          CONTENT="eam"/>
                  <SP HEIGHT="80" WIDTH="30" VPOS="3232" HPOS="1598"/>
                  <String HEIGHT="80"
                          WIDTH="239"
                          VPOS="3232"
                          HPOS="1508"
                          CONTENT="esse"/>
                  <SP HEIGHT="80" WIDTH="30" VPOS="3232" HPOS="1747"/>
                  <String HEIGHT="80"
                          WIDTH="388"
                          VPOS="3232"
                          HPOS="1658"
                          CONTENT="infinitam"/>
                  <SP HEIGHT="80" WIDTH="30" VPOS="3232" HPOS="2045"/>
                  <String HEIGHT="80" WIDTH="149" VPOS="3232" HPOS="1956" CONTENT=";"/>
                  <SP HEIGHT="80" WIDTH="30" VPOS="3232" HPOS="2105"/>
                  <String HEIGHT="80"
                          WIDTH="239"
                          VPOS="3232"
                          HPOS="2015"
                          CONTENT="ergo"/>
                  <SP HEIGHT="80" WIDTH="30" VPOS="3232" HPOS="2254"/>
                  <String HEIGHT="80"
                          WIDTH="209"
                          VPOS="3232"
                          HPOS="2165"
                          CONTENT="non"/>
                  <SP HEIGHT="80" WIDTH="30" VPOS="3232" HPOS="2373"/>
                  <String HEIGHT="80"
                          WIDTH="179"
                          VPOS="3232"
                          HPOS="2254"
                          CONTENT="bea¬"
                          SUBS_TYPE="HypPart1"
                          SUBS_CONTENT="beatificatur"/>
                  <HYP CONTENT="-"/>
               </TextLine>
               <TextLine ID="tl_85"
                         BASELINE="1419,3373 1661,3368 1747,3367 1856,3371 2012,3362 2268,3359 2437,3358"
                         HEIGHT="80"
                         WIDTH="1018"
                         VPOS="3307"
                         HPOS="1419">
                  <String HEIGHT="80"
                          WIDTH="368"
                          VPOS="3307"
                          HPOS="1391"
                          CONTENT="tificatur"
                          SUBS_TYPE="HypPart2"
                          SUBS_CONTENT="beatificatur"/>
                  <SP HEIGHT="80" WIDTH="28" VPOS="3307" HPOS="1758"/>
                  <String HEIGHT="80"
                          WIDTH="170"
                          VPOS="3307"
                          HPOS="1673"
                          CONTENT="in"/>
                  <SP HEIGHT="80" WIDTH="28" VPOS="3307" HPOS="1843"/>
                  <String HEIGHT="80"
                          WIDTH="198"
                          VPOS="3307"
                          HPOS="1758"
                          CONTENT="ea,"/>
                  <SP HEIGHT="80" WIDTH="28" VPOS="3307" HPOS="1956"/>
                  <String HEIGHT="80"
                          WIDTH="226"
                          VPOS="3307"
                          HPOS="1871"
                          CONTENT="quia"/>
                  <SP HEIGHT="80" WIDTH="28" VPOS="3307" HPOS="2098"/>
                  <String HEIGHT="80"
                          WIDTH="339"
                          VPOS="3307"
                          HPOS="2013"
                          CONTENT="stultius"/>
                  <SP HEIGHT="80" WIDTH="28" VPOS="3307" HPOS="2352"/>
                  <String HEIGHT="80"
                          WIDTH="198"
                          VPOS="3307"
                          HPOS="2239"
                          CONTENT="nihil"/>
               </TextLine>
               <TextLine ID="tl_86"
                         BASELINE="1425,3463 1574,3448 1696,3445 1884,3441 2060,3439 2230,3435 2438,3421"
                         HEIGHT="85"
                         WIDTH="1014"
                         VPOS="3383"
                         HPOS="1425">
                  <String HEIGHT="85"
                          WIDTH="277"
                          VPOS="3383"
                          HPOS="1394"
                          CONTENT="potet"/>
                  <SP HEIGHT="85" WIDTH="31" VPOS="3383" HPOS="1671"/>
                  <String HEIGHT="85"
                          WIDTH="246"
                          VPOS="3383"
                          HPOS="1579"
                          CONTENT="dici"/>
                  <SP HEIGHT="85" WIDTH="31" VPOS="3383" HPOS="1824"/>
                  <String HEIGHT="85"
                          WIDTH="246"
                          VPOS="3383"
                          HPOS="1732"
                          CONTENT="quam"/>
                  <SP HEIGHT="85" WIDTH="31" VPOS="3383" HPOS="1978"/>
                  <String HEIGHT="85"
                          WIDTH="246"
                          VPOS="3383"
                          HPOS="1886"
                          CONTENT="quod"/>
                  <SP HEIGHT="85" WIDTH="31" VPOS="3383" HPOS="2132"/>
                  <String HEIGHT="85"
                          WIDTH="277"
                          VPOS="3383"
                          HPOS="2040"
                          CONTENT="falsa"/>
                  <SP HEIGHT="85" WIDTH="31" VPOS="3383" HPOS="2316"/>
                  <String HEIGHT="85"
                          WIDTH="246"
                          VPOS="3383"
                          HPOS="2193"
                          CONTENT="opini¬"
                          SUBS_TYPE="HypPart1"
                          SUBS_CONTENT="opinione"/>
                  <HYP CONTENT="-"/>
               </TextLine>
               <TextLine ID="tl_87"
                         BASELINE="1432,3523 1528,3522 1757,3519 1877,3516 2097,3519 2441,3511"
                         HEIGHT="74"
                         WIDTH="1010"
                         VPOS="3458"
                         HPOS="1431">
                  <String HEIGHT="74"
                          WIDTH="244"
                          VPOS="3458"
                          HPOS="1396"
                          CONTENT="one"
                          SUBS_TYPE="HypPart2"
                          SUBS_CONTENT="opinione"/>
                  <SP HEIGHT="74" WIDTH="35" VPOS="3458" HPOS="1640"/>
                  <String HEIGHT="74"
                          WIDTH="313"
                          VPOS="3458"
                          HPOS="1535"
                          CONTENT="anima"/>
                  <SP HEIGHT="74" WIDTH="35" VPOS="3458" HPOS="1849"/>
                  <String HEIGHT="74"
                          WIDTH="244"
                          VPOS="3458"
                          HPOS="1744"
                          CONTENT="sit"/>
                  <SP HEIGHT="74" WIDTH="35" VPOS="3458" HPOS="1988"/>
                  <String HEIGHT="74"
                          WIDTH="348"
                          VPOS="3458"
                          HPOS="1884"
                          CONTENT="beata,"/>
                  <SP HEIGHT="74" WIDTH="35" VPOS="3458" HPOS="2232"/>
                  <String HEIGHT="74"
                          WIDTH="348"
                          VPOS="3458"
                          HPOS="2093"
                          CONTENT="secundum"/>
               </TextLine>
               <TextLine ID="tl_88"
                         BASELINE="1430,3606 1790,3595 1840,3593 1966,3592 2125,3587 2248,3597 2326,3584 2438,3584"
                         HEIGHT="83"
                         WIDTH="1008"
                         VPOS="3534"
                         HPOS="1430">
                  <String HEIGHT="83"
                          WIDTH="381"
                          VPOS="3534"
                          HPOS="1403"
                          CONTENT="Augustinum"/>
                  <SP HEIGHT="83" WIDTH="27" VPOS="3534" HPOS="1784"/>
                  <String HEIGHT="83"
                          WIDTH="191"
                          VPOS="3534"
                          HPOS="1702"
                          CONTENT="11."/>
                  <SP HEIGHT="83" WIDTH="27" VPOS="3534" HPOS="1893"/>
                  <String HEIGHT="83"
                          WIDTH="163"
                          VPOS="3534"
                          HPOS="1811"
                          CONTENT="de"/>
                  <SP HEIGHT="83" WIDTH="27" VPOS="3534" HPOS="1975"/>
                  <String HEIGHT="83"
                          WIDTH="272"
                          VPOS="3534"
                          HPOS="1893"
                          CONTENT="Civit."/>
                  <SP HEIGHT="83" WIDTH="27" VPOS="3534" HPOS="2166"/>
                  <String HEIGHT="83"
                          WIDTH="218"
                          VPOS="3534"
                          HPOS="2084"
                          CONTENT="Dei,"/>
                  <SP HEIGHT="83" WIDTH="27" VPOS="3534" HPOS="2302"/>
                  <String HEIGHT="83"
                          WIDTH="218"
                          VPOS="3534"
                          HPOS="2220"
                          CONTENT="cap."/>
                  <SP HEIGHT="83" WIDTH="27" VPOS="3534" HPOS="2438"/>
                  <String HEIGHT="83"
                          WIDTH="109"
                          VPOS="3534"
                          HPOS="2329"
                          CONTENT="4."/>
               </TextLine>
            </TextBlock>
         </PrintSpace>
      </Page>
   </Layout>
</alto>
