2653 3979
204 321 305 64 telleclu,
438 321 164 64 vel
532 321 211 64 talis
673 321 329 64 adaequatio
931 321 164 64 sit
1001 321 235 64 alicujus

200 406 424 53 communissimi
545 406 239 53 inter
704 406 265 53 omnia,
890 406 212 53 quae
996 406 239 53 possunt

199 481 345 54 apprehendi
471 481 148 54 ab
545 481 247 54 aliqua
717 481 321 54 potentia,
964 481 173 54 nec
1038 481 197 54 potest

200 556 336 53 apprehendi
464 556 264 53 aliquid
656 556 120 53 a
704 556 192 53 tali
825 556 288 53 potentia
1041 556 192 53 nisi
1137 556 96 53 de

200 632 164 54 quo
293 632 211 54 ipsum
434 632 376 54 praedicatur.
740 632 141 54 Et
810 632 211 54 dicit
951 632 188 54 quod
1045 632 188 54 intel¬-

195 705 266 57 lectus
382 705 293 57 creatus
594 705 186 57 non
701 705 239 57 habet
861 705 186 57 ens
940 705 293 57 inquantum

197 783 191 53 ens
306 783 191 53 pro
415 783 300 53 objecto
633 783 354 53 adaequato
905 783 245 53 primo
1041 783 191 53 modo,

197 858 177 55 sed
298 858 202 55 bene
424 858 277 55 secundo
626 858 227 55 modo.
777 858 151 55 Et
853 858 177 55 sic
954 858 177 55 non
1029 858 202 55 sequi¬-

198 935 202 53 tur,
324 935 202 53 quod
450 935 151 53 si
525 935 328 53 cognoscam
777 935 176 53 ens
878 935 151 53 in
954 935 176 53 sua
1029 935 202 53 maxima

194 1011 461 54 communitate,
569 1011 230 54 quod
713 1011 288 54 possim
885 1011 346 54 cognoscere

197 1084 327 55 quodlibet
448 1084 327 55 contentum
700 1084 176 55 sub
800 1084 277 55 ratione
977 1084 252 55 propria.

193 1159 208 56 Modo
323 1159 312 56 rationes
557 1159 312 56 Doctoris
790 1159 442 56 praesupponunt
1128 1159 104 56 de

194 1234 405 55 adaequatione
523 1234 228 55 entis
675 1234 228 55 primo
827 1234 228 55 modo,
979 1234 152 55 et
1055 1234 152 55 in
1105 1234 127 55 hoc

193 1311 178 54 non
294 1311 254 54 deviat
472 1311 127 54 a
523 1311 305 54 Doctore,
751 1311 229 54 tamen
904 1311 229 54 forte
1031 1311 203 54 posset

195 1387 284 55 probari
402 1387 181 55 via
505 1387 310 55 naturali
738 1387 181 55 ens
841 1387 336 55 inquantum
1074 1387 155 55 ens,

193 1464 225 53 esse
333 1464 337 53 objectum
586 1464 394 53 adaequatum
868 1464 365 53 intellectus

196 1540 279 50 creati,
398 1540 152 50 et
475 1540 177 50 hoc
576 1540 152 50 ex
652 1540 254 50 natura
829 1540 406 50 intellectus,
1134 1540 101 50 ut

199 1616 253 49 patebit
383 1616 207 49 infra
520 1616 115 49 a
566 1616 253 49 Doctore
750 1616 207 49 dist.
888 1616 138 49 3.
957 1616 138 49 et
1025 1616 207 49 dist.
1140 1616 92 49 8.

199 1691 124 52 et
261 1691 124 52 in
324 1691 124 52 2.
386 1691 124 52 d.
448 1691 124 52 2.
510 1691 124 52 et
572 1691 124 52 in
634 1691 228 52 quolib.
800 1691 124 52 q.
841 1691 104 52 14.

182 1766 157 53 7.
260 1766 157 53 Ad
339 1766 314 53 secundam
575 1766 314 53 rationem
811 1766 341 53 respondet
1047 1766 183 53 idem,

187 1842 213 54 Occham
336 1842 170 54 quod
442 1842 170 54 ista
549 1842 298 54 propositio
783 1842 234 54 deberet
953 1842 256 54 probari,
1124 1842 106 54 vi-

186 1917 218 59 supra.
339 1917 240 59 delicet
514 1917 175 59 quod
623 1917 262 59 potentia
819 1917 153 59 non
907 1917 284 59 quietatur
1103 1917 131 59 nisi

191 1994 160 56 in
271 1994 480 56 perfectissimo,
672 1994 320 56 contento
912 1994 187 56 sub
992 1994 240 56 objecto

193 2072 329 51 communi,
439 2072 219 51 quia
576 2072 164 51 si
658 2072 274 51 sensus
850 2072 274 51 potest
1015 2072 219 51 habere

194 2144 440 56 delectationem
557 2144 311 56 respectu
790 2144 285 56 plurium
971 2144 259 56 sensibi¬-

193 2222 213 53 lium,
335 2222 142 53 si
406 2222 213 53 esset
548 2222 260 53 aliquod
737 2222 307 53 sensibile
973 2222 213 53 minus
1091 2222 142 53 per¬-

189 2296 287 55 fectum,
397 2296 208 55 quod
528 2296 261 55 semper
710 2296 469 55 approximaretur
1075 2296 156 55 illi

192 2375 273 54 sensui,
390 2375 347 54 necessario
663 2375 248 54 semper
837 2375 322 54 quielaret
1060 2375 173 54 illum

191 2451 279 52 sensum,
394 2451 203 52 quia
521 2451 355 52 excluderet
800 2451 228 52 omnem
927 2451 305 52 tristitiam

196 2526 316 42 contrariam
445 2526 180 42 illi
535 2526 338 42 delectationi,

187 2601 277 63 ssponsio.
400 2601 299 63 Respondeo,
635 2601 171 63 quod
741 2601 192 63 licet
869 2601 192 63 ratio
997 2601 213 63 illius
1125 2601 107 63 ha¬-

189 2677 220 52 beat
327 2677 358 52 aliqualem
603 2677 441 52 apparentiam,
961 2677 193 52 non
1043 2677 193 52 tamen

193 2753 331 53 concludit
447 2753 255 53 contra
625 2753 305 53 rationem
854 2753 331 53 Doctoris,
1083 2753 153 53 quia

192 2827 199 53 bene
316 2827 348 53 conceditur
590 2827 199 53 quod
714 2827 249 53 stante
888 2827 199 53 tali
987 2827 249 53 approxi¬-

191 2904 209 52 mabo
322 2904 157 52 ne
400 2904 419 52 quietaretur,
741 2904 183 52 non
845 2904 236 52 tamen
976 2904 262 52 sequitur

191 2977 209 54 quod
322 2977 470 54 perfectissime,
713 2977 209 54 quia
844 2977 157 54 in
896 2977 340 54 perfectiori

191 3055 280 53 objecto
394 3055 204 53 sibi
521 3055 382 53 approximato
827 3055 229 53 magis
954 3055 280 53 quietare¬-

194 3129 198 52 tur.
318 3129 148 52 Et
392 3129 198 52 quod
515 3129 247 52 dicit,
688 3129 198 52 quod
812 3129 222 52 talis
936 3129 296 52 delectatio

193 3205 289 52 excludit
410 3205 338 52 tristitiam
675 3205 338 52 oppositam,
916 3205 314 52 conceditur,

189 3280 188 53 sed
296 3280 161 53 ex
377 3280 188 53 hoc
484 3280 188 53 non
591 3280 348 53 sequitur,
859 3280 214 53 quod
966 3280 268 53 excludat

193 3356 228 51 omnem
345 3356 381 51 tristitiam.
649 3356 152 51 Et
726 3356 254 51 ultra,
903 3356 254 51 posito
1055 3356 178 51 etiam

194 3431 203 54 quod
320 3431 405 54 excluderetur
650 3431 228 54 omnis
801 3431 355 54 tristitia,
1055 3431 177 54 adhuc

193 3506 173 53 non
292 3506 296 53 sequitur
514 3506 197 53 quod
637 3506 419 53 perfectissime
958 3506 271 53 quietare¬-

193 3582 177 54 tur
294 3582 406 54 quielatione,
624 3582 152 54 de
700 3582 177 54 qua
801 3582 304 54 loquimur
1029 3582 152 54 in
1080 3582 152 54 pro¬

1290 332 230 54 posito^
1458 332 147 54 nam
1541 332 230 54 aliquid
1709 332 251 54 quietari
1897 332 126 54 in
1960 332 168 54 alio
2065 332 168 54 con-
2149 332 188 54 Quieta-

1293 407 205 59 tingit
1436 407 307 59 dupliciter.
1682 407 143 59 Uno
1764 407 164 59 modo
1866 407 266 59 positive,
2071 407 164 59 sci-
2153 407 184 59 aliquid

1290 482 171 56 licet
1404 482 133 56 per
1480 482 267 56 positionem
1690 482 209 56 objecti
1842 482 324 56 perfectissime
2090 482 247 56 a]j0contin.

1286 548 350 71 quielalivi.
1566 548 187 71 Alto
1683 548 187 71 modo
1800 548 164 71 per
1893 548 350 71 exclusionem
2150 548 187 71 (lu^us

1287 626 252 61 actualem
1476 626 315 61 tristitiae.
1728 626 126 61 De
1791 626 189 61 prima
1917 626 315 61 quietalione
2148 626 189 61 m0(lis*

1284 708 271 53 intendit
1488 708 203 53 loqui
1623 708 248 53 Doctor,
1804 708 135 53 et
1871 708 248 53 patebit
2029 708 181 53 infra.

1338 777 155 61 (c)
1427 777 222 61 Tertio
1582 777 222 61 arguit
1737 777 222 61 Doctor
1893 777 222 61 contra
2048 777 222 61 opini-
2182 777 155 61 Idem-

1281 858 208 51 onem
1411 858 337 51 Avicennae
1670 858 182 51 ibi
1774 858 130 51 :
1826 858 208 51 Item
1930 858 389 51 inlelligenlia

1282 933 296 52 inferior
1504 933 247 52 videns
1677 933 370 52 superiorem,
1973 933 197 52 etc.
2097 933 148 52 Et
2146 933 173 52 ratio

1282 1008 222 54 clara
1431 1008 198 54 est.
1554 1008 148 54 Ad
1628 1008 198 54 hanc
1752 1008 296 54 rationem
1974 1008 321 54 respondet
2196 1008 124 54 qui

1280 1084 229 53 supra
1432 1084 381 53 dupliciter,
1737 1084 356 53 concedendo
2016 1084 203 53 quod
2118 1084 203 53 tertia

1282 1158 420 54 Intelligentia
1628 1158 247 54 videat
1801 1158 296 54 secundam
2023 1158 222 54 etiam
2146 1158 173 54 fini¬-

1287 1235 191 54 tam,
1407 1235 143 54 et
1478 1235 191 54 quod
1598 1235 239 54 videat
1765 1235 263 54 aliquid
1956 1235 335 54 perfectius
2195 1235 120 54 ea,

1283 1312 152 55 et
1359 1312 227 55 tamen
1510 1312 177 55 non
1611 1312 328 55 sequitur,
1864 1312 202 55 quin
1990 1312 177 55 sit
2066 1312 253 55 perfecte

1280 1388 328 52 quielata
1526 1388 164 52 in
1608 1388 328 52 secunda.
1854 1388 164 52 Et
1936 1388 191 52 cum
2045 1388 301 52 dicitur
2237 1388 82 52 a

1282 1465 279 53 Doctore
1484 1465 203 53 quod
1611 1465 253 53 tertia
1788 1465 431 53 Intelligentia
2117 1465 203 53 potest

1283 1539 282 54 appetere
1495 1539 212 54 illud
1636 1539 353 54 perfectius,
1919 1539 212 54 dicit
2060 1539 212 54 ille,
2178 1539 141 54 quod

1280 1614 186 54 non
1387 1614 372 54 ostenditur
1679 1614 213 54 quod
1813 1614 266 54 possit
1999 1614 239 54 recte
2132 1614 186 54 appe¬

1270 1694 143 35 tere.

1336 1765 171 53 Sed
1433 1765 269 53 judicio
1629 1765 171 53 meo
1726 1765 171 53 hoc
1824 1765 220 53 nihil
1971 1765 195 53 est,
2093 1765 244 53 suppo-
2239 1765 98 53 8.

1286 1812 178 81 nendo
1405 1812 159 81 mihi
1504 1812 178 81 unum,
1623 1812 159 81 quod
1722 1812 178 81 aliud
1841 1812 139 81 est
1921 1812 178 81 loqui
2040 1812 119 81 de
2079 1812 258 81 Respor,S10,

1281 1917 390 52 beatitudine
1593 1917 208 52 quam
1723 1917 312 52 potentia
1956 1917 182 52 est
2060 1917 208 52 apta
2164 1917 156 52 nata

1282 1991 272 53 habere;
1480 1991 148 53 et
1554 1991 222 53 aliud
1702 1991 173 53 est
1801 1991 222 53 loqui
1949 1991 148 53 de
1999 1991 321 53 beatitudine

1283 2068 208 53 quae
1413 2068 260 53 tantum
1595 2068 182 53 est
1699 2068 156 53 in
1777 2068 338 53 potestate
2037 2068 286 53 dantis,
2219 2068 104 53 et

1282 2144 273 52 certum
1473 2144 191 52 est
1582 2144 218 52 quod
1718 2144 218 52 isto
1855 2144 300 52 secundo
2073 2144 218 52 modo
2183 2144 136 52 po¬-

1284 2219 247 52 tentia
1457 2219 222 52 tamen
1605 2219 247 52 potest
1778 2219 222 52 recte
1925 2219 321 52 appetere,
2147 2219 173 52 quan¬-

1286 2294 176 52 tum
1387 2294 302 52 voluntas
1613 2294 227 52 recta
1765 2294 252 52 dantis
1941 2294 202 52 vult
2067 2294 176 52 eam
2143 2294 176 52 appe¬-

1286 2372 184 51 tere
1401 2372 138 51 et
1470 2372 161 51 non
1562 2372 207 51 pias,
1700 2372 138 51 ut
1769 2372 253 51 patebit
1952 2372 138 51 in
2021 2372 138 51 4.
2090 2372 207 51 dist.
2205 2372 115 51 49.

1285 2447 191 52 Sed
1394 2447 327 52 loquendo
1639 2447 245 52 primo
1803 2447 245 52 modo,
1966 2447 191 52 hoc
2076 2447 191 52 est
2157 2447 164 52 evi¬-

1282 2523 219 52 dens
1418 2523 219 52 quod
1555 2523 328 52 voluntas
1801 2523 273 52 potest
1992 2523 246 52 recte
2129 2523 191 52 velle

1281 2598 235 53 illud
1437 2598 209 53 quod
1568 2598 183 53 est
1672 2598 313 53 objectum
1907 2598 417 53 quietativum,
2220 2598 104 53 et

1284 2673 165 54 sic
1379 2673 306 54 responsio
1614 2673 188 54 illa
1732 2673 188 54 data
1850 2673 236 54 contra
2015 2673 141 54 Do
2085 2673 118 54 c
2133 2673 188 54 tore
2227 2673 94 54 m,

1283 2749 225 51 parum
1408 2749 300 51 concludit.

1337 2826 159 52 Dat
1428 2826 204 52 aliam
1564 2826 386 52 responsionem,
1883 2826 182 52 quod
1996 2826 273 52 Intelli-
2178 2826 159 52 Liem.

1279 2903 254 53 gentia
1456 2903 177 53 non
1558 2903 330 53 cognoscit
1811 2903 279 53 primam,
2014 2903 152 53 et
2090 2903 177 53 per
2166 2903 152 53 con¬-

1287 2978 285 52 sequens
1494 2978 181 52 non
1598 2978 259 52 potest
1780 2978 337 52 appetere.
2039 2978 233 52 Dico,
2168 2978 156 52 quod

1286 3052 145 53 si
1358 3052 169 53 via
1455 3052 289 53 naturali
1671 3052 265 53 probari
1864 3052 241 53 posset
2033 3052 265 53 aliquod
2202 3052 120 53 ens

1284 3127 189 54 esse
1402 3127 330 54 infinitum,
1662 3127 212 54 illud
1804 3127 236 54 maxime
1945 3127 378 54 intelligerelur

1282 3204 121 53 a
1330 3204 242 53 tertia
1500 3204 436 53 Intelligentia.
1863 3204 194 53 Dico
1985 3204 291 53 secundo,
2179 3204 145 53 quod

1281 3280 149 55 si
1356 3280 248 55 tertia
1529 3280 421 55 Intelligentia
1875 3280 272 55 videndo
2049 3280 272 55 secundam,

1279 3356 174 53 aut
1379 3356 224 53 videt
1528 3356 224 53 ipsam
1677 3356 199 53 esse
1801 3356 273 53 primam,
2000 3356 149 53 et
2074 3356 174 53 sic
2149 3356 174 53 deci¬-

1278 3431 261 53 pitur;
1461 3431 183 53 aut
1565 3431 235 53 videt
1722 3431 235 53 ipsam
1878 3431 209 53 esse
2009 3431 313 53 secundam
2218 3431 104 53 et

1281 3506 313 53 productam
1522 3506 145 53 ab
1594 3506 217 53 alia,
1739 3506 193 53 ergo
1859 3506 241 53 potest
2004 3506 313 53 intelligere

1276 3582 447 54 producentem;
1639 3582 168 54 et
1723 3582 363 54 producens
1974 3582 335 54 aequivocum
