2624 3979
297 339 173 55 est
396 339 370 55 simpliciter
692 339 296 55 nobilius
914 339 321 55 producto,
1160 339 148 55 et
1210 339 123 55 per

296 418 347 51 consequens
569 418 248 51 potest
742 418 297 51 appetere
941 418 198 51 illam.

346 488 176 57 (d)
447 488 252 57 Ultimo
623 488 252 57 arguit
799 488 252 57 Doctor
975 488 277 57 ducendo
1152 488 176 57 rati¬-

293 565 213 54 onem
427 565 347 54 Avicennae
694 565 160 54 ad
774 565 347 54 oppositum
1040 565 187 54 ibi
1147 565 133 54 :
1174 565 160 54 Item

298 640 206 55 duco
427 640 310 55 rationem
659 640 155 55 ad
737 640 361 55 oppositum.
1020 640 155 55 Ad
1098 640 206 55 hanc
1201 640 129 55 ra¬-

296 716 253 55 tionem
473 716 329 55 respondet
726 716 228 55 idem,
878 716 177 55 ubi
979 716 253 55 supra,
1131 716 202 55 dicens

295 792 198 55 quod
419 792 173 55 non
518 792 296 55 sequitur
740 792 124 55 :
789 792 420 55 Inlelligentia
1111 792 222 55 secunda

295 867 208 56 finit
433 867 254 56 ratione
618 867 277 56 alterius
826 867 208 56 finis
964 867 115 56 ;
1010 867 185 56 ergo
1125 867 161 56 non
1195 867 138 56 qui-

295 943 217 53 etat,
440 943 217 53 sicut
585 943 338 53 diceretur,
850 943 314 53 sensibile
1092 943 169 53 non
1164 943 169 53 dele¬-

296 1019 198 54 ctat
420 1019 198 54 nisi
544 1019 148 54 in
618 1019 272 54 virtute
816 1019 322 54 alterius,
1063 1019 198 54 quod
1162 1019 173 54 tamen

293 1095 169 54 non
389 1095 314 54 delectat,
631 1095 145 54 et
704 1095 218 54 tamen
849 1095 169 54 qui
945 1095 121 54 e
994 1095 169 54 tat
1066 1095 266 54 appetitum

269 1173 313 41 sensitivum.

346 1245 172 50 Hoc
445 1245 222 50 nihil
593 1245 172 50 est
691 1245 246 50 contra
864 1245 296 50 rationem
1061 1245 271 50 Doctoris,

292 1320 348 55 supponendo
565 1320 248 55 primo,
739 1320 199 55 quod
863 1320 248 55 tertia
1012 1320 323 55 Intelligen-

294 1397 181 54 tia
398 1397 259 54 possit
579 1397 388 54 intelligere
889 1397 285 54 primam,
1096 1397 155 54 ut
1148 1397 181 54 etiam

289 1469 385 57 Philosophi
592 1469 440 57 concederent.
950 1469 330 57 Secundo,
1170 1469 165 57 quod

292 1546 204 56 ratio
428 1546 272 56 formalis
632 1546 249 56 objecti
813 1546 317 56 quietativi
1062 1546 204 56 dicit
1175 1546 159 56 enti-

290 1623 229 55 tatem
442 1623 331 55 perfectam
697 1623 153 55 et
774 1623 357 55 absolutam,
1054 1623 153 55 ut
1105 1623 229 55 patebit

289 1698 235 56 infra
446 1698 131 56 a
498 1698 313 56 Doctore;
733 1698 313 56 sequitur
968 1698 235 56 ergo,
1124 1698 209 56 quod
1229 1698 104 56 si

288 1775 280 56 secunda
491 1775 433 56 Intelligentia
848 1775 255 56 causat
1026 1775 306 56 tertiam,
1230 1775 102 56 in

291 1850 271 57 virtute
488 1850 246 57 primae
661 1850 197 57 (cum
784 1850 271 57 entitas
981 1850 246 57 illius
1129 1850 197 57 depen¬-

293 1925 203 57 deat
419 1925 127 57 a
470 1925 228 57 prima
622 1925 152 57 in
698 1925 203 57 esse
825 1925 152 57 et
901 1925 380 57 conservari)
1180 1925 152 57 quod

292 2002 165 56 non
387 2002 236 56 potest
552 2002 307 56 quietare,
789 2002 189 56 nisi
907 2002 142 56 in
978 2002 260 56 virtute
1143 2002 189 56 primae

295 2079 194 58 (cum
416 2079 218 58 ratio
561 2079 339 58 quietativa
827 2079 314 58 dependeat
1069 2079 145 58 in
1141 2079 194 58 esse
1238 2079 97 58 et

296 2152 330 58 conservari
556 2152 118 58 a
603 2152 212 58 prima
744 2152 448 58 Intelligentia.)
1122 2152 141 58 Et
1169 2152 165 58 ultra

295 2230 330 58 sequitur,
549 2230 203 58 quod
676 2230 229 58 ratio
828 2230 356 58 quietativa
1082 2230 254 58 secundae

295 2306 165 57 est
390 2306 377 57 imperfectior
696 2306 259 57 ratione
884 2306 330 57 quietativa
1120 2306 212 57 primae,

296 2381 139 57 et
365 2381 231 57 tertia
527 2381 393 57 Intelligentia
851 2381 162 57 est
943 2381 208 57 capax
1082 2381 231 57 illius
1220 2381 116 57 po¬-

295 2460 291 53 tentiae,
513 2460 145 53 ut
586 2460 291 53 probatum
804 2460 170 53 est
901 2460 218 53 supra
1046 2460 121 53 ;
1095 2460 194 53 ergo
1192 2460 145 53 stat

291 2531 235 58 ratio
448 2531 314 58 Doctoris
683 2531 209 58 quod
813 2531 183 58 non
918 2531 261 58 potest
1075 2531 261 58 quietari

292 2607 215 59 nisi
426 2607 161 59 in
507 2607 268 59 prima.
694 2607 295 59 Quaedam
909 2607 215 59 alia
1016 2607 322 59 adducuntur

290 2685 198 60 per
403 2685 254 60 supra
572 2685 367 60 arguentem
855 2685 283 60 contra
1024 2685 311 60 Doclorem,

294 2760 199 60 quae
418 2760 149 60 ex
493 2760 248 60 dictis
667 2760 223 60 supra
816 2760 248 60 facile
989 2760 348 60 solvuntur.
1238 2760 99 60 Et

292 2834 209 62 quia
423 2834 314 62 rationes
658 2834 235 62 Scoti
814 2834 287 62 probant
1023 2834 261 62 etiam,
1180 2834 157 62 quod

288 2910 403 54 intellectus
610 2910 268 54 noster
798 2910 188 54 non
906 2910 268 54 potest
1067 2910 268 54 perfecte

298 2987 300 61 quietari,
529 2987 139 61 et
598 2987 162 61 hoc
690 2987 139 61 ex
760 2987 231 61 natura
921 2987 300 61 potentiae
1152 2987 185 61 nisi
1245 2987 92 61 in

295 3064 402 59 perfectissimo
627 3064 213 59 ente,
769 3064 142 59 et
840 3064 166 59 hoc
935 3064 142 59 in
1006 3064 142 59 se
1077 3064 142 59 et
1148 3064 142 59 in
1195 3064 142 59 par¬-

297 3139 306 58 ticulari,
533 3139 165 58 cum
627 3139 165 58 non
721 3139 165 58 sit
815 3139 212 58 major
956 3139 212 58 ratio
1098 3139 141 58 de
1145 3139 188 58 intel¬-

292 3216 235 53 lectu
448 3216 261 53 nostro
631 3216 156 53 ex
709 3216 261 53 natura
892 3216 391 53 intellectus
1179 3216 156 53 quam

298 3291 148 56 de
372 3291 346 56 intellectu
644 3291 444 56 Intelligenlise
1014 3291 321 56 secundae.
1236 3291 99 56 Et

300 3367 207 55 istae
438 3367 184 55 duae
553 3367 299 55 rationes,
783 3367 184 55 quas
898 3367 207 55 facit
1036 3367 230 55 Doctor
1197 3367 138 55 in
1243 3367 92 55 4.

302 3442 144 59 d.
374 3442 168 59 49.
470 3442 265 59 quaest.
663 3442 144 59 8.
735 3442 216 59 etiam
879 3442 168 59 pro
975 3442 192 59 ista
1096 3442 192 59 via,
1192 3442 144 59 ideo

302 3518 169 55 hic
398 3518 241 55 adduxi
567 3518 193 55 eas,
687 3518 145 55 ut
760 3518 265 55 clarius
952 3518 289 55 videatur
1145 3518 193 55 opinio

304 3599 173 49 ista
412 3599 130 49 et
477 3599 303 49 evidentior
693 3599 130 49 sit.

1436 336 283 76 Insuper
1642 336 154 76 ut
1719 336 334 76 appareat,
1976 336 205 76 quod
2104 336 360 76 improbatio
2361 336 77 76 t

1386 413 172 54 quam
1493 413 193 54 facit
1622 413 215 54 quidam
1772 413 193 54 novus
1901 413 279 54 interpres
2116 413 215 54 Philo-
2245 413 193 54 Suessan

1381 490 241 52 sophi,
1550 490 217 52 nihil
1694 490 241 52 contra
1863 490 241 52 Scotum
2031 490 265 52 valeat,
2224 490 169 52 qui
2297 490 120 52 no¬-

1381 565 165 52 vus
1476 565 307 52 expositor
1712 565 165 52 sic
1806 565 236 52 dicit,
1971 565 189 52 quod
2089 565 236 52 Scotus
2230 565 189 52 probat

1381 642 279 43 ratione
1583 642 304 43 naturali
1811 642 380 43 intellectum
2115 642 279 43 nostrum
2292 642 127 43 non

1382 717 212 54 posse
1524 717 283 54 quietari
1736 717 189 54 nisi
1854 717 142 54 in
1925 717 330 54 cognitione
2161 717 260 54 inluitiva

1381 793 213 53 summi
1523 793 449 53 intelligibilis,
1901 793 142 53 et
1972 793 260 53 adducit
2161 793 189 53 duas
2256 793 165 53 rati¬-

1379 868 208 52 ones
1509 868 208 52 quas
1639 868 234 52 dicit
1795 868 208 52 esse
1924 868 234 52 Scoti
2080 868 156 52 in
2158 868 156 52 4.
2236 868 156 52 d.
2288 868 130 52 49.

1380 943 152 55 q.
1456 943 152 55 8.
1532 943 254 55 Prima,
1709 943 203 55 quia
1836 943 228 55 totum
1988 943 177 55 ens
2089 943 177 55 est
2166 943 254 55 objectum

1379 1016 381 56 intellectus
1683 1016 279 56 nostri;
1887 1016 254 56 igitur
2064 1016 178 56 non
2141 1016 279 56 quietalur

1383 1094 193 54 nisi
1504 1094 145 54 in
1576 1094 338 54 cognitione
1842 1094 217 54 summi
1986 1094 435 54 intelligibilis
2324 1094 97 54 in

1381 1170 173 53 se.
1480 1170 371 53 Declaratur,
1777 1170 198 53 quia
1901 1170 173 53 non
2000 1170 322 53 quietatur
2247 1170 148 53 in
2296 1170 124 53 co¬-

1384 1245 269 54 gnitione
1585 1245 224 54 illius
1742 1245 134 54 in
1809 1245 336 54 universali,
2078 1245 179 54 quia
2190 1245 157 54 sic
2257 1245 157 54 illum

1380 1323 391 54 cognoscere
1687 1323 196 54 non
1799 1323 196 54 est
1911 1323 252 54 illum
2051 1323 363 54 cognoscere;

1382 1394 229 55 igitur
1542 1394 137 55 in
1611 1394 321 55 cognitione
1863 1394 229 55 ipsius
2023 1394 160 55 Dei
2115 1394 137 55 in
2161 1394 114 55 se.

1435 1471 271 54 Secundo
1633 1471 321 54 arguitur,
1879 1471 197 54 quia
2003 1471 197 54 quod
2126 1471 173 54 est
2200 1471 222 54 simpli¬-

1385 1546 208 55 citer
1524 1546 370 55 perfectionis
1824 1546 139 55 in
1893 1546 231 55 aliquo
2055 1546 254 55 genere,
2240 1546 139 55 si
2286 1546 139 55 com¬-

1385 1622 203 54 petit
1521 1622 293 54 inferiori
1746 1622 135 54 in
1814 1622 180 54 illo
1927 1622 248 54 genere,
2107 1622 203 54 etiam
2220 1622 203 54 oportet

1380 1700 156 53 ut
1458 1700 338 53 superiori
1718 1700 338 53 competat,
1978 1700 182 53 sed
2082 1700 312 53 cognitio
2290 1700 130 53 in¬-

1385 1775 169 54 tui
1481 1775 193 54 tiva
1602 1775 289 54 competit
1819 1775 265 54 sensui;
2011 1775 241 54 igitur
2180 1775 217 54 multo
2301 1775 120 54 ma¬-

1383 1851 165 53 gis
1478 1851 377 53 intellectui.
1784 1851 188 53 Haec
1902 1851 259 53 Scotus.
2090 1851 165 53 Sed
2184 1851 212 53 istae
2302 1851 118 53 ra¬-

1386 1926 237 53 tiones,
1559 1926 129 53 ut
1623 1926 194 53 dicit
1752 1926 172 53 ille
1860 1926 301 53 expositor,
2096 1926 258 53 frivolae
2268 1926 151 53 sunt.

1382 2001 228 55 Prima
1534 2001 279 55 quidem,
1737 2001 203 55 quia
1864 2001 203 55 sive
1991 2001 178 55 ens
2092 2001 178 55 sit
2168 2001 254 55 objectum

1381 2077 400 53 intellectus
1701 2077 213 53 sive
1835 2077 213 53 non,
1968 2077 267 53 semper
2128 2077 293 53 conceptus

1385 2153 222 53 entis
1534 2153 321 53 cujusvis,
1781 2153 296 53 causatus
2003 2153 173 53 est
2102 2153 124 53 a
2127 2153 296 53 quidditate

1384 2230 329 52 materiali
1637 2230 177 52 per
1738 2230 380 52 phantasmata
2017 2230 405 52 repraesentata,

1387 2306 138 53 et
1456 2306 161 53 ita
1548 2306 161 53 ens
1640 2306 161 53 est
1732 2306 276 53 objectum
1940 2306 368 53 intellectus,
2239 2306 138 53 ut
2285 2306 138 53 cau¬-

1382 2380 228 55 satum
1534 2380 127 55 a
1584 2380 355 55 quidditate
1863 2380 329 55 materiali
2116 2380 177 55 per
2192 2380 228 55 phanta¬-

1384 2460 219 49 smata
1505 2460 390 49 repraesentata.

1431 2532 170 54 Ad
1516 2532 368 54 secundam,
1799 2532 312 54 concedo
2025 2532 227 54 quod
2139 2532 283 54 cognitio

1385 2608 293 52 intuitiva
1611 2608 158 52 est
1701 2608 316 52 possibilis
1949 2608 361 52 intellectui,
2243 2608 158 52 sed
2310 2608 113 52 non

1380 2684 320 52 respectu
1620 2684 240 52 omnis
1780 2684 480 52 cognoscibilis,
2180 2684 213 52 quia
2287 2684 133 52 non

1383 2759 304 52 respectu
1611 2759 405 52 substantiae,
1940 2759 177 52 nec
2041 2759 304 52 respectu
2244 2759 177 52 mate¬-

1384 2836 218 52 riae,
1529 2836 218 52 solum
1674 2836 218 52 autem
1819 2836 290 52 respectu
2037 2836 266 52 objecti
2206 2836 218 52 propor-

1386 2911 362 51 tionabilis.
1675 2911 145 51 Et
1748 2911 169 51 sic
1844 2911 169 51 non
1941 2911 265 51 oportet
2134 2911 193 51 esse
2254 2911 169 51 ita
2327 2911 96 51 in

1384 2986 272 51 omnibus
1582 2986 148 51 si
1656 2986 173 51 est
1755 2986 148 51 de
1829 2986 198 51 uno,
1953 2986 198 51 quia
2077 2986 247 51 potest
2225 2986 198 51 intel¬-

1382 3061 267 53 lectus
1569 3061 294 53 aliquod
1783 3061 427 53 cognoscibile
2103 3061 321 53 cognoscere

1384 3137 330 50 intuitive
1637 3137 152 50 et
1714 3137 406 50 abstractive,
2043 3137 178 50 non
2145 3137 228 50 autem
2272 3137 152 50 omne

1383 3212 294 54 propter
1597 3212 321 54 defectum
1838 3212 455 54 proportionis.
2185 3212 241 54 Amplius

1387 3288 253 53 contra
1564 3288 329 53 exterorum
1816 3288 329 53 principem
2069 3288 227 53 argui
2196 3288 227 53 potest,

1387 3363 193 52 quia
1508 3363 193 52 ipse
1629 3363 218 52 tenet
1774 3363 169 52 non
1870 3363 218 52 posse
2015 3363 290 52 naturali
2209 3363 218 52 ratione

1388 3439 388 51 demonstrari
1698 3439 388 51 intellectum
2008 3439 207 51 esse
2112 3439 310 51 perpetuum;

1385 3514 254 54 igitur
1562 3514 178 54 nec
1664 3514 228 54 ipsum
1816 3514 203 54 esse
1943 3514 279 54 capacem
2146 3514 228 54 talis
2273 3514 152 54 bea-

1388 3589 329 54 titudinis,
1647 3589 188 54 quia
1765 3589 141 54 ut
1836 3589 188 54 ipse
1953 3589 212 54 dicit
2095 3589 141 54 in
2165 3589 188 54 alia
2259 3589 165 54 quae-
