2653 3979
457 344 480 40 COMMENTARIUS.

261 475 168 56 (a)
357 475 144 56 De
429 475 240 56 tertio
597 475 312 56 articulo.
836 475 168 56 Hic
932 475 240 56 Doctor
1076 475 168 56 notat

209 550 305 54 triplicem
443 550 211 54 finem
584 550 329 54 fruitionis
842 550 141 54 in
912 550 282 54 communi.
1100 550 141 54 Pri-

171 628 114 42 •
217 628 159 42 mus
308 628 250 42 dicitur
490 628 205 42 finis
626 628 205 42 verus
762 628 318 42 etexistens
1013 628 136 42 ex
1058 628 182 42 natura

201 702 198 53 rei,
325 702 148 53 in
399 702 173 53 quo
498 702 198 53 vere
621 702 173 53 est
720 702 222 53 ratio
868 702 222 53 omnis
1017 702 222 53 boni,
1140 702 99 53 et

198 779 233 51 nulla
354 779 181 51 est
457 779 233 51 ratio
613 779 311 51 alicujus
846 779 233 51 mali.
976 779 259 51 Secundus

204 856 283 50 dicitur
410 856 232 50 finis
565 856 335 50 apparens,
822 856 154 50 in
899 856 180 50 quo
1002 856 206 50 vere
1105 856 129 50 non

201 929 185 50 est
306 929 238 50 ratio
465 929 238 50 omnis
624 929 238 50 boni,
783 929 185 50 sed
889 929 265 50 tantum
1048 929 185 50 appa¬-

192 1005 309 52 renter,
417 1005 169 52 ut
501 1005 253 52 patet
669 1005 169 52 de
754 1005 421 52 felicitate,
1063 1005 169 52 quam

194 1080 227 52 multi
345 1080 354 52 Philosophi
623 1080 354 52 posuerunt,
901 1080 202 52 quos
1002 1080 227 52 Aristo¬-

195 1157 216 52 teles
339 1157 264 52 recitat
531 1157 144 52 1.
603 1157 240 52 Ethic.
772 1157 192 52 quia
892 1157 240 52 quidam
1036 1157 192 52 posue¬-

188 1232 231 41 runt
332 1232 317 41 ultimum
563 1232 260 41 finem
736 1232 317 41 hominis
967 1232 173 41 in
1025 1232 202 41 volu¬-

192 1308 329 52 ptatibus,
444 1308 253 52 quidam
621 1308 152 52 in
697 1308 354 52 honoribus,
975 1308 202 52 etc.
1076 1308 152 52 Ter¬-

195 1383 169 51 tius
301 1383 233 51 dicitur
470 1383 191 51 finis
597 1383 275 51 praefixus
809 1383 169 51 sive
915 1383 339 51 praestitutus
1169 1383 64 51 a

193 1460 345 50 voluntate,
464 1460 148 50 et
538 1460 172 50 est
637 1460 197 50 ille
760 1460 148 50 in
834 1460 172 50 quo
932 1460 172 50 non
1031 1460 172 50 est
1105 1460 123 50 ra¬-

189 1537 192 49 tio
298 1537 246 49 omnis
462 1537 246 49 boni,
627 1537 246 49 neque
791 1537 246 49 vere,
955 1537 246 49 neque
1092 1537 137 49 ap¬-

185 1613 366 50 parenter.
466 1613 366 50 Exemplum,
748 1613 281 50 avarus
916 1613 310 50 cognoscit

168 1687 129 53 .
220 1687 181 53 pro
323 1687 232 53 certo
478 1687 206 53 quod
607 1687 310 53 pecuniae
839 1687 181 53 non
942 1687 206 53 sunt
1045 1687 181 53 finis

189 1765 224 53 ejus
329 1765 336 53 ultimus,
581 1765 224 53 quia
721 1765 364 53 cognoscit
1001 1765 224 53 quod
1113 1765 112 53 in

187 1843 346 50 pecuniis,
454 1843 186 50 nec
560 1843 240 50 vere,
720 1843 186 50 nec
827 1843 373 50 apparenter
1093 1843 133 50 est

184 1917 260 48 ratio
357 1917 260 48 omnis
530 1917 260 48 boni,
704 1917 173 48 et
790 1917 260 48 tamen
963 1917 173 48 ex
1021 1917 202 48 amore

185 1991 372 43 inordinato
478 1991 372 43 constituit
771 1991 186 43 ibi
877 1991 213 43 suum
984 1991 239 43 ultimum

185 2068 259 52 finem,
366 2068 155 52 et
444 2068 207 52 quod
574 2068 233 52 talis
729 2068 233 52 finis
858 2068 363 52 praestitutus

183 2146 273 51 possit
374 2146 246 51 esse,
538 2146 273 51 probat
729 2146 273 51 Doctor
920 2146 191 51 ubi
1002 2146 218 51 supra,

187 2222 136 40 et
255 2222 249 40 littera
437 2222 204 40 clara
550 2222 136 40 est.

232 2297 310 51 Videtur
457 2297 253 51 autem
626 2297 225 51 quod
767 2297 281 51 Doctor
964 2297 197 51 hic
1048 2297 169 51 con¬-

182 2373 327 52 tradicat
427 2373 245 52 sibi.
590 2373 191 52 Nam
699 2373 191 52 hic
808 2373 272 52 dicit,
998 2373 218 52 quod
1107 2373 109 52 in

185 2451 378 49 cujuscumque
487 2451 328 49 potestate
739 2451 176 49 est
840 2451 252 49 agere,
1016 2451 151 49 in
1067 2451 151 49 ejus

176 2526 328 48 potestate
428 2526 177 48 est
529 2526 227 48 modus
681 2526 278 48 agendi.
883 2526 152 48 Et
959 2526 202 48 vult
1060 2526 152 48 hic,

185 2601 192 49 quod
305 2601 216 49 sicut
449 2601 312 49 'voluntas
689 2601 240 49 potest
858 2601 288 49 absolute
1050 2601 168 49 velle

182 2675 148 50 et
256 2675 172 50 non
355 2675 246 50 velle,
527 2675 172 50 ita
625 2675 246 50 potest
798 2675 221 50 velle
945 2675 172 50 sic
1044 2675 148 50 et
1093 2675 123 50 non

181 2750 239 51 velle
341 2750 212 51 sic;
473 2750 159 51 et
553 2750 239 51 tamen
712 2750 239 51 infra
871 2750 159 51 d.
924 2750 292 51 praesenti

184 2827 284 51 quaesi.
391 2827 155 51 2.
468 2827 310 51 expresse
700 2827 181 51 hoc
803 2827 258 51 negat,
984 2827 181 51 ubi
1061 2827 155 51 vult

182 2905 212 51 quod
315 2905 239 51 licet
474 2905 186 51 sit
580 2905 159 51 in
660 2905 345 51 potestate
899 2905 318 51 voluntatis

181 2980 207 54 frui
311 2980 181 54 vel
414 2980 181 54 non
518 2980 233 54 frui,
673 2980 181 54 non
777 2980 233 54 tamen
932 2980 181 54 est
1036 2980 155 54 in
1088 2980 129 54 po¬-

185 3054 315 51 testate
415 3054 229 51 ejus
558 3054 229 51 frui
701 3054 229 51 sic,
844 3054 201 51 vel
959 3054 201 51 non
1045 3054 172 51 frui

168 3132 113 39 sic.

234 3208 362 53 Respondeo,
519 3208 207 53 quod
648 3208 155 53 si
726 3208 362 53 diligenter
985 3208 233 53 intuea¬-

184 3285 181 48 tur
287 3285 284 48 littera
494 3285 335 48 Doctoris,
752 3285 232 48 nulla
906 3285 181 48 est
984 3285 232 48 contra¬-

180 3357 285 55 dictio,
387 3357 207 55 quia
517 3357 259 55 quando
698 3357 259 55 dicit,
879 3357 207 55 quod
1009 3357 181 55 non
1087 3357 129 55 est

178 3435 148 52 in
252 3435 320 52 potestate
498 3435 345 52 voluntatis
769 3435 197 52 frui
892 3435 197 52 sic,
1015 3435 172 52 vel
1089 3435 123 52 non

173 3511 218 53 frui
309 3511 218 53 sic,
445 3511 218 53 puta
581 3511 218 53 frui
717 3511 190 53 una
825 3511 299 53 persona
1016 3511 190 53 clare

1296 238 270 52 ostensa
1493 238 147 52 et
1566 238 172 52 non
1665 238 196 52 frui
1787 238 221 52 alia,
1934 238 294 52 loquitur
2155 238 172 52 ibi
2229 238 98 52 de

1293 312 328 54 fruitione
1545 312 328 54 ordinata,
1797 312 202 54 quia
1923 312 252 54 certum
2100 312 177 54 est
2176 312 151 54 quod

1.0270269E7 9.999999E6 -3.243243E6 -9.999999E6 voluntas
7.837837E6 9.999999E6 -1.891892E6 -9.999999E6 non
6.756756E6 9.999999E6 -2.702702E6 -9.999999E6 potest
4.864864E6 9.999999E6 -3.243243E6 -9.999999E6 ordinate
2.432432E6 9.999999E6 -2.162162E6 -9.999999E6 frui
1.351351E6 9.999999E6 -1.351351E6 -9.999999E6 una

1290 458 311 50 persona,
1524 458 182 50 non
1627 458 285 50 fruendo
1835 458 234 50 alia,
1991 458 156 50 et
2069 458 182 50 hoc
2146 458 182 50 stan¬-

1294 534 147 52 te
1368 534 442 52 determinatione
1737 534 270 52 divina}
1933 534 368 52 voluntatis,
2203 534 123 52 qua

1291 608 451 53 determinavit,
1662 608 212 53 quod
1794 608 265 53 fruens
1980 608 186 53 una
2059 608 265 53 persona,

1284 683 309 43 fruatur
1508 683 168 43 et
1593 683 253 43 alia.
1761 683 224 43 Tota
1901 683 224 43 enim
2013 683 309 43 rectitudo

1282 759 293 50 fruendi
1495 759 186 50 sic
1602 759 186 50 vel
1708 759 186 50 non
1815 759 293 50 fruendi
2028 759 213 50 sic,
2161 759 186 50 est
2241 759 80 50 a

1280 837 364 51 voluntate
1560 837 280 51 divina
1756 837 224 51 quar
1896 837 196 51 est
2008 837 280 51 regula
2176 837 140 51 om¬-

1278 914 243 49 nium
1429 914 304 49 actuum
1642 914 425 49 humanorum,
1976 914 182 49 ut
2067 914 273 49 patet
2219 914 91 49 a

1283 988 264 51 Doctore
1475 988 144 51 q.
1547 988 360 51 ult.prolog.
1835 988 144 51 et
1907 988 144 51 d.
1979 988 168 51 44.
2075 988 240 51 primi,
2219 988 96 51 et

1278 1064 252 52 alibi
1446 1064 280 52 saepe.
1642 1064 336 52 Loquendo
1893 1064 252 52 tamen
2061 1064 168 52 de
2117 1064 196 52 frui¬-

1279 1140 246 51 tione
1443 1140 164 51 in
1525 1140 328 51 communi,
1771 1140 219 51 dico
1907 1140 219 51 quod
2044 1140 246 51 sicut
2180 1140 137 51 est

1278 1215 145 54 in
1350 1215 313 54 potestate
1591 1215 337 54 voluntatis
1856 1215 193 54 frui
1977 1215 169 54 vel
2073 1215 169 54 non
2145 1215 169 54 frui,

1274 1291 187 53 ita
1381 1291 187 53 est
1488 1291 160 53 in
1568 1291 347 53 potestate
1835 1291 213 53 ejus
1968 1291 213 53 frui
2102 1291 187 53 sic
2182 1291 133 53 vel

1277 1367 181 53 non
1381 1367 207 53 frui
1510 1367 207 53 sic,
1640 1367 207 53 quia
1770 1367 259 53 certum
1951 1367 207 53 est,
2081 1367 207 53 quod
2184 1367 130 53 est

1273 1442 160 55 in
1353 1442 346 55 potestate
1619 1442 213 55 ejus
1752 1442 319 55 absoluta
1992 1442 213 55 frui
2098 1442 213 55 Patre,

1272 1518 196 50 non
1384 1518 309 50 fruendo
1609 1518 281 50 Filio,
1805 1518 168 50 et
1889 1518 196 50 sic
2001 1518 253 50 patet
2142 1518 168 50 quod

1273 1593 191 52 non
1382 1593 191 52 est
1491 1593 463 52 contradictio,
1872 1593 163 52 et
1954 1593 191 52 hoc
2036 1593 272 52 loquendo

1276 1670 151 53 de
1351 1670 328 53 fruitione
1603 1670 328 53 viatoris,
1855 1670 202 53 quia
1981 1670 151 53 de
2032 1670 277 53 fruitione

1273 1749 491 54 comprehensoris
1682 1749 246 54 forte
1846 1749 191 54 non
1955 1749 191 54 est
2064 1749 164 54 in
2119 1749 191 54 pote¬-

1273 1824 233 44 state
1428 1824 233 44 talis
1583 1824 362 44 voluntatis
1868 1824 207 44 frui
1997 1824 181 44 sic
2100 1824 181 44 vel
2178 1824 129 44 non

1274 1904 184 50 frui
1389 1904 184 50 sic;
1504 1904 184 50 vide
1595 1904 138 50 ibi.

1606 2054 323 37 SGHOLTUM.

1318 2190 275 40 Rationem
1525 2190 207 40 finis
1662 2190 161 40 non
1754 2190 184 40 esse
1869 2190 275 40 rationem
2053 2190 252 40 fruibilis

1271 2255 220 50 probat
1425 2255 352 50 tripliciter,
1711 2255 264 50 admittit
1908 2255 198 50 tamen
2040 2255 132 50 et
2084 2255 220 50 explicat

1269 2319 282 47 rationem
1480 2319 211 47 finis
1621 2319 352 47 praecedere,
1903 2319 282 47 comitari
2114 2319 164 47 vel
2185 2319 117 47 se¬-

1271 2384 154 49 qui
1359 2384 264 49 rationem
1557 2384 242 49 objecti
1712 2384 264 49 fruibilis.

1324 2512 137 62 De
1393 2512 228 62 quarto
1553 2512 160 62 (a)
1644 2512 297 62 articulo,
1872 2512 183 62 dico
1986 2512 183 62 quod
2078 2512 251 62 conclusio

1266 2576 228 72 ratio
1418 2576 228 72 finis
1569 2576 177 72 non
1671 2576 177 72 est
1772 2576 278 72 propria
1975 2576 228 72 ratio
2126 2576 127 72 a
2152 2576 177 72 “2.°’

1264 2663 316 65 objecti
1494 2663 402 65 fruibilis,
1810 2663 201 65 nec
1925 2663 172 65 in
1983 2663 316 65 fruitione

1259 2741 397 60 ordinata,
1565 2741 275 60 neque
1749 2741 183 60 in
1840 2741 397 60 fruitione
2116 2741 183 60 com¬-

1260 2815 347 63 muniter
1512 2815 347 63 sumpta.
1764 2815 252 63 Quia
1921 2815 221 63 non
2016 2815 284 63 inordi¬-

1262 2892 230 63 nata
1406 2892 403 63 patet,-tum
1723 2892 230 63 quia
1867 2892 230 63 tunc
1982 2892 317 63 respectus

1261 2968 489 60 includeretur
1659 2968 183 60 in
1751 2968 336 60 objecto
1965 2968 336 60 beatifico

1262 3045 190 63 in
1357 3045 348 63 quantum
1610 3045 443 63 beatificum
1958 3045 158 63 ;
2021 3045 221 63 tum
2116 3045 190 63 quia

1261 3120 260 64 iste
1424 3120 423 64 respectus
1750 3120 228 64 est
1880 3120 228 64 ens
1978 3120 325 64 rationis

1263 3197 327 62 tantum;
1501 3197 208 62 tum
1620 3197 238 62 quia
1769 3197 297 62 si,per
1947 3197 357 62 impossibi¬-

1260 3276 227 60 le,
1389 3276 292 60 esset
1584 3276 292 60 aliud
1779 3276 389 60 objectum
2038 3276 260 60 summum

1253 3350 313 63 bonum
1462 3350 208 63 ad
1566 3350 278 63 quod
1739 3350 243 63 non
1844 3350 451 63 ordinaretur

1256 3427 244 55 ista
1409 3427 366 55 voluntas
1684 3427 275 55 sicut
1867 3427 183 55 ad
1958 3427 305 55 finem,
2141 3427 153 55 ad¬-

1250 3502 221 64 huc
1376 3502 284 64 illud
1565 3502 378 64 objectum
1848 3502 441 64 quietaret,
2163 3502 126 64 in
