2624 3979
303 351 236 67 quia
450 351 236 67 tunc
597 351 412 67 vilesceret
921 351 236 67 ejus
1039 351 294 67 intelle¬-

301 429 274 66 ctus,
483 429 244 66 quia
636 429 487 66 perfectionem
1001 429 335 66 reciperet

304 504 163 66 ab
385 504 488 66 intelligibili,
792 504 271 66 igitur
982 504 190 66 ita
1091 504 217 66 hic;
1199 504 136 66 imo

300 580 219 67 (e)
425 580 250 67 quod
581 580 219 67 est
706 580 281 67 majus
862 580 469 67 inconveniens,

301 656 474 67 perfectionem
686 656 474 67 simpliciter,
1071 656 237 67 puta
1190 656 148 67 vi¬-

300 733 305 65 sionem
514 733 428 65 beatificam
850 733 275 65 quasi
1003 733 336 65 reciperet

303 806 284 68 Pater
492 806 158 68 a
555 806 315 68 tribus
775 806 378 68 personis
1059 806 189 68 ut
1122 806 221 68 obje¬-

304 884 252 66 ctis,
472 884 196 66 vel
584 884 168 66 ab
668 884 280 66 aliquo
864 884 168 66 ut
948 884 168 66 in
1032 884 308 66 tribus,
1228 884 112 66 et

306 957 250 66 tunc
462 957 375 66 videntur
743 957 281 66 sequi
930 957 219 66 duo
1024 957 312 66 absurda.

298 1032 360 69 Primum
550 1032 288 69 quod
730 1032 252 69 non
873 1032 324 69 omnem
1053 1032 288 69 perfe¬-

298 1107 347 59 ctionem
551 1107 284 59 habet
740 1107 284 59 Pater
930 1107 158 59 a
993 1107 221 59 se,
1119 1107 189 59 et
1182 1107 158 59 sic

297 1183 228 68 non
428 1183 293 68 esset
623 1183 293 68 prius
818 1183 391 68 origine.
1079 1183 260 68 Aliud,

303 1259 253 67 quod
461 1259 221 67 non
588 1259 284 67 omnis
777 1259 410 67 perfectio
1061 1259 284 67 simpli¬-

305 1335 260 64 citer
478 1335 173 64 et
565 1335 433 64 essentialis
911 1335 202 64 sit
1027 1335 289 64 aliquo
1200 1335 144 64 mo¬-

304 1409 174 68 do
391 1409 260 68 prior
565 1409 550 68 proprietatibus,
1028 1409 203 68 sed
1114 1409 232 68 aliqua

308 1487 259 67 quasi
481 1487 374 67 posterior
769 1487 259 67 ipsis
941 1487 374 67 personis,
1200 1487 144 67 pu¬-

304 1562 184 68 ta
396 1562 245 68 ista
550 1562 245 68 quae
703 1562 215 68 est
826 1562 184 68 ab
918 1562 337 68 objecto
1163 1562 184 68 ut
1224 1562 123 68 in

311 1645 291 55 tribus,
496 1645 159 55 etc.

371 1716 363 61 Praeterea,si
666 1716 340 61 intellectus
939 1716 136 61 ut
1007 1716 159 61 non
1097 1716 136 61 in
1165 1716 159 61 se,
1234 1716 113 61 sed

310 1793 156 64 ut
388 1793 156 64 in
466 1793 259 64 cdiquo
647 1793 337 64 'producto
906 1793 233 64 esset
1036 1793 311 64 principium

313 1869 376 59 beatitudinis
618 1869 258 59 Patris,
806 1869 211 59 Pater
947 1869 164 59 non
1041 1869 211 59 esset
1158 1869 188 59 beatus

310 1944 118 64 a
358 1944 165 64 se;
452 1944 188 64 ergo
569 1944 141 64 si
640 1944 282 64 essentia
852 1944 141 64 ut
922 1944 141 64 in
993 1944 282 64 producto
1181 1944 165 64 esset

305 2019 182 65 per
409 2019 156 65 se
487 2019 313 65 objectum
722 2019 443 65 beatitudinis,
1086 2019 234 65 Pater
1217 2019 130 65 non

309 2094 221 63 esset
457 2094 246 63 beatus
629 2094 123 63 a
678 2094 172 63 se.
777 2094 393 63 Consequentia
1072 2094 270 63 probatur,

307 2168 219 66 quia
444 2168 329 66 objectum
690 2168 192 66 non
799 2168 246 66 minus
964 2168 383 66 requiritur
1237 2168 110 66 ad

310 2248 404 62 bealitudinem
638 2248 202 62 quam
739 2248 353 62 intellectus.

370 2323 342 64 Respondeo,
638 2323 293 64 objectum
858 2323 342 64 requiritur
1126 2323 146 64 ut
1175 2323 171 64 prce-

313 2397 192 60 sens
433 2397 168 60 non
529 2397 144 60 ut
602 2397 361 60 inexislens;
890 2397 361 60 intellectus
1155 2397 192 60 requi¬-

313 2474 233 63 ritur
468 2474 155 63 ut
546 2474 388 63 inexistens,
857 2474 207 63 quia
986 2474 155 63 eo
1038 2474 311 63 formaliter

317 2550 336 65 intelligit
581 2550 240 65 Pater,
749 2550 168 65 non
845 2550 168 65 sic
940 2550 288 65 objecto.
1156 2550 168 65 Hoc
1228 2550 120 65 pa¬-

321 2624 183 67 tet,
435 2624 183 67 quia
550 2624 229 67 nullus
710 2624 160 67 est
801 2624 252 67 beatus,
984 2624 183 67 nisi
1076 2624 274 67 intellectu

317 2699 393 64 inexistente;
637 2699 172 64 est
735 2699 221 64 autem
883 2699 270 64 aliquis
1080 2699 246 64 beatus
1227 2699 123 64 ob¬-

311 2776 213 67 jecto
453 2776 166 67 non
548 2776 378 67 inexistente,
855 2776 142 67 et
926 2776 213 67 esset
1045 2776 307 67 naturaliter

314 2853 266 60 beatus
501 2853 160 60 si
580 2853 399 60 naturaliter
900 2853 293 60 haberet
1086 2853 266 60 objectum

309 2928 339 69 praesens,
570 2928 235 69 licet
727 2928 183 69 non
831 2928 392 69 inexistens,
1144 2928 183 69 non
1222 2928 131 69 sic

317 3013 216 45 autem
461 3013 144 45 de
509 3013 312 45 intellectu.

374 3079 308 67 Contra,
598 3079 448 67 quandocumque
962 3079 308 67 aliquid
1186 3079 196 67 est
1270 3079 84 67 a

315 3154 142 66 se
386 3154 212 66 tale,
528 3154 189 66 erit
646 3154 189 66 tale
764 3154 142 66 si
835 3154 165 66 per
929 3154 354 66 impossibile
1189 3154 165 66 quod¬-

316 3238 211 48 libet
456 3238 211 48 aliud
597 3238 164 48 non
667 3238 187 48 esset.

368 3322 222 64 Item,
516 3322 222 64 Pater
665 3322 173 64 non
763 3322 272 64 recipit
961 3322 272 64 aliquid
1158 3322 123 64 a
1183 3322 173 64 Filio

305 3398 167 68 vel
401 3398 143 68 ab
472 3398 239 68 aliquo
640 3398 143 68 ut
712 3398 143 68 in
783 3398 239 68 Filio,
951 3398 215 68 sicut
1094 3398 143 68 ab
1142 3398 215 68 objecto

307 3476 400 63 beatitudinis
632 3476 225 63 suce,
782 3476 200 63 quia
908 3476 200 63 quod
1033 3476 175 63 est
1133 3476 125 63 a
1183 3476 150 63 se
1233 3476 125 63 non

305 3550 316 70 requirit
541 3550 289 70 aliquid
752 3550 368 70 necessario
1041 3550 158 70 ad
1120 3550 184 70 sui
1199 3550 158 70 esse

308 3630 206 65 quod
437 3630 180 65 non
540 3630 180 65 est
643 3630 129 65 a
695 3630 180 65 se,
798 3630 155 65 et
875 3630 180 65 hoc
978 3630 232 65 tanta
1107 3630 232 65 necessi

1385 341 211 65 tale
1517 341 264 65 quanta
1701 341 343 65 dependens
1965 341 317 65 requirit
2203 341 238 65 illud
2335 341 79 65 a

1384 426 175 57 quo
1459 426 275 57 dependet.

1443 496 225 60 Ilcec
1593 496 225 60 ratio
1743 496 200 60 bene
1868 496 350 60 concludit,
2142 496 200 60 quod
2242 496 175 60 Pater

1384 572 181 61 non
1487 572 258 61 tantum
1668 572 155 61 ex
1746 572 232 61 parte
1901 572 413 61 intellectus,
2236 572 181 61 sed
2314 572 103 61 ex

1383 649 221 62 parte
1531 649 270 62 objecti
1727 649 221 62 habet
1874 649 123 62 a
1923 649 147 62 se
1997 649 196 62 unde
2120 649 172 62 sit
2193 649 221 62 beatus,

1387 726 155 60 et
1465 726 180 60 per
1568 726 361 60 consequens
1851 726 335 60 essentiam
2109 726 155 60 ut
2160 726 258 60 essentia

1388 801 377 61 beatificat,
1690 801 176 61 non
1790 801 226 61 tamen
1941 801 151 61 ut
2017 801 151 61 in
2092 801 277 61 tribus,
2268 801 151 61 quia

1391 878 164 61 ita
1484 878 328 61 requiritur
1742 878 281 61 objectum
1952 878 281 61 praesens
2163 878 117 61 a
2209 878 140 61 se
2256 878 164 61 sicut

1389 954 402 61 intellectus;
1716 954 201 61 ergo
1841 954 302 61 breviter
2067 954 151 61 in
2143 954 226 61 summa
2293 954 126 61 a
2319 954 101 61 se

1389 1030 252 61 beatus
1565 1030 176 61 est
1666 1030 227 61 Pater
1817 1030 277 61 utroque
2019 1030 252 61 niodo,
2170 1030 252 61 scilicet

1391 1106 335 58 intellectu
1655 1106 144 58 et
1726 1106 311 58 essentia.
1966 1106 192 58 Quia
2086 1106 192 58 fuit
2205 1106 192 58 tale
2301 1106 120 58 en¬-

1390 1180 299 62 thymema
1607 1180 136 62 :
1662 1180 136 62 A
1716 1180 163 62 se
1798 1180 272 62 beatus
1988 1180 190 62 est
2097 1180 272 62 Paler,
2260 1180 163 62 ergo

1391 1255 232 61 habet
1546 1255 310 61 objectum
1778 1255 361 61 beatificum
2063 1255 155 61 ut
2114 1255 310 61 beatificum

1390 1332 129 61 a
1442 1332 180 61 se;
1545 1332 206 61 ergo
1674 1332 180 61 non
1777 1332 232 61 habet
1931 1332 232 61 illud
2086 1332 155 61 ut
2163 1332 155 61 in
2215 1332 206 61 tribus

1389 1408 173 61 pro
1488 1408 296 61 objecto,
1710 1408 197 61 quia
1833 1408 197 61 tunc
1956 1408 148 61 ut
2030 1408 148 61 in
2104 1408 222 61 Filio
2252 1408 173 61 per
2326 1408 99 61 se

1393 1484 220 60 quasi
1539 1484 244 60 ageret
1710 1484 147 60 ad
1784 1484 391 60 bealitudinem
2077 1484 220 60 Patris.

1447 1559 363 61 Respondeo
1726 1559 391 61 comparando
2034 1559 391 61 essentiam,
2313 1559 112 61 ut

1395 1636 302 62 essentia
1621 1636 201 62 est,
1747 1636 251 62 primum
1923 1636 302 62 objectum
2124 1636 302 62 beatificum

1395 1710 144 62 ad
1467 1710 264 62 Patrem,
1659 1710 216 62 licet
1803 1710 216 62 simul
1946 1710 336 62 necessario
2186 1710 240 62 beatifi¬-

1393 1788 239 56 cetur
1552 1788 186 56 cum
1658 1788 292 56 tribus,
1870 1788 186 56 ita
1976 1788 239 56 etiam
2108 1788 318 56 necessario

1394 1863 216 63 simul
1538 1863 168 63 cum
1634 1863 240 63 Iribus
1802 1863 336 63 intelligit
2067 1863 336 63 creaturas,
2307 1863 120 63 non

1397 1940 211 61 tamen
1537 1940 164 61 est
1631 1940 141 61 ab
1701 1940 187 61 eis,
1818 1940 211 61 Filio
1959 1940 281 61 scilicet
2169 1940 141 61 et
2216 1940 211 61 Spiritu

1393 2017 271 59 sancio,
1590 2017 271 59 recipit
1787 2017 443 59 intellectionem
2156 2017 246 59 earum,
2304 2017 123 59 sed

1391 2092 168 63 ab
1475 2092 364 63 essentia,
1755 2092 308 63 tanquam
1979 2092 168 63 ab
2063 2092 308 63 objecto
2259 2092 168 63 quam

1392 2167 252 63 habet
1560 2167 140 63 a
1616 2167 196 63 se,
1728 2167 196 63 ita
1840 2167 392 63 comparando
2120 2167 308 63 essentiam

1393 2243 300 64 divinam
1611 2243 164 64 ad
1693 2243 409 64 intellectum
2021 2243 300 64 creatum
2212 2243 218 64 potest

1394 2321 218 61 esse
1530 2321 327 61 objectum
1775 2321 272 61 primum
1966 2321 218 61 sine
2102 2321 300 61 secundo
2293 2321 136 61 ob¬

1370 2402 175 53 jecto.

1454 2473 250 64 Modus
1621 2473 306 64 ponendi
1843 2473 195 64 est
1954 2473 222 64 iste
2093 2473 195 64 (f)
2177 2473 83 64 :

1443 2548 342 67 Actus
1671 2548 342 67 omnis
1899 2548 380 67 habens
2128 2548 304 67 primum

1395 2624 377 64 objectum
1677 2624 157 64 a
1740 2624 220 64 quo
1866 2624 534 64 essentialiter
2274 2624 157 64 de¬-

1390 2700 370 66 pendet,
1660 2700 202 66 et
1761 2700 404 66 objectum
2064 2700 404 66 secundum
2333 2700 101 66 a

1393 2777 227 67 quo
1522 2777 551 67 essentialiter
1976 2777 227 67 non
2073 2777 356 67 dependet,

1396 2854 207 67 sed
1515 2854 295 67 tendit
1721 2854 177 67 in
1810 2854 266 67 illud
1987 2854 325 67 virtute
2194 2854 236 67 primi,

1387 2930 291 64 -licet
1591 2930 204 64 non
1707 2930 291 64 possit
1911 2930 291 64 manere
2115 2930 233 64 idem
2231 2930 204 64 actus

1393 3006 261 69 nisi
1556 3006 326 69 habeat
1784 3006 489 69 habitudinem
2175 3006 195 69 ad
2241 3006 195 69 pri¬-

1394 3082 235 66 mum
1529 3082 437 66 objectum,
1865 3082 336 66 potest
2100 3082 302 66 tamen
2268 3082 168 66 ma¬-

1396 3157 252 57 nere
1553 3157 252 57 idem
1710 3157 252 57 sine
1868 3157 441 57 habitudine
2214 3157 189 57 ad
2277 3157 157 57 se¬-

1391 3234 373 65 cundum
1652 3234 485 65 objectum,
2025 3234 299 65 quia
2212 3234 224 65 ab
2287 3234 149 65 eo

1397 3310 221 65 non
1523 3310 410 65 dependet.
1838 3310 410 65 Exemplum,
2153 3310 252 65 idem
2279 3310 158 65 est

1400 3385 259 57 actus
1573 3385 346 57 visionis
1832 3385 374 57 essentiae
2120 3385 317 57 divinae
2322 3385 115 57 et

1399 3460 327 62 aliarum
1637 3460 267 62 rerum
1815 3460 178 62 in
1904 3460 386 62 essentia;
2201 3460 208 62 sed
2290 3460 149 62 es¬-

1402 3537 304 68 sentia
1615 3537 183 68 in
1706 3537 183 68 se
1797 3537 213 68 est
1919 3537 304 68 primum
2101 3537 335 68 objectum,

1401 3613 226 68 res
1530 3613 291 68 visae
1724 3613 485 68 secundarium
2079 3613 356 68 objectum.
