2624 3979
373 349 260 70 quem
535 349 325 70 elicit
762 349 325 70 ipsum.
990 349 227 70 Sed
1120 349 292 70 finis
1282 349 130 70 ex

364 426 362 66 natura
617 426 253 66 rei
762 426 253 66 est
907 426 326 66 bonum
1124 426 217 66 ad
1196 426 217 66 quod

370 503 277 55 actus
555 503 184 55 ex
647 503 307 55 natura
862 503 215 55 sui
985 503 277 55 natus
1169 503 215 55 est
1261 503 154 55 or¬-

370 577 338 68 dinari,
616 577 215 68 non
739 577 308 68 quidem
955 577 185 68 in
1047 577 338 68 ratione
1262 577 154 68 ob¬-

362 654 287 68 jecti
553 654 255 68 quod
712 654 446 68 attingitur
1063 654 223 68 per
1158 654 255 68 actum,

372 728 209 57 sed
492 728 269 57 sicut
671 728 269 57 omnes
850 728 328 57 naturae
1089 728 328 57 creatae
1298 728 119 57 in

368 805 238 68 suo
504 805 305 68 gradu
707 805 204 68 ad
809 805 305 68 finem
1013 805 373 68 ultimum
1250 805 170 68 or¬

339 887 325 48 dinantur.

442 955 173 65 Ad
529 955 462 65 auctoritatem
904 955 173 65 5.
990 955 173 65 de
1077 955 317 65 Trinit.
1279 955 144 65 pa¬-

386 1030 231 70 tet,
530 1030 231 70 quod
674 1030 346 70 loquitur
934 1030 173 70 de
1020 1030 259 70 facto
1193 1030 173 70 et
1251 1030 173 70 for¬-

392 1110 234 65 mali
538 1110 322 65 ratione
743 1110 205 65 ejus.

447 1181 189 61 Ad
541 1181 347 61 ultimum
793 1181 189 61 de
888 1181 441 61 adoratione
1203 1181 221 61 dico,

385 1257 252 71 quod
543 1257 221 71 una
669 1257 221 71 est
795 1257 378 71 adoratio
1048 1257 378 71 habitualis

380 1333 305 69 trium
584 1333 509 69 personarum,
990 1333 271 69 quia
1126 1333 305 69 quicum¬-

382 1409 229 71 que
513 1409 327 71 adorat
742 1409 262 71 unam
906 1409 523 71 habitualiter
1298 1409 131 71 se

384 1485 380 70 subjicit
670 1485 254 70 toti
828 1485 444 70 Trinitati,
1177 1485 222 70 sed
1272 1485 158 70 non

392 1562 326 69 oportet
630 1562 237 69 quod
778 1562 415 69 actualiter
1105 1562 326 69 cogitet
1312 1562 119 69 de

387 1638 253 68 alia
546 1638 380 68 persona,
830 1638 316 68 quando
1052 1638 316 68 adorat
1241 1638 190 68 unam

387 1714 425 70 personam,
714 1714 294 70 sicut
910 1714 294 70 patet
1106 1714 196 70 de
1172 1714 261 70 orante

390 1791 260 68 unam
553 1791 390 68 personam
846 1791 390 68 oratione
1138 1791 260 68 quae
1268 1791 163 68 non

392 1866 365 69 dirigitur
673 1866 394 69 actualiter
982 1866 169 69 ad
1067 1866 281 69 aliam,
1235 1866 197 69 sicut

401 1941 266 70 patet
579 1941 177 70 de
667 1941 236 70 illo
815 1941 266 70 hymno
992 1941 148 70 :
1051 1941 236 70 Veni
1169 1941 266 70 creator

388 2017 340 69 Spiritus,
649 2017 209 69 etc.
780 2017 157 69 et
858 2017 157 69 de
937 2017 261 69 multis
1093 2017 340 69 orationibus

389 2092 184 58 in
481 2092 369 58 Ecclesia
758 2092 461 58 institutis.
1127 2092 246 58 Unde
1250 2092 184 58 ora¬-

389 2166 307 68 tiones
604 2166 399 68 Ecclesiae
912 2166 430 68 frequenter
1219 2166 215 68 diri¬-

398 2243 288 72 guntur
600 2243 288 72 Patri,
802 2243 173 72 et
888 2243 173 72 in
975 2243 231 72 fine
1090 2243 346 72 includitur

394 2321 325 66 Filius
622 2321 293 66 sicut
818 2321 423 66 mediator;
1143 2321 260 66 ergo
1273 2321 163 66 dum

400 2396 317 71 aliquis
631 2396 288 71 refert
833 2396 404 71 actualiter
1121 2396 317 71 intentio¬-

393 2473 261 61 nem
542 2473 298 61 suam
728 2473 223 61 ad
839 2473 409 61 orandum
1100 2473 335 61 Patrem,

397 2548 221 71 non
524 2548 347 71 oportet
776 2548 253 71 quod
934 2548 442 71 actualiter
1250 2548 189 71 tunc

401 2625 357 70 cogitet
660 2625 195 70 de
757 2625 292 70 Filio
952 2625 227 70 vel
1081 2625 195 70 de
1146 2625 292 70 Spiritu

400 2700 298 68 sancto
609 2700 238 68 nisi
757 2700 506 68 habitualiter,
1144 2700 298 68 quousque

402 2777 245 72 post
555 2777 336 72 inducat
800 2777 306 72 Filium
1014 2777 183 72 in
1075 2777 367 72 cogitatio¬-

400 2853 190 69 ne
495 2853 221 69 sua
622 2853 348 69 tanquam
874 2853 379 69 scilicet
1127 2853 316 69 mediato¬-

404 2930 251 58 rem.
561 2930 188 58 Et
655 2930 283 58 sicut
843 2930 220 58 est
969 2930 283 58 eadem
1126 2930 314 58 adoratio

402 3006 434 62 habitualis,
749 3006 202 62 non
865 3006 260 62 tamen
1038 3006 376 62 actualis,
1298 3006 145 62 ita

402 3078 202 60 est
518 3078 260 60 eadem
691 3078 318 60 fruitio
922 3078 433 60 habitualis,
1240 3078 202 60 licet

405 3156 214 58 non
528 3156 427 58 necessario
863 3156 275 58 eadem
1016 3156 336 58 actualis.

663 3309 487 45 COMMENTARIUS.

471 3467 285 62 Deinde
671 3467 285 62 arguit
871 3467 285 62 Doctor
1070 3467 171 62 ad
1127 3467 314 62 oppositum

413 3544 176 62 ibi
514 3544 126 62 :
564 3544 151 62 Ad
639 3544 327 62 oppositum
891 3544 151 62 in
967 3544 201 62 omni
1093 3544 252 62 ordine
1244 3544 201 62 essen¬-

411 3618 240 67 tiali,
579 3618 192 67 etc.
700 3618 168 67 Hic
796 3618 289 67 intendit
1012 3618 265 67 probare
1205 3618 192 67 quod
1301 3618 144 67 tan¬

1466 340 162 55 tum
1558 340 162 55 sit
1651 340 162 55 una
1744 340 208 55 ratio
1883 340 278 55 formalis
2091 340 232 55 ultimi
2253 340 232 55 finis,
2392 340 93 55 et

1461 415 258 60 postea
1642 415 336 60 respondet
1900 415 155 60 ad
1978 415 207 60 ista
2107 415 336 60 argumenta
2339 415 155 60 quod

1462 492 188 57 sint
1579 492 234 57 plures
1743 492 281 57 rationes
1954 492 305 57 formales.
2188 492 164 57 Pro
2259 492 234 57 inlelli-

1463 566 265 60 gentia
1649 566 292 60 istorum
1861 566 424 60 argumentorum
2206 566 159 60 et
2259 566 239 60 soluti¬-

1461 643 213 58 one,
1594 643 213 58 nota
1727 643 213 58 quod
1860 643 266 58 quando
2047 643 266 58 Scotus
2206 643 293 58 loquitur,

1467 717 201 59 quod
1593 717 252 59 tantum
1769 717 176 59 est
1870 717 176 59 una
1970 717 227 59 ratio
2121 717 302 59 formalis
2323 717 176 59 obje¬-

1470 791 154 61 cti
1558 791 307 61 fruibilis,
1799 791 263 61 intendit
1997 791 329 61 simpliciter
2260 791 132 61 de
2304 791 197 61 ratione

1470 856 241 81 formali
1645 856 351 81 constituente
1930 856 263 81 objectum
2128 856 131 81 in
2193 856 175 81 esse
2303 856 197 81 frui-
2412 856 110 81 UfJ

1469 943 217 59 bili,
1614 943 145 59 et
1686 943 169 59 sic
1783 943 241 59 lanium
1952 943 169 59 est
2048 943 193 59 una,
2169 943 290 59 scilicet
2362 943 145 59 ipsa

1473 1017 251 58 Deitas.
1656 1017 137 58 Et
1724 1017 228 58 quando
1884 1017 160 58 hic
1975 1017 274 58 concedit
2181 1017 183 58 quod
2295 1017 183 58 sunt
2386 1017 137 58 ohj'

1472 1092 276 63 plures,
1672 1092 351 63 intelligit
1948 1092 150 63 de
2023 1092 351 63 rationibus
2299 1092 250 63 tantum
2449 1092 75 63 e

1476 1170 373 61 terminativis
1779 1170 163 61 non
1872 1170 443 61 constituentibus
2245 1170 257 61 aliquid
2408 1170 117 61 Dei

1476 1244 134 56 in
1543 1244 179 56 esse
1655 1244 291 56 fruibili,
1878 1244 134 56 et
1946 1244 157 56 sic
2035 1244 201 56 Pater
2169 1244 269 56 terminat
2348 1244 157 56 frui¬-

1468 1317 274 65 tionem
1660 1317 219 65 meam
1797 1317 165 65 ut
1879 1317 247 65 quod,
2044 1317 192 65 non
2153 1317 247 65 tamen
2291 1317 219 65 pater¬-

1475 1397 222 60 nitas
1623 1397 173 60 est
1722 1397 222 60 ratio
1870 1397 321 60 formalis»
2117 1397 197 60 dans
2240 1397 222 60 Patri
2364 1397 148 60 quod

1479 1471 164 58 sit
1572 1471 282 58 objectum
1784 1471 305 58 fruibile,
2018 1471 164 58 sed
2112 1471 164 58 est
2206 1471 188 58 sola
2300 1471 211 58 Deitas.

1475 1546 160 62 Et
1555 1546 187 62 hoc
1662 1546 373 62 declarato,
1955 1546 267 62 patent
2142 1546 347 62 argumenta
2382 1546 133 62 cum

1477 1620 207 65 suis
1607 1620 492 65 responsionibus.
2021 1620 155 65 Et
2099 1620 181 65 sic
2202 1620 233 65 finis
2332 1620 181 65 hujus

1461 1707 302 50 quaestionis.

1533 1784 163 63 (a)
1626 1784 209 63 Istas
1765 1784 209 63 tamen
1905 1784 279 63 rationes
2114 1784 256 63 deduco,
2300 1784 256 63 respon-
2463 1784 70 63 3

1484 1862 226 63 dendo
1635 1862 377 63 singillatim
1937 1862 151 63 ad
2012 1862 201 63 eas.
2138 1862 226 63 Primo
2264 1862 252 63 arguitur

1481 1938 168 52 sic
1577 1938 120 52 :
1625 1938 144 52 in
1697 1938 240 52 ordine
1865 1938 336 52 essentiali
2128 1938 240 52 finium
2296 1938 168 52 est
2368 1938 144 52 tan¬-

1485 2013 167 58 tum
1581 2013 191 58 unus
1700 2013 215 58 finis
1844 2013 311 58 ultimate,
2083 2013 143 58 et
2154 2013 191 58 ille
2274 2013 167 58 est
2346 2013 167 58 ratio

1480 2090 353 59 fruitionis;
1763 2090 188 59 ergo
1881 2090 165 59 est
1975 2090 236 59 tantum
2140 2090 165 59 una
2234 2090 212 59 ratio
2352 2090 165 59 frui¬-

1488 2168 207 54 tionis
1633 2168 166 54 sive
1737 2168 228 54 objecti
1882 2168 249 54 fruibilis.

1539 2241 191 64 Dicit
1666 2241 213 64 Doctor
1815 2241 106 64 *
1858 2241 170 64 quod
1964 2241 149 64 est
2049 2241 213 64 tantum
2198 2241 170 64 unus
2304 2241 213 64 finis'
2432 2241 106 64 nui

1486 2317 126 63 in
1549 2317 147 63 se,
1633 2317 147 63 qui
1718 2317 232 63 scilice
1886 2317 169 63 tsit
1991 2317 190 63 ratio
2118 2317 232 63 objecti
2265 2317 253 63 fruibilis,

1486 2393 222 62 tamen
1635 2393 222 62 habet
1783 2393 148 62 in
1857 2393 148 62 se
1931 2393 346 62 distinctas
2203 2393 321 62 rationes,
2425 2393 99 62 id

1489 2470 189 58 est,
1607 2470 378 58 proprietates
1914 2470 354 58 personales,
2198 2470 189 58 quae
2316 2470 165 58 non
2386 2470 142 58 sunt

1486 2546 345 61 formaliter
1758 2546 296 61 rationes
1980 2546 247 61 ultimi
2152 2546 247 61 finis,
2325 2546 148 61 id
2374 2546 148 61 est,

1487 2620 218 58 qriL
1623 2620 245 58 nullo
1787 2620 218 58 modo
1923 2620 355 58 pertinent
2196 2620 164 58 ad
2250 2620 273 58 formalem

1489 2696 288 59 rationem
1705 2696 264 59 objecti
1897 2696 336 59 fruibilis,
2161 2696 168 59 cum
2257 2696 240 59 nullam
2401 2696 120 59 di¬-

1492 2772 191 63 cant
1612 2772 383 63 perfectionem
1923 2772 335 63 formaliter
2186 2772 120 63 ;
2234 2772 144 63 et
2306 2772 168 63 sic
2377 2772 144 63 pos¬-

1490 2850 229 61 sibile
1650 2850 160 61 est
1742 2850 183 61 frui
1856 2850 137 61 eo
1925 2850 160 61 sub
2017 2850 252 61 ratione
2200 2850 229 61 ultimi
2337 2850 183 61 finis,

1492 2925 327 59 formaliter
1749 2925 164 59 non
1842 2925 257 59 fruendo
2029 2925 187 59 illo
2146 2925 164 59 sub
2240 2925 210 59 illis
2356 2925 164 59 rati¬-

1493 2999 258 58 onibus,
1680 2999 141 58 id
1750 2999 188 58 est,
1868 2999 188 58 quod
1985 2999 305 58 possibile
2219 2999 164 58 est
2313 2999 188 58 frui
2407 2999 117 58 es-

1487 3076 281 52 senlia
1683 3076 337 52 absolute
1936 3076 196 52 non
2048 3076 309 52 fruendo
2273 3076 168 52 ea
2357 3076 168 52 ut
2413 3076 112 52 in

1495 3152 263 59 Iribus,
1686 3152 191 59 sive
1806 3152 143 59 ut
1878 3152 263 59 habente
2069 3152 143 59 in
2141 3152 143 59 se
2188 3152 335 59 proprietates

1489 3228 409 61 personales,
1816 3228 191 61 cum
1925 3228 246 61 nullo
2089 3228 218 61 modo
2198 3228 328 61 pertineant

1494 3304 138 57 ad
1563 3304 276 57 rationem
1770 3304 253 57 objecti
1930 3304 276 57 fruibilis.

1542 3379 292 56 Secundo
1755 3379 186 56 sic
1861 3379 133 56 :
1914 3379 239 56 sicut
2074 3379 186 56 est
2180 3379 266 56 tantum
2366 3379 213 56 unum
2472 3379 80 56 j

1491 3455 257 61 primum
1671 3455 360 61 efficiens,
1954 3455 180 61 ita
2057 3455 257 61 tantum
2237 3455 206 61 unus
2340 3455 180 61 ulti¬-

1490 3532 180 55 mus
1593 3532 257 55 finis,
1773 3532 180 55 hoc
1876 3532 309 55 probatur
2108 3532 129 55 a
2159 3532 283 55 Doctore
2339 3532 180 55 infra

1488 3608 231 61 dist.
1642 3608 154 61 2.
1719 3608 282 61 quaesi.
1925 3608 154 61 1.
2002 3608 180 61 Cum
2104 3608 205 61 ergo
2233 3608 180 61 sit
2310 3608 205 61 tantum
