2653 3979
294 348 242 64 est
433 348 587 64 contendendum,
916 348 276 64 quia
1055 348 276 64 secun¬-

293 426 235 63 dum
428 426 470 63 Augustinum
797 426 302 63 primo
965 426 369 63 Retracta¬-

299 503 300 62 tionum,
517 503 218 62 cap.
653 503 191 62 14.
762 503 191 62 Cum
871 503 191 62 res
980 503 327 62 constat,
1199 503 136 62 non

300 577 185 61 est
405 577 185 61 vis
511 577 318 61 facienda
750 577 159 61 in
829 577 371 61 nominibus.
1120 577 185 61 Res
1200 577 132 61 au¬-

292 650 229 65 tem
423 650 359 65 constat
684 650 261 65 quod
847 650 392 65 voluntas
1108 650 229 65 habet

295 729 399 61 triplicem
603 729 307 61 actum,
818 729 184 61 et
910 729 369 61 quartum,
1156 729 184 61 puta

293 802 399 61 passionem
600 802 521 61 consequentem,
1029 802 184 61 et
1091 802 245 61 patet,

289 875 270 62 quod
458 875 337 62 duobus
694 875 371 62 actibus
964 875 304 62 nullo
1133 875 202 62 modo

290 950 379 60 convenit
575 950 221 60 hoc
701 950 284 60 nomen
890 950 284 60 frui.
1080 950 221 60 Sed
1174 950 158 60 pro

289 1028 316 60 altero
511 1028 348 60 aliorum
764 1028 316 60 duorum
985 1028 190 60 et
1080 1028 221 60 pro
1175 1028 158 60 am¬-

286 1101 284 62 bobus
476 1101 316 62 simul,
697 1101 379 62 videntur
981 1101 316 62 aliqui
1171 1101 158 62 uti

288 1178 245 55 isto
441 1178 398 55 vocabulo,
747 1178 184 55 et
839 1178 245 55 tunc
992 1178 245 55 erit
1115 1178 214 55 nomen

289 1253 428 63 sequivocum
626 1253 153 63 ;
687 1253 214 63 vel
809 1253 183 63 si
901 1253 214 63 est
993 1253 336 63 univocum,

293 1332 347 60 oportet
546 1332 505 60 auctoritates
956 1332 347 60 quasdam
1176 1332 158 60 ex¬-

293 1406 337 61 ponere,
538 1406 245 61 quod
692 1406 398 61 loquuntur
967 1406 368 61 causaliter

296 1482 211 48 vel
386 1482 482 48 concomitanter.

353 1557 197 62 Ad
452 1557 328 62 primum
681 1557 491 62 argumentum,
1074 1557 229 62 (h)
1172 1557 164 62 di¬-

295 1632 189 63 co
390 1632 253 63 quod
548 1632 347 63 fructus
800 1632 221 63 est
927 1632 347 63 ultimum
1148 1632 189 63 quod

296 1709 429 62 expectatur
634 1709 184 62 de
726 1709 337 62 arbore,
971 1709 215 62 non
1094 1709 184 62 ut
1155 1709 184 62 pos¬-

299 1784 367 63 sidendum
574 1784 519 63 corporaliter,
1002 1784 214 63 sed
1124 1784 183 63 ut
1185 1784 153 63 ha¬-

294 1861 308 62 bendum
510 1861 215 62 per
633 1861 277 62 actum
817 1861 400 62 potentise
1094 1861 246 62 attin¬-

292 1937 327 61 gentis
521 1937 294 61 illud
718 1937 196 61 ut
816 1937 425 61 objectum.
1110 1937 229 61 Pomum

291 2007 270 61 enim
460 2007 236 61 non
595 2007 236 61 est
730 2007 371 61 fructus
966 2007 371 61 inquantum

293 2083 457 62 expectatur
652 2083 196 62 ut
750 2083 490 62 possidendum
1142 2083 163 62 ,
1175 2083 163 62 sed

294 2159 424 62 inquantum
620 2159 456 62 expectatur
979 2159 195 62 ut
1044 2159 293 62 gustan¬-

295 2233 252 62 dum,
452 2233 189 62 et
547 2233 252 62 actu
704 2233 315 62 gustus
893 2233 441 62 attingendum,

296 2311 261 63 quam
459 2311 489 63 gustationem
850 2311 391 63 sequitur
1111 2311 228 63 dele¬-

295 2386 338 63 ctatio.
541 2386 184 63 Si
633 2386 307 63 igitur
848 2386 338 63 fructus
1063 2386 276 63 dicatur

298 2462 221 62 quo
424 2462 378 62 fruendum
707 2462 252 62 est,
865 2462 441 62 delectatio
1180 2462 158 62 non

297 2537 209 55 est
416 2537 358 55 fructus,
685 2537 209 55 sed
804 2537 268 55 illud
982 2537 328 55 ultimum
1191 2537 149 55 ex-

297 2614 428 61 pectandum;
634 2614 214 61 sed
756 2614 214 61 nec
879 2614 428 61 delectatio
1185 2614 153 61 est

285 2689 287 62 frui,
477 2689 223 62 sed
604 2689 319 62 primum
828 2689 223 62 quo
955 2689 351 62 attingo
1178 2689 160 62 ex-

294 2767 378 61 pectatum
578 2767 189 61 ut
673 2767 441 61 expectatum
1020 2767 221 61 est
1114 2767 221 61 frui;

298 2840 245 66 quod
451 2840 337 66 videtur
696 2840 398 66 probabile
1002 2840 153 66 .
1064 2840 214 66 cum
1155 2840 184 66 fru¬-

296 2916 253 63 ctus
454 2916 221 63 sit
581 2916 442 63 expectatum
928 2916 221 63 sub
1055 2916 253 63 illa
1181 2916 158 63 ra¬-

296 2994 302 61 tione
498 2994 235 61 sub
632 2994 235 61 qua
767 2994 504 61 expectatur,
1170 2994 202 61 ut
1237 2994 101 61 a

296 3072 367 62 potentia
541 3072 429 62 attingendum.

351 3146 197 61 Ad
450 3146 394 61 secundum
745 3146 263 61 dico
910 3146 230 61 (i)
1041 3146 263 61 quod
1173 3146 164 61 au¬-

295 3222 403 62 ctoritas
598 3222 235 62 est
732 3222 201 62 in
833 3222 470 62 oppositum.
1168 3222 168 62 Cum

297 3298 260 50 enim
459 3298 292 50 dicat
654 3298 455 50 auctoritas
1011 3298 227 50 non
1109 3298 227 50 actus

302 3375 229 61 esse
446 3375 344 61 fructus,
704 3375 201 61 sed
818 3375 287 61 potius
990 3375 344 61 passiones,

305 3452 325 61 sequitur
549 3452 217 61 quod
684 3452 217 61 frui
819 3452 190 61 non
928 3452 190 61 est
1009 3452 325 61 delectari,

304 3526 243 62 quia
456 3526 334 62 fructus
699 3526 213 62 est
820 3526 365 62 objectum
1063 3526 274 62 fruiti¬-

303 3602 290 50 onis.
496 3602 323 50 Passio
722 3602 290 50 autem
916 3602 226 50 non
1045 3602 226 50 ita
1141 3602 194 50 esse

1374 338 306 70 potest
1589 338 306 70 primum
1803 338 367 70 objectum
2078 338 245 70 sui,
2201 338 214 70 sicut

1376 413 306 70 potest
1591 413 245 70 esse
1744 413 306 70 primum
1958 413 368 70 objectum
2204 413 214 70 alte¬-

1383 490 252 64 rius,
1551 490 224 64 ideo
1691 490 252 64 frui,
1859 490 168 64 si
1944 490 196 64 est
2056 490 364 64 passionis
2308 490 112 64 ut

1383 568 365 65 objecti,
1657 568 183 65 ut
1748 568 274 65 sonat
1931 568 457 65 auctoritas,
2266 568 152 65 non

1381 640 237 68 erit
1530 640 326 68 passio,
1767 640 208 68 sed
1885 640 208 68 est
2004 640 267 68 actus
2152 640 267 68 aliquis

1382 718 305 66 potens
1596 718 305 66 habere
1810 718 275 66 istas
1993 718 397 66 passiones
2267 718 153 66 pro

1385 792 365 67 objectis
1659 792 274 67 quasi
1841 792 365 67 proximis
2115 792 213 67 suo
2207 792 213 67 primo

1382 868 378 67 objecto.
1665 868 189 67 Et
1759 868 220 67 cum
1885 868 346 67 dicitur
2137 868 252 67 quod
2263 868 157 67 per

1380 943 178 59 se
1469 943 296 59 fructu
1677 943 355 59 fruimur,
1943 943 207 59 non
2062 943 207 59 est
2180 943 207 59 hoc
2269 943 148 59 in-

1373 1019 490 67 telligendum
1765 1019 196 67 in
1863 1019 359 67 ratione
2092 1019 326 67 formalis

1380 1096 392 67 principii,
1688 1096 252 67 sicut
1856 1096 252 67 ignis
2023 1096 280 67 calore
2191 1096 224 67 calet*

1379 1172 197 63 sed
1491 1172 169 63 in
1575 1172 309 63 ratione
1800 1172 337 63 objecti,
2053 1172 253 63 sicut
2221 1172 169 63 si
2278 1172 140 63 di¬-

1375 1249 368 63 ceretur,
1651 1249 245 63 quod
1804 1249 337 63 amabili
2049 1249 337 63 amamus,
2264 1249 153 63 sed

1381 1324 169 54 in
1465 1324 309 54 ratione
1690 1324 281 54 causae
1886 1324 365 54 formalis,
2139 1324 281 54 fruitio¬-

1375 1402 190 50 ne
1470 1402 380 50 fruimur.
1756 1402 444 50 Auctoritas
2104 1402 285 50 autem
2263 1402 158 50 non

1373 1478 304 62 dicit
1576 1478 371 62 aliquid
1846 1478 472 62 consequens
2183 1478 236 62 actum

1377 1550 254 57 esse
1536 1550 476 57 fruitionem,
1917 1550 222 57 sed
2043 1550 381 57 fructum,
2297 1550 127 57 id

1381 1629 232 61 est,
1526 1629 405 61 fruitionis
1815 1629 319 61 objectum.

1649 1796 475 42 COMMENTARIUS.

1441 1941 160 56 (a)
1532 1941 137 56 De
1601 1941 251 56 secundo
1783 1941 274 56 articulo
1989 1941 342 56 principali.
2262 1941 183 56 Quia
2354 1941 91 56 5.

1383 2020 309 53 habemus
1608 2020 253 53 actum
1776 2020 281 53 .bonum
1973 2020 309 53 propter
2197 2020 197 53 se,
2282 2020 140 53 se¬-

1384 2096 259 52 cundo
1557 2096 490 52 delectationem
1961 2096 461 52 consequentem
2307 2096 115 52 a-

1385 2171 223 54 ctum
1525 2171 391 54 perfectum,
1832 2171 168 54 et
1915 2171 279 54 tertio
2111 2171 251 54 actum
2251 2171 168 54 pro¬-

1387 2248 211 53 pter
1518 2248 263 53 aliud,
1703 2248 263 53 quarto
1887 2248 237 53 actum
2045 2248 316 53 neutrum;
2256 2248 158 53 pri¬-

1383 2323 202 51 mus
1499 2323 202 51 est
1614 2323 405 51 perfectus;
1932 2323 347 51 secundus
2193 2323 202 51 non
2279 2323 145 51 est

1386 2399 244 53 actus
1549 2399 325 53 elicitus
1793 2399 136 53 ,
1847 2399 190 53 sed
1955 2399 298 53 quaedam
2172 2399 271 53 passio
2335 2399 81 53 ,

1385 2474 159 52 ut
1465 2474 239 52 infra
1624 2474 265 52 patet;
1810 2474 292 52 tertius
2022 2474 186 52 est
2128 2474 239 52 actus
2261 2474 159 52 neu¬-

1387 2551 218 44 ter.
1523 2551 272 44 Primus
1713 2551 327 44 secundum
1958 2551 327 44 Doctorem
2176 2551 245 44 dicitur

1386 2625 297 56 fruitio.
1609 2625 297 56 Secundus
1832 2625 223 56 usus,
1981 2625 198 56 etc.
2105 2625 198 56 ideo
2204 2625 223 56 quaerit

1387 2703 253 53 Doctor
1564 2703 177 53 cui
1665 2703 279 53 istorum
1868 2703 329 53 conveniat
2121 2703 304 53 fruitio.
2324 2703 101 53 Et

1387 2780 259 55 arguit
1569 2780 182 55 pro
1672 2780 182 55 una
1776 2780 259 55 parte,
1958 2780 311 55 probando
2191 2780 208 55 quod
2295 2780 130 55 vo-

1385 2854 222 54 litio
1533 2854 271 54 propter
1731 2854 148 54 se
1805 2854 173 54 sit
1903 2854 296 54 fruitio;
2125 2854 148 54 et
2199 2854 173 54 pro
2273 2854 148 54 alia

1387 2930 212 52 parte
1529 2930 283 52 probando
1741 2930 188 52 quod
1859 2930 259 52 fruitio
2047 2930 165 52 sit
2141 2930 259 52 formali
2306 2930 118 52 ter

1387 3005 362 57 delectatio
1672 3005 362 57 consequens
1956 3005 233 57 actum
2112 3005 336 57 perfectum
2344 3005 78 57 ;

1388 3082 152 55 et
1464 3082 253 55 tandem
1641 3082 228 55 tenet
1793 3082 202 55 quod
1919 3082 228 55 actus
2071 3082 329 55 perfectus
2299 3082 127 55 sit

1388 3155 309 57 formaliter
1631 3155 265 57 fruitio,
1829 3155 132 57 et
1895 3155 243 57 clarius
2072 3155 154 57 hoc
2160 3155 199 57 patet
2293 3155 132 57 in
2337 3155 88 57 4.

1387 3233 148 54 d.
1461 3233 173 54 49.
1560 3233 148 54 Et
1634 3233 222 54 dicit
1782 3233 197 54 quod
1905 3233 271 54 aliquae
2078 3233 345 54 auctoritates

1388 3308 260 56 probant
1578 3308 142 56 de
1649 3308 189 56 actu
1767 3308 308 56 perfecto,
2004 3308 142 56 et
2075 3308 260 56 aliquae
2264 3308 142 56 de
2312 3308 118 56 de¬-

1389 3384 345 55 lectatione,
1665 3384 138 55 et
1734 3384 253 55 aliquae
1918 3384 138 55 de
1987 3384 253 55 utroque
2171 3384 230 55 simul,
2309 3384 115 55 sed

1384 3457 187 57 hoc
1491 3457 294 57 tertium
1705 3457 214 57 erit
1839 3457 268 57 tantum
2027 3457 214 57 unum
2160 3457 187 57 per
2241 3457 187 57 acci¬-

1388 3532 227 55 dens,
1539 3532 202 55 quia
1666 3532 177 55 non
1767 3532 354 55 significat
2045 3532 329 55 immediate
2272 3532 152 55 unum

1385 3611 173 53 per
1484 3611 148 53 se
1558 3611 346 53 conceptum,
1830 3611 173 53 sed
1928 3611 272 53 plures,
2126 3611 222 53 sicut
2249 3611 173 53 Ilias
