2624 3979
183 326 352 62 significat
460 326 252 62 bellum
636 326 302 62 Trojanum
862 326 126 62 ,
912 326 151 62 ut
988 326 226 62 patet
1113 326 101 62 7.

191 409 189 43 Met.
310 409 213 43 texi.
451 409 189 43 com.
546 409 118 43 13.

240 476 167 63 (b)
336 476 143 63 De
407 476 215 63 primo
551 476 263 63 videtur
742 476 335 63 auctoritas
981 476 239 63 Augusti¬-

191 555 141 58 ni
262 555 118 58 :
309 555 212 58 Omnis
450 555 235 58 itaque
615 555 235 58 humana
779 555 306 58 perversio
1014 555 165 58 est
1085 555 141 58 frui

188 629 302 61 utendis,
414 629 151 61 et
490 629 176 61 uti
591 629 327 61 fruendis;
842 629 201 61 modo
943 629 277 61 perversio

188 703 202 60 sive
314 703 304 60 peccatum
542 703 177 60 est
643 703 354 60 formaliter
921 703 152 60 in
997 703 202 60 actu
1099 703 127 60 vo¬-

190 778 275 60 luntatis
396 778 115 60 ;
442 778 229 60 patet,
603 778 183 60 quia
718 778 161 60 est
809 778 275 60 carentia
993 778 229 60 rectitu¬-

192 854 212 60 dinis
334 854 188 60 quae
451 854 259 60 deberet
639 854 235 60 inesse
804 854 235 60 actui,
968 854 141 60 ut
1039 854 212 60 patet
1156 854 71 60 a

189 929 293 51 Doctore
403 929 160 51 2.
483 929 240 51 disl.
643 929 187 51 34.
749 929 187 51 37.
856 929 320 51 Peccatum
1069 929 160 51 enim

191 1010 372 51 formaliter
484 1010 319 51 secundum
724 1010 372 51 communiter
990 1010 239 51 Theolo¬-

196 1085 172 63 gos
295 1085 172 63 est
393 1085 344 63 deformitas
663 1085 270 63 fundata
860 1085 147 63 in
933 1085 196 63 actu
1032 1085 196 63 volun¬-

203 1159 211 64 tatis
343 1159 234 64 primo,
507 1159 211 64 licet
648 1159 234 64 possit
811 1159 211 64 etiam
952 1159 187 64 esse
1046 1159 187 64 defor¬-

201 1236 206 60 mitas
339 1236 137 60 in
407 1236 252 60 actibus
591 1236 275 60 alterius
797 1236 298 60 potentiae
1026 1236 115 60 a
1049 1236 183 60 volun¬-

200 1313 218 56 tate
336 1313 136 56 ,
391 1313 191 56 sed
500 1313 273 56 tantum
691 1313 436 56 materialiter
1045 1313 164 56 et
1100 1313 136 56 non

200 1388 247 61 primo,
373 1388 173 61 nec
472 1388 371 61 formaliter,
769 1388 148 61 ut
843 1388 222 61 patet
991 1388 124 61 a
1016 1388 222 61 Doctore

202 1463 152 62 in
278 1463 126 62 2
328 1463 152 62 d.
404 1463 177 62 42.
505 1463 177 62 non
606 1463 177 62 est
707 1463 202 62 ergo
834 1463 152 62 in
884 1463 354 62 delectatione

204 1538 253 65 primo.
381 1538 203 65 Tum,
508 1538 203 65 quia
634 1538 355 65 delectatio
913 1538 177 65 non
1014 1538 177 65 est
1090 1538 152 65 mala

205 1616 212 64 nisi
338 1616 212 64 quia
471 1616 266 64 actus,
657 1616 159 64 ad
737 1616 212 64 quem
843 1616 398 64 concomitatur,

211 1692 181 62 est
314 1692 258 62 malus.
495 1692 207 62 Tum,
624 1692 207 62 quia
753 1692 361 62 delectatio
1037 1692 181 62 non
1115 1692 129 62 est

209 1764 156 68 in
287 1764 337 68 potestate
546 1764 363 68 voluntatis
831 1764 337 68 immediate
1090 1764 130 68 ,
1116 1764 130 68 sed

213 1840 264 69 praecise
411 1840 242 69 dicitur
587 1840 132 69 in
653 1840 286 69 potestate
872 1840 330 69 voluntatis,
1114 1840 132 69 quia

210 1918 404 61 concomitatur
538 1918 253 61 actum,
715 1918 177 61 qui
816 1918 177 61 est
917 1918 152 61 in
968 1918 278 61 potestate

210 1995 411 61 voluntatis;
538 1995 219 61 ergo
675 1995 356 61 peccatum,
949 1995 192 61 imo
1058 1995 192 61 est
1140 1995 110 61 in

214 2070 364 63 voluntate;
500 2070 208 63 ergo
630 2070 286 63 fruitio
837 2070 208 63 mala
967 2070 208 63 erit
1071 2070 182 63 actus

218 2144 344 62 voluntatis
489 2144 246 62 malus,
661 2144 147 62 et
734 2144 172 62 per
832 2144 344 62 consequens
1078 2144 172 62 frui¬-

225 2222 168 54 tio
321 2222 192 54 bona
441 2222 192 54 erit
560 2222 335 54 formaliter
824 2222 216 54 actus
944 2222 311 54 voluntatis.

219 2297 225 66 Tum,
360 2297 225 66 quia
501 2297 197 66 ubi
613 2297 225 66 unum
754 2297 394 66 oppositum,
1064 2297 197 66 ibi
1148 2297 113 66 et

223 2374 239 62 aliud
383 2374 345 62 oppositum
648 2374 239 62 natum
808 2374 186 62 est
914 2374 292 62 inesse.
1100 2374 159 62 Tum,

224 2448 213 68 quia
358 2448 373 68 delectatio
651 2448 187 68 non
758 2448 187 68 est
864 2448 213 68 bona
997 2448 213 68 nisi
1104 2448 160 68 quia

224 2525 229 64 actus
376 2525 203 64 quem
503 2525 305 64 sequitur
732 2525 178 64 est
834 2525 254 64 bonus.
1012 2525 203 64 Tum,
1113 2525 153 64 quia

228 2600 338 60 delectatio
493 2600 169 60 non
590 2600 169 60 est
686 2600 145 60 in
759 2600 314 60 potestate
976 2600 289 60 voluntatis

226 2678 198 63 nisi
350 2678 198 63 quia
474 2678 223 63 actus
623 2678 198 63 quem
747 2678 322 63 sequitur,
995 2678 174 63 est
1094 2678 149 63 in
1144 2678 124 63 po¬-

233 2753 265 57 testate
426 2753 338 57 voluntatis
691 2753 121 57 ;
739 2753 193 57 modo
860 2753 241 57 nullus
1029 2753 169 57 est
1101 2753 169 57 actus

232 2828 212 59 bonus
374 2828 330 59 formaliter
633 2828 189 59 nisi
751 2828 283 59 elicitus
963 2828 118 59 a
987 2828 283 59 voluntate,

238 2906 353 58 conformiter
521 2906 259 58 rationi
710 2906 259 58 rectae,
898 2906 141 58 ut
969 2906 212 58 supra
1087 2906 188 58 patuit

240 2980 129 64 in
305 2980 237 64 quaesi,
477 2980 258 64 depraxi,
671 2980 129 64 et
735 2980 194 64 infra
864 2980 258 64 patebit,
1058 2980 194 64 dist.
1165 2980 108 64 17.

291 3056 181 65 (c)
395 3056 285 65 Secundo
602 3056 310 65 probatur
834 3056 181 65 per
938 3056 362 65 Augustinum
1196 3056 78 65 :

243 3132 189 56 Frui
361 3132 165 56 est
456 3132 212 56 amore
597 3132 307 56 inhaerere
833 3132 236 56 alicui
998 3132 165 56 rei
1069 3132 212 56 propter

240 3209 339 63 seipsam;
494 3209 226 63 ergo
635 3209 226 63 amor
776 3209 198 63 quo
889 3209 339 63 voluntas
1115 3209 169 63 amat

249 3282 258 68 aliquid
436 3282 258 68 propter
624 3282 164 68 se,
718 3282 164 68 est
812 3282 329 68 formaliter
1047 3282 235 68 fruitio.

250 3363 315 56 Praeterea:
498 3363 270 56 Inhaesio
701 3363 248 56 videtur
881 3363 180 56 esse
994 3363 158 56 per
1062 3363 225 56 potenti¬-

252 3436 145 60 am
324 3436 265 60 motivam
517 3436 386 60 inhaerentis,
831 3436 145 60 id
903 3436 193 60 est,
1024 3436 241 60 quando
1168 3436 121 60 vo¬-

251 3512 248 63 luntas
425 3512 273 63 proprie
623 3512 297 63 inhaeret
846 3512 273 63 objecto
1044 3512 124 63 ,
1094 3512 173 63 est
1168 3512 124 63 per

253 3585 253 63 actum
422 3585 225 63 suum
562 3585 225 63 quem
703 3585 365 63 producit,
984 3585 309 63 tendere
1181 3585 112 63 in

1267 320 201 69 illud
1401 320 112 69 ;
1445 320 134 69 et
1512 320 134 69 si
1579 320 223 69 libere
1735 320 268 69 inhaeret
1936 320 245 69 objecto
2092 320 201 69 propter

1265 401 176 66 se,
1366 401 176 66 est
1466 401 252 66 libere
1642 401 327 66 producere
1894 401 252 66 actum,
2070 401 176 66 quo
2146 401 151 66 vult

1268 475 287 65 objectam
1483 475 263 65 propter
1674 475 167 65 se,
1770 475 191 65 sive
1889 475 167 65 quo
1985 475 287 65 inhaeret
2176 475 119 65 ob¬-

1262 551 223 67 jecto
1411 551 198 67 sive
1535 551 173 67 quo
1634 551 248 67 fertur
1807 551 149 67 in
1881 551 297 67 objectum
2079 551 223 67 propter

1268 628 177 65 se.
1369 628 227 65 Sicut
1520 628 227 65 etiam
1672 628 303 65 dicimus,
1899 628 202 65 quod
2025 628 227 65 lapis
2152 628 152 65 actu

1268 706 186 64 suo
1375 706 318 64 inhaeret
1613 706 292 64 centro,
1826 706 212 64 quia
1958 706 318 64 producit
2170 706 133 64 suo

1272 780 227 66 modo,
1423 780 177 66 ubi
1524 780 303 66 passivum
1751 780 151 66 in
1827 780 151 66 se
1902 780 177 66 quo
2003 780 303 66 inhaeret
2205 780 101 66 et

1278 860 318 65 quielatur
1522 860 147 65 in
1595 860 269 65 centro,
1791 860 147 65 et
1864 860 171 65 sic
1962 860 293 65 sequitur
2157 860 147 65 quod

1277 934 257 64 fruitio
1464 934 164 64 sit
1557 934 210 64 actus
1697 934 164 64 quo
1791 934 280 64 voluntas
2001 934 280 64 inhaeret
2188 934 117 64 ob¬-

1271 1011 235 67 jecto,
1436 1011 141 67 et
1507 1011 165 67 non
1601 1011 353 67 delectatio.
1883 1011 235 67 Patet,
2048 1011 188 67 quia
2142 1011 165 67 dele¬-

1280 1089 240 67 ctatio
1448 1089 168 67 non
1544 1089 263 67 videtor
1735 1089 311 67 effective
1975 1089 192 67 esse
2094 1089 120 67 a
2118 1089 192 67 poten¬-

1285 1165 159 62 tia
1376 1165 342 62 inhaerente,
1650 1165 205 62 (quae
1786 1165 251 62 proprie
1968 1165 251 62 dicitur
2128 1165 182 62 inhae¬-

1282 1245 202 65 rere
1408 1245 177 65 per
1509 1245 278 65 aliquid
1711 1245 328 65 productum
1964 1245 152 65 ab
2039 1245 227 65 ipsa,
2166 1245 152 65 quae

1286 1317 328 67 formaliter
1543 1317 305 67 inhaeret)
1778 1317 164 67 sed
1872 1317 305 67 effective
2106 1317 141 67 ab
2153 1317 164 67 obje¬-

1287 1395 165 65 cto
1382 1395 376 65 delectabili,
1687 1395 141 65 ut
1758 1395 235 65 patuit
1922 1395 141 65 in
1993 1395 141 65 3.
2063 1395 141 65 d,
2134 1395 141 65 15
2181 1395 141 65 ergo

1290 1473 294 61 potentia
1510 1473 245 61 fruens
1681 1473 171 61 non
1779 1473 269 61 dicitur
1975 1473 171 61 per
2073 1473 220 61 illam
2196 1473 122 61 in¬-

1292 1548 263 62 haerere
1484 1548 335 62 formaliter
1747 1548 263 62 objecto
1939 1548 263 62 propter
2130 1548 168 62 se,
2202 1548 120 62 cum

1291 1625 226 59 talis
1442 1625 302 59 inhaesio
1668 1625 277 59 nominet
1869 1625 327 59 potentiam
2096 1625 226 59 motivam

1298 1703 194 59 sive
1419 1703 364 59 productivam
1710 1703 219 59 actus
1856 1703 170 59 quo
1929 1703 267 59 inhaeret.

1348 1815 163 62 (d)
1441 1815 163 62 Sed
1534 1815 186 62 ista
1650 1815 209 62 ratio
1789 1815 163 62 non
1882 1815 325 62 concludit.
2114 1815 209 62 Adverte

1295 1893 201 62 quod
1421 1893 176 62 non
1521 1893 227 62 dicit
1672 1893 252 62 Doctor
1849 1893 151 62 ex
1924 1893 352 62 intentione
2176 1893 151 62 quod

1296 1967 177 55 non
1397 1967 353 55 concludat,
1674 1967 177 55 sed
1775 1967 177 55 non
1876 1967 328 55 concludit
2103 1967 227 55 tenenti

1299 2042 417 50 delectationem
1643 2042 196 50 esse
1766 2042 147 50 de
1839 2042 294 50 essentia
2036 2042 294 50 beatitudi-

1303 2118 197 60 nis,
1426 2118 197 60 quia
1549 2118 197 60 ipsi
1673 2118 295 60 haberent
1894 2118 246 60 dicere
2066 2118 197 60 quod
2165 2118 172 60 licet

1309 2194 321 60 delectatio
1561 2194 160 60 sit
1653 2194 298 60 effective
1882 2194 137 60 ab
1951 2194 252 60 objecto
2111 2194 229 60 delecta¬-

1307 2268 231 59 bili,
1462 2268 231 59 tamen
1616 2268 309 59 mediante
1847 2268 231 59 ipsa,
2002 2268 309 59 voluntas
2207 2268 129 59 in¬-

1310 2345 228 63 haeret
1470 2345 251 63 objecto
1653 2345 137 63 et
1721 2345 320 63 delectatur
1973 2345 137 63 in
2041 2345 183 63 tali
2132 2345 206 63 objecto

1313 2422 147 63 ut
1386 2422 147 63 in
1459 2422 196 63 fine
1582 2422 269 63 ultimo,
1777 2422 171 63 sed
1875 2422 196 63 tunc
1998 2422 269 63 videtur
2169 2422 171 63 sequi

1314 2499 201 62 quod
1439 2499 276 62 fruitio
1640 2499 226 62 nullo
1790 2499 201 62 modo
1916 2499 176 62 sit
2016 2499 150 62 in
2066 2499 276 62 potestate

1312 2576 320 60 fruentis,
1558 2576 172 60 sed
1657 2576 197 60 quod
1780 2576 295 60 potentia
2001 2576 246 60 fruens
2149 2576 197 60 tantum

1314 2653 278 64 passive
1516 2653 152 64 se
1592 2653 303 64 habeant,
1819 2653 202 64 quod
1946 2653 177 64 non
2047 2653 303 64 videtur,
2249 2653 101 64 ut

1318 2730 264 62 patebit
1510 2730 144 62 in
1582 2730 144 62 4.
1654 2730 144 62 d.
1726 2730 168 62 49.
1822 2730 144 62 et
1894 2730 168 62 sic
1990 2730 216 62 ratio
2110 2730 240 62 Docloris

1314 2807 308 60 videtur
1538 2807 252 60 magis
1706 2807 392 60 concludere
1987 2807 364 60 propositum,

1322 2882 281 62 scilicet
1532 2882 187 62 quod
1649 2882 257 62 fruitio
1836 2882 164 62 sit
1930 2882 328 62 formaliter
2164 2882 187 62 actus.

1377 2963 167 61 (e)
1472 2963 214 61 Quod,
1615 2963 214 61 autem
1758 2963 191 61 frui
1878 2963 167 61 sit
1973 2963 238 61 tantum
2116 2963 238 61 delecta¬-

1327 3037 183 59 tio.
1441 3037 160 59 Hic
1533 3037 229 59 Doctor
1693 3037 252 59 adducit
1876 3037 252 59 aliquas
2036 3037 320 59 auctoritates

1329 3114 192 63 quae
1449 3114 288 63 videntur
1665 3114 264 63 dicere,
1857 3114 312 63 fruitione
2096 3114 192 63 esse
2192 3114 168 63 dele¬-

1331 3196 353 58 ctationem.
1608 3196 227 58 Prima
1759 3196 176 58 est
1860 3196 328 58 Augustini
2112 3196 126 58 :
2162 3196 176 58 Hoc
2238 3196 126 58 est

1329 3271 230 58 enim
1473 3271 288 58 plenum
1674 3271 316 58 gaudium
1905 3271 316 58 nostrum
2135 3271 201 58 quo
2221 3271 144 58 am¬-

1331 3345 198 62 plius
1463 3345 154 62 non
1551 3345 176 62 est,
1662 3345 176 62 frui
1772 3345 309 62 Trinitate,
2014 3345 132 62 id
2080 3345 176 62 esi,
2169 3345 198 62 fruitio

1333 3421 362 59 Trinitatis
1617 3421 181 59 est
1721 3421 258 59 summum
1902 3421 284 59 gaudium
2109 3421 284 59 nostrum
2289 3421 78 59 ;

1340 3498 221 62 ergo.
1488 3498 172 62 Sed
1586 3498 221 62 forte
1733 3498 221 62 debet
1881 3498 246 62 exponi
2053 3498 196 62 quod
2176 3498 172 62 non
2249 3498 123 62 sit

1342 3573 164 62 hic
1435 3573 352 62 praedicatio
1717 3573 305 62 formalis,
1951 3573 164 62 sed
2045 3573 234 62 tantum
2185 3573 188 62 causa-
