2624 3979
301 338 334 56 Delectatio
564 338 191 56 enim
683 338 167 56 non
779 338 239 56 potest
946 338 191 56 dici
1065 338 215 56 frui,
1185 338 143 56 quia

296 414 172 54 non
395 414 172 54 est
493 414 148 54 id
567 414 172 54 quo
666 414 345 54 attingitur
936 414 295 54 fructus,
1133 414 197 54 scili¬-

297 492 172 52 cet
396 492 294 52 objectum
616 492 294 52 fruibile
837 492 123 52 ;
886 492 172 52 imo
984 492 294 52 sequitur
1181 492 147 52 ope¬-

297 566 288 54 rationem
513 566 168 54 qua
609 566 336 54 attingitur
873 566 288 54 objectum
1065 566 264 54 fruibile,

292 641 186 53 nam
399 641 319 53 potentia
638 641 239 53 prius
798 641 213 53 amat
931 641 319 53 objectum
1144 641 186 53 frui¬-

293 716 198 56 bile
417 716 148 56 et
491 716 247 56 postea
664 716 297 56 sequitur
887 716 371 56 delectatio.
1159 716 173 56 Illud

296 794 196 53 ergo
419 794 172 53 quo
517 794 295 53 potentia
739 794 295 53 attingit
960 794 295 53 objectum
1156 794 172 53 frui¬-

299 869 202 48 bile,
433 869 157 48 est
523 869 314 48 formeliter
770 869 202 48 frui,
905 869 135 48 et
972 869 202 48 illud
1107 869 157 48 est
1174 869 157 48 actus

299 947 320 50 voluntatis
528 947 274 50 perfectus.

353 1020 180 53 (i)
456 1020 154 53 Ad
533 1020 309 53 secundum
765 1020 334 53 respondet
1022 1020 206 53 quod
1125 1020 206 53 aucto¬-

302 1096 205 51 ritas
439 1096 160 51 est
530 1096 137 51 in
599 1096 319 51 oppositum,
850 1096 137 51 et
918 1096 228 51 expono
1078 1096 274 51 litteram
1261 1096 68 51 :

304 1175 172 45 Cum
403 1175 196 45 enim
525 1175 221 45 dicat
672 1175 368 45 auctoritas,
966 1175 172 45 non
1064 1175 221 45 actus
1187 1175 147 45 esse

299 1248 275 53 fructus,
505 1248 137 53 id
574 1248 183 53 est,
688 1248 183 53 quod
803 1248 252 53 fructus
986 1248 160 53 non
1077 1248 160 53 est
1146 1248 183 53 actus,

296 1324 186 52 sed
403 1324 266 52 passio
589 1324 133 52 ,
642 1324 213 52 quia
775 1324 293 52 gaudium
988 1324 213 52 quod
1095 1324 239 52 dicitur

298 1400 258 52 fructus
485 1400 305 52 spiritus,
720 1400 164 52 non
814 1400 164 52 est
908 1400 235 52 actus,
1072 1400 164 52 sed
1142 1400 188 52 passio

298 1476 345 52 consequens
570 1476 222 52 actum
718 1476 123 52 ;
767 1476 296 52 sequitur
989 1476 197 52 quod
1112 1476 197 52 frui
1211 1476 123 52 non

300 1552 176 51 est
401 1552 353 51 delectari,
678 1552 202 51 quia
804 1552 277 51 fructus
1005 1552 176 51 est
1081 1552 252 51 objectum

297 1625 354 53 fruitionis,
581 1625 236 53 patet,
746 1625 189 53 quia
864 1625 236 53 fructu
1006 1625 330 53 persefruimur

296 1702 149 53 ut
371 1702 297 53 objecto,
593 1702 248 53 passio
767 1702 223 53 autem
915 1702 173 53 non
1014 1702 173 53 est
1088 1702 248 53 objectum

296 1774 362 53 fruitionis;
585 1774 193 53 tunc
706 1774 193 53 enim
827 1774 169 53 ita
923 1774 241 53 posset
1092 1774 193 53 esse
1188 1774 145 53 pri¬-

296 1854 177 51 mum
397 1854 304 51 objectum
625 1854 203 51 sui,
752 1854 228 51 sicut
903 1854 253 51 potest
1081 1854 203 51 esse
1182 1854 152 51 pri¬-

297 1929 169 52 mum
393 1929 289 52 objectum
610 1929 314 52 alterius,
852 1929 241 52 patet,
1020 1929 193 52 quia
1141 1929 145 52 si
1189 1929 145 52 fru¬-

299 2004 202 53 ctus
425 2004 177 53 est
526 2004 303 53 objectum
753 2004 379 53 fruitionis,
1056 2004 152 53 et
1107 2004 227 53 gaudium

297 2079 181 53 est
401 2079 311 53 fructus,
634 2079 156 53 et
712 2079 181 53 per
816 2079 363 53 consequens
1075 2079 259 53 objectum

297 2155 361 52 fruitionis,
586 2155 145 52 et
658 2155 217 52 ipsum
803 2155 265 52 gaudium
996 2155 265 52 ponitur
1164 2155 169 52 frui¬-

299 2232 165 52 tio
394 2232 118 52 ;
441 2232 188 52 ergo
559 2232 188 52 idem
676 2232 188 52 erit
794 2232 283 52 objectum
1006 2232 330 52 fruitionis
1242 2232 94 52 et

296 2307 193 52 ipsa
416 2307 265 52 fruitio
609 2307 120 52 ,
657 2307 193 52 quod
778 2307 169 52 non
874 2307 169 52 est
946 2307 386 52 intelligibile,

299 2382 188 54 quia
417 2382 259 54 fruitio
606 2382 330 54 terminatur
865 2382 141 54 ad
936 2382 283 54 objectum
1124 2382 212 54 fruibi¬-

297 2459 169 52 le,
394 2459 145 52 et
466 2459 145 52 si
539 2459 194 52 idem
660 2459 218 52 esset
805 2459 290 52 objectum
1023 2459 314 52 fruibile,
1240 2459 97 52 et

296 2533 272 44 fruitio
494 2533 197 44 idem
617 2533 296 44 realiter
839 2533 395 44 terminaretur
1160 2533 148 44 ad
1210 2533 123 44 se-

297 2614 234 50 ipsum
453 2614 156 50 et
531 2614 312 50 secundum
765 2614 234 50 idem.
921 2614 312 50 Sequitur
1155 2614 130 50 :
1181 2614 156 50 Ideo

300 2689 185 51 frui
415 2689 138 51 si
484 2689 161 51 est
577 2689 300 51 passionis
807 2689 138 51 ut
877 2689 277 51 objecti,
1084 2689 138 51 id
1153 2689 185 51 est,
1246 2689 92 51 ut

295 2765 404 51 terminatur
613 2765 173 51 ad
700 2765 376 51 passionem
988 2765 173 51 ut
1046 2765 289 51 objectum

299 2840 321 52 fruibile,
546 2840 222 52 ipsum
695 2840 198 52 frui
818 2840 173 52 non
917 2840 198 52 erit
1041 2840 272 52 passio,
1213 2840 124 52 sed

301 2917 188 51 frui
419 2917 188 51 erit
537 2917 212 51 actus
678 2917 259 51 aliquis
866 2917 235 51 potens
1031 2917 235 51 habere
1172 2917 165 51 istas

300 2994 321 52 passiones
547 2994 173 52 pro
646 2994 296 52 objectis
867 2994 296 52 proximis
1089 2994 173 52 suo
1163 2994 173 52 primo

299 3069 301 52 objecto
518 3069 137 52 ;
573 3069 247 52 patet
737 3069 137 52 ,
792 3069 192 52 nam
902 3069 274 52 primum
1066 3069 274 52 objectum

300 3143 304 41 fruibile
528 3143 330 41 immediate
781 3143 330 41 terminans
1035 3143 228 41 actum
1162 3143 177 41 frui¬-

304 3219 246 48 tionis
477 3219 123 48 ,
526 3219 295 48 ordinale
747 3219 172 48 est
845 3219 197 48 Deus
968 3219 148 48 ut
1042 3219 221 48 finis
1165 3219 172 48 ulti¬-

299 3294 192 51 mus
408 3294 137 51 ,
463 3294 164 51 ad
545 3294 219 51 quam
682 3294 383 51 fruitionem
956 3294 383 51 concomitatur

303 3370 344 51 delectatio
574 3370 147 51 de
647 3370 196 51 ipso
770 3370 196 51 Deo,
893 3370 147 51 et
967 3370 172 51 sic
1040 3370 295 51 delectatio

300 3445 207 52 illa
430 3445 181 52 est
533 3445 311 52 objectum
766 3445 311 52 fruibile
999 3445 311 52 proximum
1207 3445 129 52 Deo

301 3521 156 52 ut
379 3521 285 52 objecto
586 3521 233 52 summo
742 3521 415 52 delectabili.
1079 3521 156 52 De
1157 3521 181 52 hoc
1234 3521 104 52 in

302 3597 155 51 4.
380 3597 155 51 d.
457 3597 181 51 49.
561 3597 311 51 Sequitur
794 3597 181 51 ibi
898 3597 129 51 :
950 3597 155 51 Et
1027 3597 181 51 cum
1105 3597 233 51 dicitur

1381 337 196 50 quod
1503 337 171 50 per
1601 337 147 50 se
1674 337 245 50 fructu
1846 337 294 50 fruimur,
2066 337 171 50 non
2164 337 220 50 debet
2287 337 122 50 in-

1380 413 252 50 telligi
1564 413 138 50 in
1632 413 252 50 ratione
1816 413 275 50 formalis
2022 413 321 50 principii,
2251 413 161 50 sicut

1382 489 269 51 dicimus
1577 489 220 51 calor
1723 489 366 51 calefacere,
2016 489 171 51 vel
2114 489 220 51 agens
2236 489 171 51 acti¬-

1382 563 171 53 one
1479 563 220 53 agit,
1626 563 171 53 non
1724 563 196 53 enim
1846 563 196 53 frui
1968 563 171 53 est
2066 563 293 53 effectus
2261 563 147 53 for¬-

1378 640 227 49 malis
1529 640 302 49 fructus,
1756 640 176 49 sed
1857 640 176 49 est
1957 640 302 49 effectus
2159 640 252 49 formalis

1382 716 351 50 fruitionis,
1663 716 141 50 et
1733 716 164 50 sic
1827 716 258 50 dicimus
2014 716 258 50 fruimur
2178 716 234 50 fruitio¬-

1380 792 172 52 ne,
1479 792 172 52 sed
1577 792 221 52 debet
1724 792 319 52 intelligi
1970 792 246 52 fructu
2142 792 147 52 in
2191 792 221 52 ratione

1383 872 294 52 objecti,
1603 872 147 52 et
1676 872 171 52 sic
1774 872 171 52 per
1872 872 147 52 se
1945 872 269 52 fruimur
2141 872 269 52 fructu,
2312 872 98 52 id

1387 948 174 52 est,
1496 948 240 52 objecto
1670 948 152 52 per
1758 948 131 52 se
1823 948 283 52 fruibili,
2041 948 196 52 sicut
2171 948 131 52 si
2215 948 196 52 dicere¬-

1384 1028 168 49 tur
1480 1028 263 49 amabili
1671 1028 168 49 per
1767 1028 144 49 se
1839 1028 263 49 amamus,
2030 1028 287 49 scilicet
2246 1028 144 49 ut
2293 1028 120 49 ob¬-

1375 1103 233 52 jecto
1530 1103 181 52 per
1634 1103 155 52 se
1712 1103 388 52 terminativo
2023 1103 285 52 amoris,
2230 1103 181 52 sed
2307 1103 104 52 in

1379 1178 300 41 ratione
1597 1178 272 41 causae
1787 1178 327 41 formalis
2033 1178 300 41 dicimus
2223 1178 191 41 amore

1382 1254 267 50 amamus.
1576 1254 145 50 Et
1648 1254 170 50 sic
1745 1254 218 50 patet
1891 1254 194 50 ista
1987 1254 267 50 quaestio.

1646 1424 449 53 QILFSTIO
1945 1424 187 53 IV.

1388 1556 263 54 Istrum
1572 1556 210 54 fine
1703 1556 368 54 apprehenso
1992 1556 184 54 per
2071 1556 341 54 intellectum

1500 1631 339 56 necessario
1766 1631 290 56 voluntas
1984 1631 145 56 eo
2056 1631 266 56 fruatur
2225 1631 73 56 ?

1440 2224 351 56 Quaeritur
1710 2224 243 56 adhuc
1872 2224 243 56 circa
2034 2224 216 56 frui
2169 2224 162 56 de
2250 2224 135 56 „
2304 2224 162 56 l-
2358 2224 81 56 ,

1385 2301 211 48 modo
1516 2301 343 48 eliciendi
1780 2301 237 48 actum
1938 2301 237 48 illum
2096 2301 132 48 :
2149 2301 158 48 U-
2228 2301 237 48 circa
2360 2301 79 48 ,

1384 2376 196 62 trum
1507 2376 294 62 scilicet
1728 2376 196 62 tine
1850 2376 343 62 apprehenso
2120 2376 172 62 per
2194 2376 245 62 Aiiasco»

1386 2430 401 94 intellectum,
1712 2430 276 94 necesse
1912 2430 176 94 sit
2013 2430 301 94 volunta-
2213 2430 226 94 iTpe°-|

1387 2521 167 73 tem
1483 2521 191 73 frui
1602 2521 167 73 eo.
1698 2521 191 73 Quod
1817 2521 191 73 sic.
1937 2521 311 73 Avicenna,
2152 2521 287 73 9.CMeta0pn

1385 2603 299 60 Metaph.
1602 2603 163 60 8.
1684 2603 380 60 Delectatio
1982 2603 190 60 est
2064 2603 353 60 apprehensio

1384 2681 381 46 conveniens
1683 2681 191 46 cum
1792 2681 436 46 convenienti.
2147 2681 245 46 Finis
2283 2681 136 46 ne¬-

1380 2755 366 60 cessario
1655 2755 366 60 convenit
1930 2755 427 60 voluntati;
2235 2755 183 60 ergo

1378 2831 195 59 ex
1476 2831 520 59 conjunctione
1899 2831 260 59 ejus
2061 2831 228 59 cum
2159 2831 260 59 volun¬-

1384 2906 224 61 tate
1524 2906 336 61 sequitur
1776 2906 420 61 delectatio,
2111 2906 224 61 ergo
2223 2906 196 61 frui¬

1363 2983 141 46 tio.

1441 3059 293 60 Item,
1637 3059 293 60 finis
1832 3059 293 60 movet
1995 3059 424 60 metaphorice

1385 3135 266 60 sicut
1562 3135 384 60 efficiens
1857 3135 266 60 movet
2034 3135 354 60 proprie;
2270 3135 148 60 sed

1381 3211 409 60 efficiens
1695 3211 504 60 approximatum
2104 3211 283 60 passo
2262 3211 157 60 non

1381 3285 436 61 impeditum
1716 3285 201 61 de
1816 3285 503 61 necessitate
2185 3285 235 61 movet

1386 3361 364 61 proprie,
1659 3361 243 61 ergo
1810 3361 273 61 finis
1962 3361 455 61 approximatus,

1381 3437 228 60 hoc
1512 3437 228 60 est
1642 3437 391 60 prsesens
1935 3437 456 60 voluntati,
2260 3437 163 60 non

1379 3513 455 60 impeditus,
1737 3513 455 60 necessario
2095 3513 293 60 movet
2257 3513 163 60 me¬

1351 3589 353 61 taphorice.
