2653 3979
99 361 168 43 tas
195 361 312 43 informata
435 361 312 43 charitate
676 361 336 43 necessario
916 361 216 43 fruitur

100 438 183 53 tali
215 438 206 53 flne,
352 438 183 53 quia
467 438 160 53 ibi
558 438 206 53 nulla
696 438 160 53 est
787 438 206 53 ratio
902 438 229 53 alicujus

95 514 213 50 mali,
237 514 165 50 nec
332 514 284 50 defectus
544 514 213 50 boni,
686 514 142 50 et
757 514 213 50 liomo
899 514 142 50 si
946 514 189 50 videat

92 590 212 53 illum
234 590 212 53 finem
376 590 260 53 visione
564 590 307 53 practica,
801 590 189 53 qua;
895 590 236 53 scilicet

92 666 173 52 sit
191 666 321 52 direcliva
438 666 247 52 praxis
611 666 148 52 in
685 666 222 52 talem
833 666 247 52 finem,
981 666 148 52 quia

93 740 202 54 isli
219 740 278 54 volunt,
421 740 303 54 pracipue
649 740 227 54 Divus
800 740 278 54 Thomas,
977 740 152 54 quod

95 820 295 50 cognitio
317 820 295 50 practica
538 820 345 50 necessario
809 820 246 50 causet
957 820 172 50 actum

99 894 343 51 voluntatis.
374 894 183 51 Vide
488 894 183 51 quae
603 894 183 51 dixi
717 894 137 51 in
786 894 137 51 2.
854 894 206 51 dist.
992 894 137 51 7.
1037 894 92 51 et

92 969 186 50 25.
199 969 186 50 ubi
305 969 371 50 improbatur
596 969 239 50 Divus
756 969 292 50 Thomas,
941 969 186 50 prae¬-

95 1042 227 52 cipue
246 1042 151 52 in
321 1042 327 52 distinet.
573 1042 151 52 7.
649 1042 151 52 Et
724 1042 252 52 addunt
900 1042 201 52 quod
1001 1042 126 52 est

97 1119 215 48 tanta
240 1119 334 48 necessitas
503 1119 143 48 et
574 1119 310 48 connexio,
813 1119 286 48 scilicet
1004 1119 119 48 vi¬-

90 1193 240 51 sionis
258 1193 144 51 et
330 1193 312 51 praeficae
570 1193 144 51 et
643 1193 360 51 fruitionis,
931 1193 144 51 ut
979 1193 144 51 Deus

89 1268 151 53 de
164 1268 302 53 potentia
391 1268 302 53 absoluta
617 1268 176 53 non
718 1268 252 53 possit
869 1268 252 53 separare

92 1344 274 52 visionem
298 1344 114 52 a
344 1344 320 52 fruitione,
595 1344 160 52 sic
687 1344 137 52 ut
755 1344 183 52 stet
870 1344 206 52 visio
984 1344 137 52 pra¬-

91 1421 203 47 ctica
226 1421 293 47 Deitatis,
451 1421 135 47 et
518 1421 270 47 voluntas
721 1421 158 47 non
788 1421 225 47 fruatur.

137 1482 202 54 (b)
253 1482 317 54 Quantum
483 1482 173 54 ad
570 1482 317 54 quartum
772 1482 346 54 articulum,

89 1561 190 50 qui
198 1561 218 50 erat
334 1561 163 50 de
415 1561 353 50 voluntate
687 1561 190 50 non
796 1561 299 50 elevata
986 1561 136 50 per

91 1636 319 50 charitalem
342 1636 274 50 respectu
548 1636 228 50 ultimi
707 1636 205 50 finis
844 1636 205 50 clare
958 1636 160 50 visi,

86 1709 272 56 dicunt
276 1709 218 56 quod
412 1709 408 56 impossibile
739 1709 191 56 est
821 1709 299 56 hujusmodi

78 1787 384 53 voluntatem
379 1787 219 53 frui
516 1787 219 53 fine
653 1787 247 53 etiam
818 1787 247 53 viso,
955 1787 164 53 quia

82 1864 201 51 agere
216 1864 201 51 praes
350 1864 246 51 apponit
529 1864 201 51 esse,
641 1864 134 51 etc.

424 2022 319 37 SGHOLIUM.

135 2171 278 39 Refutat
337 2171 151 39 D.
412 2171 252 39 Thomam
589 2171 151 39 et
665 2171 303 39 Henricum
867 2171 252 39 asseren¬-

90 2235 163 41 tes
183 2235 327 41 voluntatem
440 2235 350 41 necessitari
720 2235 140 41 ad
790 2235 257 41 ultimum
954 2235 163 41 finem

87 2300 151 45 in
162 2300 277 45 communi
364 2300 277 45 obscure
565 2300 327 45 ostensum,
791 2300 327 45 auctoritate

87 2365 326 47 Augustini
338 2365 151 47 et
413 2365 377 47 quadruplici
714 2365 301 47 ratione.
915 2365 201 47 Primo,

88 2428 192 46 quia
208 2428 288 46 voluntas
424 2428 240 46 potest
592 2428 288 46 avertere
807 2428 120 46 a
831 2428 288 46 considera¬-

87 2491 206 49 tione
225 2491 229 49 finis.
385 2491 275 49 Secundo,
592 2491 321 49 sequeretur
844 2491 183 49 quod
936 2491 183 49 neces¬-

88 2555 206 39 sario
225 2555 275 39 amoveret
431 2555 481 39 inconsiderationem
843 2555 229 39 finis.
981 2555 137 39 Ter¬-

85 2618 193 49 tio,
205 2618 193 49 quod
326 2618 385 49 intensissime
639 2618 241 49 amaret
807 2618 241 49 contra
952 2618 169 49 expe¬-

89 2682 298 48 rientiam.
318 2682 252 48 Quarto,
501 2682 183 48 quia
616 2682 366 48 potentia,per
890 2682 229 48 partici¬-

89 2746 287 47 pationem
305 2746 240 47 libera
472 2746 144 47 ut
544 2746 240 47 visus,
712 2746 168 47 non
808 2746 216 47 magis
927 2746 192 47 tendit

88 2808 151 48 in
163 2808 302 48 objectum
389 2808 327 48 perfectum
641 2808 201 48 quam
766 2808 151 48 in
842 2808 251 48 aliud.
992 2808 126 48 Hic

89 2873 160 47 est
181 2873 206 47 longa
318 2873 252 47 additio
501 2873 206 47 digna
638 2873 229 47 lectu,
799 2873 183 47 quia
890 2873 229 47 continet

89 2937 229 50 flores
249 2937 389 50 Philosophicos
570 2937 206 50 circa
708 2937 275 50 secundam
914 2937 137 50 et
960 2937 160 50 quar¬-

89 3004 162 36 tam
158 3004 254 36 rationes.

65 3154 300 70 jnatio
275 3154 210 70 (a)
395 3154 300 70 Contra
606 3154 300 70 primum
786 3154 330 70 articulum

71 3224 218 65 riei.
216 3224 218 65 argU0
362 3224 218 65 primo
483 3224 146 65 sic:

141 3306 455 59 Augustinus
498 3306 195 59 1.
563 3306 552 59 Retractationum,

90 3383 206 59 cap.
219 3383 155 59 9.
296 3383 155 59 et
374 3383 180 59 22.
477 3383 258 59 dicit,
657 3383 206 59 quod
786 3383 232 59 nihil
941 3383 180 59 tam
1018 3383 103 59 in

90 3460 325 56 potestate
340 3460 350 56 voluntatis
615 3460 200 56 quam
740 3460 200 56 ipsa
840 3460 275 56 voluntas,

87 3533 236 60 quod
234 3533 207 60 non
352 3533 472 60 intelligitur
736 3533 236 60 nisi
854 3533 266 60 quantum

86 3609 179 47 ad
176 3609 268 47 actum
324 3609 328 47 elicitum.

1247 349 145 68 Si
1319 349 241 68 igitur
1488 349 217 68 actus
1633 349 337 68 voluntatis
1898 349 217 68 circa
2018 349 217 68 Po“itur

1185 430 220 61 finem
1331 430 171 61 est
1429 430 147 61 in
1502 430 318 61 potestate
1746 430 366 61 voluntatis,
2015 430 220 61 Maurit.

1180 507 343 61 mediante
1437 507 228 61 actu
1580 507 343 61 alicujus
1837 507 343 61 alterius
2065 507 143 61 po-

1185 582 280 59 tentise,
1395 582 210 59 multo
1535 582 257 59 fortius
1722 582 163 59 est
1815 582 140 59 in
1885 582 210 59 pote-
2002 582 233 59 e^ttext.

1183 658 210 59 state
1323 658 327 59 voluntatis
1580 658 327 59 immediate;
1837 658 164 59 sed
1931 658 140 59 in
1978 658 257 59 antiquis,

1177 734 383 61 potestate
1471 734 413 61 voluntatis
1795 734 206 61 est
1913 734 265 61 velle
2061 734 147 61 vel

1173 810 213 48 non
1294 810 274 48 velle
1477 810 274 48 finem
1660 810 366 48 mediante
1935 810 244 48 actu
2057 810 152 48 in¬-

1174 886 391 60 tellectus,
1481 886 224 60 ergo
1621 886 196 60 hoc
1733 886 196 60 est
1845 886 168 60 in
1901 886 307 60 potestate

1170 960 244 63 ejus
1323 960 428 63 immediate.
1659 960 275 63 Minor
1842 960 305 63 patet,
2026 960 183 63 quia

1170 1037 183 61 in
1261 1037 396 61 potestate
1565 1037 426 61 voluntatis
1900 1037 213 61 est
1992 1037 213 61 aver¬-

1167 1113 244 49 tere
1320 1113 458 49 intellectum
1687 1113 153 49 a
1717 1113 489 49 consideratione

1168 1188 288 61 finis,
1370 1188 201 61 quo
1485 1188 259 61 facto
1657 1188 345 61 voluntas
1916 1188 201 61 non
2003 1188 201 61 volet

1162 1263 348 62 finem,
1406 1263 278 62 quia
1579 1263 243 62 non
1718 1263 348 62 potest
1927 1263 278 62 habere

1165 1341 281 58 actum
1352 1341 281 58 circa
1509 1341 313 58 ignotum.

1227 1407 420 66 Confirmatur
1563 1407 224 66 ista
1703 1407 252 66 ratio
1871 1407 168 66 et
1955 1407 280 66 potest
2123 1407 112 66 4-

1165 1492 236 47 esse
1313 1492 325 47 secunda
1520 1492 236 47 ratio.

1214 1568 304 59 Quia
1404 1568 532 59 quodeumque
1822 1568 342 59 agens
2012 1568 190 59 non

1163 1641 436 63 impeditum
1499 1641 269 63 quod
1667 1641 537 63 necessitatur
2070 1641 134 63 ad

1161 1717 390 60 agendum,
1454 1717 195 60 de
1552 1717 488 60 necessitate
1909 1717 293 60 removet

1162 1792 260 62 omne
1325 1792 423 62 prohibens
1650 1792 423 62 actionem,
1975 1792 195 62 si
2040 1792 163 62 po¬-

1165 1868 260 62 test;
1338 1868 231 62 ergo
1483 1868 173 62 si
1570 1868 347 62 voluntas
1829 1868 202 62 non
1916 1868 289 62 impedita

1160 1945 490 50 necessitetur
1559 1945 184 50 ex
1651 1945 306 50 natura
1865 1945 214 50 sua
1988 1945 184 50 ad
2049 1945 153 50 vo¬-

1160 2021 316 52 lendum
1381 2021 347 52 ultimum
1634 2021 316 52 finem,
1823 2021 379 52 necessario

1158 2097 396 61 removet
1446 2097 288 61 omne
1626 2097 468 61 prohibens
1950 2097 252 61 illam

1159 2174 469 59 volitionem
1528 2174 201 59 si
1629 2174 335 59 potest
1830 2174 369 59 removere.

1161 2248 423 49 Prohibens
1487 2248 293 49 autem
1682 2248 260 49 hanc
1812 2248 391 49 volitionem

1162 2323 202 54 est
1278 2323 202 54 non
1393 2323 462 54 consideratio
1768 2323 289 54 finis,
1970 2323 173 54 et
2028 2323 173 54 hanc

1163 2399 305 61 potest
1377 2399 367 61 voluntas
1652 2399 367 61 removere
1897 2399 305 61 faciendo

1162 2474 458 50 intellectum
1529 2474 275 50 stare
1712 2474 183 50 in
1773 2474 428 50 considerati¬-

1162 2551 214 60 one
1285 2551 305 60 finis,
1498 2551 244 60 ergo
1651 2551 336 60 volendo
1896 2551 275 60 finem
2048 2551 153 60 ne¬-

1161 2627 366 48 cessario
1436 2627 305 48 faciet
1650 2627 458 48 intellectum
1985 2627 214 48 stare

1163 2702 178 61 in
1252 2702 534 61 consideratione
1697 2702 296 61 finis.
1905 2702 267 61 Major
2053 2702 148 61 pa¬-

1161 2779 244 60 tet,
1314 2779 244 60 quia
1467 2779 244 60 quod
1619 2779 183 60 ex
1711 2779 183 60 se
1772 2779 427 60 necessitatum

1159 2854 221 61 est
1286 2854 190 61 ad
1381 2854 380 61 agendum,
1665 2854 348 61 nunquam
1887 2854 316 61 prohibe¬-

1156 2929 236 60 tur
1291 2929 270 60 nisi
1460 2929 236 60 per
1595 2929 371 60 aliquid
1831 2929 371 60 repugnans

1159 3005 368 61 vincens
1426 3005 402 61 virtutem
1727 3005 268 61 ejus
1861 3005 335 61 activam,

1164 3078 283 62 sicut
1352 3078 283 62 patet
1541 3078 189 62 de
1635 3078 314 62 gravi.
1824 3078 377 62 Prohibetur

1161 3156 260 61 enim
1323 3156 162 61 a
1388 3156 389 61 descensu
1680 3156 357 61 propter
1907 3156 292 61 aliquid

1162 3234 421 59 repugnans
1486 3234 357 59 vincens
1745 3234 259 59 ejus
1875 3234 324 59 inclina¬-

1164 3307 335 62 tionem,
1407 3307 183 62 et
1498 3307 243 62 pari
1650 3307 456 62 necessitate
1985 3307 213 62 remo¬-

1157 3384 243 61 vet
1296 3384 555 61 impedimentum
1747 3384 451 61 prohibens
2059 3384 139 61 si

1162 3462 356 60 potest;
1421 3462 227 60 quo
1550 3462 291 60 amoto
1745 3462 227 60 non
1842 3462 356 60 impeditum

1163 3537 413 59 descendit,
1488 3537 236 59 quia
1636 3537 207 59 ita
1754 3537 413 59 necessario
2049 3537 148 59 re¬-

1163 3614 290 59 movet
1356 3614 419 59 repugnans
1679 3614 419 59 effectui,
1969 3614 226 59 sicut
