2653 3979
262 343 286 57 Potentia
477 343 286 57 potentia
692 343 310 57 quaslibet
930 343 167 57 non
1026 343 239 57 potest
1169 343 143 57 per-

263 417 253 58 guietatur
457 417 272 58 fectissime
671 417 233 58 quietari
846 417 155 58 nisi
943 417 117 58 in
1001 417 194 58 optimo
1118 417 194 58 contento

261 498 292 55 tectissimo,
494 498 136 55 sub
572 498 233 55 admquato
746 498 214 55 objecto
902 498 194 55 illius
1038 498 272 55 potentiae.
1232 498 78 55 Si

281 570 192 58 ergo
401 570 288 58 potentia
617 570 240 58 visiva
785 570 360 58 naturaliter
1048 570 264 58 cognoscit

277 646 362 58 adaequatum
562 646 336 58 objectum,
820 646 388 58 naturaliter
1105 646 207 58 potest

271 722 404 59 cognoscere
588 722 404 59 quodcumque
905 722 375 59 contentum
1165 722 144 59 sub

278 798 206 58 illo,
416 798 137 58 ut
484 798 252 58 patebit
668 798 229 58 infra,
828 798 137 58 in
897 798 183 58 ista
1011 798 252 58 qucest.
1172 798 137 58 Quia

272 875 372 57 cognoscere
565 875 319 57 objectum
805 875 160 57 ut
884 875 399 57 adaequatum,
1177 875 133 57 est

271 949 355 58 cognoscere
549 949 228 58 illud
701 949 152 58 ut
777 949 304 58 inclusum
1005 949 152 58 in
1081 949 203 58 omni
1182 949 127 58 per

271 1025 144 56 se
343 1025 313 56 contento,
584 1025 144 56 et
656 1025 169 56 sic
752 1025 169 56 est
849 1025 337 56 cognoscere
1089 1025 217 56 quodli¬-

270 1101 165 53 bet
365 1101 306 53 contentum
600 1101 118 53 ;
647 1101 165 53 hoc
741 1101 188 53 idem
858 1101 188 53 dico
976 1101 141 53 de
1023 1101 282 53 intellectu

269 1177 289 57 respectu
486 1177 217 57 entis
630 1177 313 57 inquantum
871 1177 193 57 ens,
991 1177 144 57 et
1063 1177 169 57 sic
1136 1177 169 57 patet

269 1253 217 56 ratio
413 1253 313 56 Doctoris.
654 1253 144 56 Et
726 1253 361 56 confirmatio
1015 1253 265 56 sequens
1184 1253 120 56 te¬-

268 1329 176 56 net
369 1329 151 56 ex
444 1329 176 56 hoc
545 1329 378 56 fundamento,
847 1329 202 56 quod
973 1329 227 56 omnis
1099 1329 202 56 poten¬-

268 1405 164 56 tia
361 1405 305 56 cognitiva
596 1405 211 56 habet
737 1405 305 56 naturalem
948 1405 352 56 inclinationem

262 1481 159 56 ad
342 1481 212 56 suum
475 1481 345 56 objectum,
740 1481 159 56 et
820 1481 186 56 per
926 1481 372 56 consequens
1192 1481 106 56 si

263 1556 289 57 perfecte
480 1556 313 57 cognoscit
720 1556 144 57 se
793 1556 217 57 ipsam
937 1556 120 57 ,
985 1556 289 57 perfecte
1178 1556 120 57 co¬-

261 1633 264 58 gnoscit
453 1633 144 58 se
525 1633 144 58 ut
597 1633 336 58 inclinatam
860 1633 144 58 ad
932 1633 192 58 tale
1028 1633 264 58 objectum,

260 1708 151 57 et
335 1708 177 57 sic
436 1708 252 57 tandem
613 1708 328 57 cognoscit
865 1708 303 57 objectum
1092 1708 151 57 ad
1143 1708 151 57 quod

262 1783 368 56 naturaliter
557 1783 368 56 inclinatur,
852 1783 147 56 et
926 1783 172 56 sic
1024 1783 221 56 patet
1147 1783 147 56 tota

244 1859 164 44 ratio.

240 1934 194 58 31.
351 1934 194 58 (u)
462 1934 277 58 Contra
656 1934 333 58 secundam
906 1934 360 58 rationem.
1155 1934 139 58 Hic

259 2010 264 57 Doctor
444 2010 264 57 arguit
629 2010 264 57 contra
814 2010 317 57 secundam
1026 2010 264 57 rationem

257 2086 403 56 principalem,
584 2086 176 56 qua
685 2086 252 56 probat
862 2086 202 56 esse
962 2086 328 56 necessariam

251 2162 410 58 cognitionem
579 2162 328 58 mediorum
824 2162 164 58 ad
906 2162 246 58 finem
1043 2162 246 58 ultimum

251 2239 415 57 acquirendum,
588 2239 156 57 et
666 2239 208 57 illa
796 2239 285 57 secunda
1004 2239 234 57 ratio
1133 2239 156 57 sup¬-

251 2314 222 59 ponit
400 2314 173 59 (ut
498 2314 222 59 supra
647 2314 222 59 visum
795 2314 198 59 est)
918 2314 198 59 quod
1042 2314 173 59 via
1116 2314 173 59 natu¬-

247 2389 208 56 rali
377 2389 260 56 possit
559 2389 312 56 cognosci
793 2389 260 56 natura
975 2389 286 56 humana,
1157 2389 130 56 sub

248 2465 218 55 illa
384 2465 300 55 ratione
603 2465 191 55 qua
712 2465 355 55 ordinatur
985 2465 164 55 ad
1039 2465 246 55 ultimum

248 2543 260 57 finem,
430 2543 156 57 et
508 2543 208 57 quod
638 2543 234 57 finis
793 2543 286 57 ultimus
1001 2543 260 57 possit
1157 2543 130 57 co¬-

249 2619 272 57 gnosci;
447 2619 148 57 et
521 2619 223 57 licet
670 2619 173 57 hoc
769 2619 173 57 sit
868 2619 272 57 falsum,
1065 2619 148 57 ut
1115 2619 173 57 supra

250 2694 271 56 patuit,
448 2694 222 56 tamen
596 2694 173 56 hoc
694 2694 345 56 supposito,
965 2694 222 56 adhuc
1089 2694 197 56 probat

246 2770 266 56 Doctor
432 2770 213 56 quod
565 2770 266 56 saltem
751 2770 186 56 est
858 2770 266 56 aliqua
1017 2770 266 56 doctrina

245 2845 478 58 supernaturalis
644 2845 372 58 necessaria
936 2845 292 58 homini,
1123 2845 159 58 quse

243 2921 213 57 erit
377 2921 320 57 respectu
616 2921 346 57 mediorum,
883 2921 160 57 et
962 2921 240 57 ratio
1096 2921 186 57 patet

241 2997 274 56 supra.
432 2997 219 56 Nunc
569 2997 274 56 Doctor
760 2997 274 56 probat
952 2997 219 56 quod
1089 2997 164 56 si
1143 2997 137 56 na¬-

244 3073 306 56 turaliter
480 3073 353 56 cognoscitur
762 3073 188 56 homo
879 3073 141 56 et
950 3073 259 56 ultimus
1114 3073 165 56 finis

243 3147 289 57 hominis,
460 3147 193 57 quod
580 3147 217 57 etiam
724 3147 361 57 naturaliter
989 3147 289 57 cognoscun¬-

239 3224 201 44 tur
354 3224 259 44 omnia
527 3224 259 44 media
700 3224 403 44 necessaria
1016 3224 173 44 ad
1074 3224 201 44 illum

242 3299 232 57 finem
397 3299 413 57 acquirendum.
733 3299 258 57 Arguit
914 3299 207 57 ergo
1043 3299 207 57 sic:
1146 3299 129 57 Co¬-

240 3375 303 59 gnoscens
467 3375 379 59 naturaliter
770 3375 303 59 extrema,
997 3375 227 59 inter
1124 3375 152 59 quae

240 3451 232 56 cadit
395 3451 284 56 medium,
602 3451 387 56 naturaliter
912 3451 336 56 cognoscit
1144 3451 129 56 me¬-

242 3527 196 59 dium
365 3527 221 59 inter
512 3527 221 59 illa.
659 3527 245 59 Patet,
831 3527 147 59 si
904 3527 196 59 enim
1002 3527 270 59 cognoscit

238 3603 306 59 extrema
461 3603 195 59 sub
572 3603 306 59 ratione
795 3603 418 59 extremorum,
1102 3603 167 59 quae

1364 342 143 51 ut
1436 342 191 51 sic,
1555 342 311 51 includunt
1794 342 215 51 media
1938 342 215 51 inter
2081 342 215 51 illa,
2201 342 191 51 neces¬-

1363 418 227 57 sario
1514 418 328 57 cognoscit
1766 418 227 57 media
1917 418 227 57 illa;
2068 418 202 57 ergo
2169 418 227 57 natura¬-

1357 495 259 57 liter
1530 495 403 57 cognoscens
1847 495 317 57 hominem
2077 495 173 57 et
2135 495 259 57 ultimum

1362 569 212 58 finem
1504 569 259 58 ipsius,
1692 569 353 58 naturaliter
1974 569 235 58 potest
2116 569 282 58 cognoscere

1360 645 244 53 omnia
1522 645 271 53 media,
1712 645 325 53 ordinata
1956 645 162 53 ad
2037 645 244 53 talem
2172 645 217 53 finem,

1361 721 292 56 maxime,
1573 721 212 56 quia
1705 721 371 56 necessitas
1997 721 318 56 mediorum
2209 721 186 56 acci¬-

1360 795 222 57 pitur
1508 795 123 57 a
1558 795 222 57 fine,
1706 795 148 57 ut
1780 795 222 57 infra
1927 795 271 57 patebit
2125 795 271 57 quoest.
2297 795 99 57 de

1355 871 241 59 praxi.
1524 871 362 59 Confirmatur
1814 871 241 59 ratio,
1983 871 169 59 ita
2079 871 193 59 enim
2200 871 145 59 in
2248 871 145 59 pro¬-

1358 945 245 58 posito
1529 945 245 58 entium
1700 945 147 58 ad
1773 945 245 58 finem,
1945 945 294 58 scilicet
2140 945 245 58 ultimum,

1360 1020 276 57 videtur
1561 1020 351 57 necessaria
1836 1020 301 57 connexio
2062 1020 150 57 ad
2137 1020 226 57 ipsum
2263 1020 125 57 fi¬-

1355 1097 172 57 nem
1454 1097 296 57 ultimum,
1676 1097 197 57 quia
1799 1097 222 57 talis
1947 1097 222 57 finis
2094 1097 172 57 non
2168 1097 222 57 videtur

1355 1169 222 62 posse
1503 1169 271 62 acquiri
1700 1169 197 62 sine
1823 1169 222 62 illis
1971 1169 271 62 mediis,
2168 1169 123 62 a
2193 1169 197 62 quibus

1353 1248 345 57 necessario
1625 1248 321 57 dependet,
1871 1248 148 57 ut
1945 1248 222 57 patet
2093 1248 148 57 de
2142 1248 247 57 sanitate

1351 1324 148 56 et
1425 1324 148 56 de
1499 1324 246 56 mediis
1671 1324 148 56 ad
1745 1324 246 56 illam;
1917 1324 197 56 modo
2040 1324 271 56 propter
2213 1324 172 56 talem

1350 1399 370 50 connexionem
1646 1399 148 50 in
1720 1399 222 50 aliis
1868 1399 271 50 finibus
2065 1399 148 50 ad
2139 1399 246 50 media,
2286 1399 99 50 ex

1346 1475 383 58 cognitione
1646 1475 273 58 talium
1838 1475 273 58 finium
2001 1475 383 58 cognoscuntur

1346 1550 246 57 talia
1510 1550 273 57 media;
1701 1550 219 57 ergo
1838 1550 164 57 et
1919 1550 164 57 in
2001 1550 383 57 proposito,
2275 1550 109 57 ex

1344 1627 363 59 cognitione
1629 1627 259 59 ultimi
1811 1627 234 59 finis
1967 1627 311 59 hominis,
2174 1627 208 59 cogno¬-

1344 1702 292 53 scuntur
1556 1702 239 53 omnia
1715 1702 265 53 media,
1900 1702 318 53 ordinata
2139 1702 159 53 ad
2192 1702 186 53 illum

1320 1783 192 42 finem.

1401 1853 258 61 Deinde,
1588 1853 305 61 respondet
1823 1853 235 61 Doctor
1987 1853 141 61 ad
2058 1853 188 61 ista
2175 1853 211 61 argu-
2293 1853 117 61 32.

1342 1932 258 59 menta.
1523 1932 155 59 Ad
1600 1932 284 59 primum,
1807 1932 206 59 etc.
1935 1932 181 59 Dat
2039 1932 206 59 duas
2142 1932 232 59 respon¬-

1339 2008 272 59 siones
1529 2008 163 59 ad
1611 2008 272 59 primam
1801 2008 353 59 rationem.
2073 2008 245 59 Prima
2209 2008 163 59 est,

1344 2083 192 60 quod
1464 2083 216 60 ratio
1608 2083 192 60 illa
1728 2083 312 60 concludit
1969 2083 144 60 de
2041 2083 216 60 fine,
2185 2083 168 60 qui
2257 2083 120 60 est

1342 2162 201 44 causa
1453 2162 223 44 finalis.

1403 2237 172 61 Nota,
1518 2237 153 61 quod
1613 2237 153 61 Deus
1709 2237 191 61 potest
1843 2237 153 61 dici
1938 2237 172 61 finis
2053 2237 191 61 horni-
2168 2237 229 61 Deusdupli-

1346 2309 131 70 nis
1421 2309 281 70 dupliciter.
1646 2309 131 70 Vel
1722 2309 113 70 ut
1778 2309 169 70 causa
1890 2309 225 70 finalis,
2059 2309 113 70 et
2116 2309 131 70 sic
2172 2309 225 70 potest^ici

1340 2391 248 62 dicitur
1520 2391 203 62 finis
1655 2391 225 62 omnium
1812 2391 225 62 rerum,
1970 2391 293 62 inquantum
2172 2391 225 62 hominis,

1337 2469 252 55 movet
1505 2469 419 55 Metaphorice
1840 2469 391 55 voluntatem
2147 2469 224 55 suam
2259 2469 112 55 ad

1335 2544 328 58 causandum
1587 2544 177 58 res
1688 2544 151 58 ad
1764 2544 252 58 extra,
1940 2544 151 58 et
2016 2544 227 58 movet
2142 2544 227 58 inquan¬-

1334 2622 186 50 tum
1441 2622 265 50 amatus
1626 2622 159 50 et
1706 2622 424 50 desideratus;
2051 2622 159 50 et
2130 2622 186 50 hoc
2210 2622 159 50 modo

1338 2694 263 60 dicitur
1530 2694 240 60 finis,
1697 2694 168 60 qui
1793 2694 168 60 est
1889 2694 216 60 causa
2033 2694 287 60 finalis,
2224 2694 144 60 quia

1332 2770 327 46 voluntas
1577 2770 272 46 divina
1768 2770 272 46 amando
1958 2770 163 46 et
2013 2770 354 46 desiderando

1330 2846 252 58 ipsum
1498 2846 252 58 Deum,
1666 2846 336 58 producit
1918 2846 252 58 omnia
2086 2846 168 58 in
2142 2846 224 58 ordine

1329 2921 163 60 ad
1410 2921 272 60 ipsum.
1601 2921 163 60 Et
1683 2921 191 60 sic
1792 2921 272 60 Doctor
1983 2921 327 60 concedit
2201 2921 163 60 quod

1331 2997 216 47 ratio
1475 2997 312 47 concludit
1715 2997 144 47 de
1787 2997 192 47 isto
1906 2997 216 47 fine.
2050 2997 144 47 Et
2122 2997 216 47 finis
2242 2997 120 47 hu¬-

1325 3073 265 63 jusmodi
1518 3073 169 63 non
1614 3073 169 63 est
1711 3073 217 63 finis
1855 3073 458 63 beatificativus,
2217 3073 145 63 quia

1330 3150 150 57 ut
1405 3150 201 57 sic,
1531 3150 226 57 lapis
1681 3150 451 57 beatificaretur
2057 3150 150 57 in
2132 3150 201 57 Deo,
2233 3150 125 57 cum

1329 3227 164 59 sit
1422 3227 211 59 causa
1563 3227 258 59 finalis
1750 3227 258 59 ipsius.
1937 3227 164 59 Sed
2031 3227 164 59 non
2101 3227 258 59 concludit

1327 3304 215 60 ratio
1470 3304 143 60 de
1542 3304 191 60 fine
1661 3304 358 60 attingibili
1947 3304 167 60 per
2019 3304 334 60 operationem,

1327 3378 211 62 sicut
1467 3378 281 62 dicimus,
1678 3378 188 62 quod
1795 3378 211 62 finis
1936 3378 258 62 ultimus
2100 3378 258 62 potentiae

1326 3454 134 62 vi
1393 3454 134 62 si
1460 3454 157 62 vae
1550 3454 134 62 in
1617 3454 157 62 quo
1706 3454 291 62 quietatur
1930 3454 291 62 perfecte,
2154 3454 157 62 est
2222 3454 134 62 per¬-

1327 3531 367 61 fectissimus
1620 3531 220 61 color
1767 3531 147 61 ut
1841 3531 392 61 attingibilis
2159 3531 171 61 per
2233 3531 122 61 vi¬-

1319 3607 277 53 sionem;
1520 3607 151 53 et
1596 3607 176 53 hoc
1696 3607 201 53 modo
1822 3607 226 53 finis
1948 3607 402 53 beatificativus
