2624 3979
382 348 390 64 necessilcite
698 348 365 64 simpliciter
991 348 146 64 et
1040 348 365 64 conditionata.

379 427 180 61 Nam
482 427 206 61 illa
611 427 283 61 probat,
816 427 206 61 quod
945 427 154 61 si
1022 427 309 61 voluntas
1228 427 180 61 etiam

377 502 192 62 fine
497 502 264 62 ostenso
689 502 264 62 fruitur
881 502 360 62 necessario,
1168 502 192 62 quod
1264 502 144 62 lioc

375 579 190 62 est
484 579 299 62 propter
701 579 326 62 proprias
946 579 326 62 rationes
1163 579 245 62 istorum

373 654 381 63 extremorum
672 654 218 63 quas
809 654 163 63 ex
890 654 163 63 se
972 654 272 63 habent
1136 654 272 63 connexi¬-

373 731 212 60 onem
505 731 424 60 necessariam;
849 731 212 60 erqo
981 731 212 60 illa
1114 731 185 60 non
1193 731 212 60 depen¬-

376 807 160 61 det
468 807 137 61 ab
536 807 160 61 ali
628 807 183 61 (pio
743 807 183 61 alio
857 807 137 61 ab
926 807 298 61 extremis,
1155 807 137 61 et
1224 807 160 61 ita
1292 807 115 61 est

371 885 345 57 absoluta,
637 885 212 57 etsi
769 885 371 57 extremorum
1061 885 239 57 inter
1220 885 186 57 se,
1300 885 106 57 et

371 960 265 47 omnium
556 960 159 47 in
635 960 185 47 suo
741 960 265 47 ordine
926 960 212 47 erit
1059 960 318 47 connexio
1271 960 132 47 ne¬

349 1037 247 42 cessaria.

424 1111 462 60 Respondetur,
799 1111 231 60 quod
943 1111 260 60 minor
1117 1111 260 60 prima
1261 1111 144 60 est

371 1186 230 60 falsa,
532 1186 184 60 nisi
647 1186 367 60 intelligatur
945 1186 138 60 de
1014 1186 344 60 necessitate
1266 1186 138 60 con¬-

371 1262 168 60 dit
467 1262 264 60 ionala,
659 1262 168 60 hoc
755 1262 192 60 est,
875 1262 192 60 quod
995 1262 312 60 supposita
1211 1262 192 60 intel¬-

373 1337 288 62 lectione
589 1337 336 62 necessitas
853 1337 120 62 f
901 1337 216 62 mendi
1044 1337 312 62 sequatur,
1260 1337 144 62 quas

369 1414 172 61 est
468 1414 344 61 necessitas
738 1414 295 61 secundum
959 1414 221 61 quid,
1107 1414 197 61 quia
1205 1414 197 61 depen¬-

371 1490 192 61 dens
491 1490 144 61 ab
563 1490 192 61 illa
682 1490 359 61 ostensione,
970 1490 216 61 illa,
1114 1490 263 61 inquam,
1281 1490 120 61 est

368 1568 155 59 ex
446 1568 258 59 natura
626 1568 387 59 extremorum,
936 1568 207 59 quod
1065 1568 181 59 est
1143 1568 258 59 breviter

368 1643 276 48 elicere
569 1643 126 48 :
619 1643 352 48 extremorum
896 1643 176 48 est
996 1643 352 48 necessaria
1247 1643 151 48 con¬-

366 1719 235 59 nexio,
530 1719 141 59 si
600 1719 282 59 ostensio
812 1719 352 59 prcecedcit.
1094 1719 164 59 Sed
1188 1719 188 59 illa
1282 1719 117 59 mi¬-

364 1796 181 59 nor
468 1796 310 59 probatur
700 1796 155 59 de
778 1796 388 59 necessitate
1088 1796 310 59 absoluta
1295 1796 103 59 ex

362 1879 270 38 natura
524 1879 351 38 extremorum.

422 1950 199 59 Ideo
546 1950 174 59 cid
646 1950 373 59 probationem
944 1950 248 59 illius
1093 1950 298 59 respondeo.

361 2025 163 61 Ad
442 2025 299 61 minorem
660 2025 244 61 dico,
823 2025 217 61 quod
958 2025 163 61 in
1040 2025 272 61 agente
1203 2025 190 61 prin¬-

361 2101 240 60 cipali
529 2101 360 60 simpliciter
817 2101 336 60 necessario
1082 2101 240 60 agente
1226 2101 168 60 nihil

358 2179 192 59 est,
478 2179 168 59 quo
574 2179 336 59 necessario
838 2179 216 59 agit;
983 2179 168 59 nec
1079 2179 216 59 etiam
1199 2179 192 59 requi¬-

351 2251 245 62 situm
514 2251 164 62 ad
596 2251 382 62 necessario
896 2251 245 62 agere
1060 2251 218 62 nisi
1169 2251 218 62 tantum

352 2327 217 63 illud
496 2327 169 63 quo
593 2327 409 63 principaliter
930 2327 217 63 agit,
1074 2327 193 63 quia
1194 2327 144 63 in
1243 2327 144 63 sim¬-

345 2406 297 60 pliciter
568 2406 347 60 necessario
841 2406 248 60 agente
1014 2406 198 60 lota
1138 2406 223 60 ratio
1262 2406 124 60 ne¬-

347 2482 337 59 cessitatis
611 2482 168 59 est
708 2482 144 59 in
780 2482 192 59 ipso
900 2482 168 59 per
996 2482 216 59 illud
1116 2482 265 59 secundum,

344 2558 219 62 quod
480 2558 191 62 est
590 2558 273 62 agens.
781 2558 191 62 Sed
890 2558 164 62 in
972 2558 273 62 agente
1136 2558 246 62 princi¬-

339 2633 321 62 paliter,
580 2633 375 62 necessario
875 2633 321 62 secundum
1115 2633 214 62 quid
1222 2633 161 62 sive

344 2708 494 62 conditionaliter,
764 2708 173 62 non
863 2708 173 62 est
962 2708 222 62 illud
1086 2708 296 62 sufficiens

342 2786 239 61 ratio
502 2786 372 61 necessario
794 2786 266 61 agendi
980 2786 213 61 quod
1113 2786 186 61 est
1193 2786 186 61 ratio

345 2861 292 63 agendi,
557 2861 186 63 sed
663 2861 371 63 requiritur
954 2861 239 63 aliud
1113 2861 133 63 a
1166 2861 186 63 quo
1246 2861 133 63 de¬-

342 2937 232 61 pendet
504 2937 185 61 ista
620 2937 347 61 necessitas,
898 2937 185 61 quia
1013 2937 162 61 non
1106 2937 162 61 est
1199 2937 116 61 a
1245 2937 185 61 sola
1338 2937 69 61 -

338 3014 302 60 ratione
557 3014 329 60 agentis.
804 3014 302 60 Negatur
1023 3014 274 60 igitur
1188 3014 192 60 minor

336 3089 329 64 secunda,
582 3089 219 64 quia
719 3089 192 64 non
828 3089 192 64 per
938 3089 246 64 illud
1102 3089 246 64 solum
1239 3089 137 64 quo

338 3169 222 59 agens
486 3169 420 59 principaliter
832 3169 222 59 agit,
980 3169 173 59 per
1079 3169 173 59 hoc
1178 3169 173 59 est
1252 3169 123 59 ne¬-

339 3244 283 61 cessitas
551 3244 377 61 conditionata
858 3244 141 61 in
928 3244 259 61 agendo,
1117 3244 188 61 secl
1211 3244 165 61 illud

336 3320 186 62 cum
443 3320 212 62 alio
575 3320 478 62 preesupposito.
974 3320 159 62 Ad
1027 3320 345 62 probationem

335 3396 310 64 secundce
568 3396 285 64 minoris
775 3396 233 64 dico,
930 3396 207 64 quod
1060 3396 155 64 in
1137 3396 181 64 hoc
1215 3396 155 64 quod

336 3473 172 62 est
435 3473 344 62 necessario
705 3473 172 62 duo
803 3473 393 62 includuntur;
1122 3473 147 62 et
1172 3473 196 62 respe¬-

331 3549 191 63 ctu
440 3549 245 63 agere
603 3549 191 63 est
713 3549 218 63 dare
849 3549 218 63 unum
985 3549 218 63 quo,
1094 3549 273 63 scilicet

334 3624 318 64 rationem
572 3624 318 64 formalem
810 3624 265 64 agendi
995 3624 159 64 in
1048 3624 318 64 principali

1490 353 224 59 gente
1639 353 124 59 ;
1689 353 298 59 respectu
1913 353 224 59 autem
2062 353 398 59 necessitatis
2360 353 124 59 non

1455 428 186 54 est
1562 428 212 54 illa
1694 428 212 54 sola
1827 428 265 54 ratio,
2013 428 186 54 sed
2119 428 186 54 cum
2225 428 186 54 hoc
2304 428 186 54 aliud

1427 505 428 55 prcesupposilum.

1510 579 173 59 Ad
1597 579 288 59 formam
1798 579 231 59 ergo
1942 579 259 59 dico,
2115 579 231 59 quod
2259 579 202 59 non
2346 579 144 59 est

1454 654 369 59 concedendum
1750 654 197 59 quod
1873 654 271 59 aliquid
2070 654 172 59 sit
2168 654 172 59 quo
2242 654 246 59 necessa¬-

1454 730 168 60 rio
1550 730 216 60 agit,
1694 730 168 60 sed
1790 730 144 60 ad
1862 730 384 60 necessitatem
2175 730 216 60 illam
2295 730 192 60 requi¬-

1457 805 201 59 ritur
1591 805 134 59 et
1658 805 201 59 illud
1792 805 157 59 quo
1882 805 201 59 agit,
2016 805 134 59 et
2083 805 201 59 illud
2217 805 201 59 aliud
2329 805 157 59 prce¬-

1451 881 381 59 supposilum
1750 881 218 59 (pio
1887 881 191 59 non
1996 881 245 59 agit,
2159 881 191 59 sed
2268 881 218 59 quia
2377 881 109 59 in

1450 957 336 58 proposito
1709 957 129 58 a
1761 957 181 58 quo
1864 957 310 58 dependet
2097 957 388 58 necessitas,
2382 957 103 58 ab

1454 1033 147 58 eo
1528 1033 294 58 dependet
1749 1033 147 58 et
1822 1033 245 58 actio,
1994 1033 147 58 et
2067 1033 172 58 quo
2165 1033 196 58 agit
2288 1033 147 58 eo
2337 1033 147 58 agit

1451 1109 265 58 aliquo
1636 1109 212 58 modo
1768 1109 265 58 agendi
1954 1109 371 58 necessario
2245 1109 185 58 vel
2324 1109 159 58 con-

1431 1186 278 56 tingenter.

1510 1261 211 58 Ideo
1641 1261 158 58 ad
1721 1261 395 58 probationem
2037 1261 316 58 secundce
2248 1261 237 58 minoris

1449 1337 265 59 aliter
1635 1337 212 59 dici
1768 1337 292 59 potest,
1980 1337 212 59 quod
2113 1337 239 59 illud
2272 1337 186 59 quo
2351 1337 133 59 est

1449 1413 326 58 activum,
1694 1413 190 58 non
1802 1413 190 58 est
1911 1413 272 58 illud,
2101 1413 190 58 quo
2210 1413 245 58 ipsum
2346 1413 136 58 ne¬-

1449 1489 294 59 cessario
1670 1489 196 59 agit
1793 1489 196 59 nisi
1916 1489 196 59 alio
2038 1489 442 59 preesupposito,
2382 1489 98 59 et

1451 1565 191 59 tunc
1571 1565 167 59 est
1666 1565 167 59 quo
1762 1565 334 59 necessario
2024 1565 191 59 agit
2144 1565 191 59 cdio
2239 1565 239 59 preesup¬

1426 1641 197 54 posito.

1505 1715 279 60 Contra
1700 1715 251 60 istam
1867 1715 446 60 responsionem
2201 1715 279 60 arguitur

1445 1793 168 59 sic
1541 1793 120 59 :
1589 1793 144 59 In
1661 1793 216 59 primo
1806 1793 289 59 instanti
2022 1793 144 59 na
2094 1793 216 59 turee
2239 1793 168 59 est
2311 1793 168 59 actio

1441 1870 296 59 praevia,
1664 1870 148 59 in
1738 1870 272 59 secundo
1935 1870 173 59 est
2034 1870 222 59 actio
2158 1870 321 59 principalis

1443 1947 303 57 agentis;
1670 1947 252 57 qucero
1846 1947 202 57 tunc
1973 1947 151 57 in
2048 1947 202 57 illo
2174 1947 277 57 secundo
2351 1947 126 57 in¬-

1442 2022 240 59 stanti
1610 2022 289 59 qualiter
1827 2022 337 59 principale
2091 2022 216 59 agens
2236 2022 192 59 agit
2356 2022 120 59 ?
2380 2022 96 59 Si

1440 2098 417 58 contingenter,
1784 2098 221 58 habet
1931 2098 368 58 propositum;
2226 2098 147 58 si
2275 2098 196 58 neces¬-

1437 2175 272 57 sario,
1627 2175 191 57 cum
1736 2175 218 57 tunc
1872 2175 327 57 preeeise
2117 2175 191 57 per
2199 2175 272 57 propriam

1434 2250 266 58 formam
1621 2250 239 58 agat,
1780 2250 160 58 et
1860 2250 213 58 quia
1993 2250 479 58 principaliter,
2366 2250 106 58 et

1433 2326 230 58 quia
1577 2326 259 58 ipsum
1750 2326 288 58 primum
1951 2326 259 58 nullo
2124 2326 230 58 modo
2239 2326 230 58 libero

1435 2402 172 59 est
1534 2402 221 59 ratio
1681 2402 270 59 agendi,
1878 2402 295 59 sequitur
2099 2402 197 59 tunc
2222 2402 197 59 quod
2320 2402 148 59 for¬-

1433 2478 151 57 ma
1508 2478 176 57 sua
1609 2478 176 57 sit
1709 2478 201 57 tunc
1835 2478 352 57 necessaria
2112 2478 226 57 ratio
2238 2478 226 57 agendi,

1430 2551 186 45 sed
1537 2551 186 45 hoc
1643 2551 186 45 non
1749 2551 186 45 est
1856 2551 213 45 nisi
1989 2551 159 45 ex
2042 2551 425 45 determinatione

1429 2628 259 59 formae
1610 2628 155 59 ad
1688 2628 310 59 objectum
1921 2628 155 59 et
1998 2628 310 59 actionem
2231 2628 155 59 in
2283 2628 181 59 obje¬-

1428 2705 252 58 ctum.
1596 2705 224 58 Ergo
1736 2705 308 58 extrema
1960 2705 168 58 ex
2043 2705 280 58 natura
2239 2705 196 58 sua
2323 2705 140 58 ha¬-

1425 2781 230 59 bent
1569 2781 432 59 necessariam
1915 2781 432 59 connexionem
2232 2781 230 59 igitur

1430 2857 143 44 et
1502 2857 166 44 cid
1597 2857 214 44 media
1715 2857 309 44 necessaria.

1484 2933 206 59 Item
1613 2933 232 59 nihil
1767 2933 232 59 facit
1922 2933 154 59 ad
1999 2933 257 59 agere,
2179 2933 232 59 illud
2308 2933 154 59 quod

1423 3010 278 57 ponitur
1625 3010 177 57 sub
1726 3010 380 57 conditione,
2030 3010 202 57 quia
2156 3010 177 57 nec
2258 3010 152 57 ab
2308 3010 152 57 illo

1426 3085 310 59 dependet
1658 3085 232 59 agere
1813 3085 129 59 ;
1865 3085 206 59 ergo
1994 3085 181 59 nec
2097 3085 155 59 ad
2148 3085 310 59 necessario

1429 3162 239 58 agere,
1597 3162 191 58 ergo
1716 3162 144 58 si
1788 3162 191 58 ista
1908 3162 335 58 necessitas
2171 3162 168 58 est
2267 3162 144 58 ex
2314 3162 144 58 ista

1426 3239 357 58 conditione,
1711 3239 190 58 erit
1830 3239 214 58 aeque
1949 3239 333 58 simpliciter.

1481 3326 405 60 Respondetur
1805 3326 162 60 ad
1886 3326 270 60 primum
2076 3326 324 60 istorum,
2292 3326 162 60 quod

1421 3403 147 59 in
1495 3403 270 59 secundo
1691 3403 221 59 signo
1838 3403 270 59 naturae
2034 3403 343 59 principali
2279 3403 172 59 agens

1419 3478 196 61 agit
1542 3478 344 61 necessario
1812 3478 172 61 non
1910 3478 393 61 simpliciter,
2229 3478 196 61 secl
2327 3478 123 61 se¬-

1417 3554 245 59 cundum
1588 3554 220 59 quid,
1735 3554 294 59 scilicet
1955 3554 196 59 cdio
2053 3554 391 59 preesupposito.

1473 3630 297 60 Contra,
1689 3630 216 60 quod
1824 3630 270 60 quando
2013 3630 216 60 agit
2121 3630 324 60 necessario
