2624 3979
186 346 201 51 Pono
312 346 201 51 ergo
438 346 252 51 casum,
614 346 201 51 quod
740 346 302 51 voluntas
966 346 176 51 sit
1042 346 176 51 prae¬-

190 423 186 53 sens
306 423 233 53 alicui
469 423 350 53 intellectui
749 423 140 53 in
819 423 256 53 ratione
982 423 233 53 objecti,

189 498 245 53 certum
361 498 172 53 est
459 498 196 53 quod
582 498 196 53 ipsa
704 498 196 53 erit
827 498 221 53 causa
949 498 270 53 partialis

189 575 394 51 intellectionis
517 575 197 51 suae,
649 575 131 51 ut
715 575 219 51 potest
868 575 197 51 elici
999 575 109 51 a
1021 575 197 51 Doctore

191 647 120 48 in
251 647 120 48 1.
311 647 181 48 dist.
432 647 120 48 3.
492 647 221 48 qusest.
653 647 120 48 7.
713 647 120 48 et
773 647 120 48 in
833 647 120 48 2.
894 647 181 48 dist.
1014 647 120 48 3.
1074 647 120 48 et
1115 647 100 48 25.

191 722 144 50 et
263 722 168 50 sic
359 722 263 50 cognita
550 722 239 50 potest
718 722 191 50 esse
837 722 287 50 praesens
1029 722 191 50 volun¬-

189 796 192 51 tati
309 796 312 51 alterius,
549 796 144 51 et
621 796 168 51 sic
717 796 360 51 partialiter
980 796 240 51 causabit

189 872 368 42 dilectionem
484 872 172 42 sui
582 872 147 42 in
655 872 196 42 illa
778 872 343 42 voluntate.
1047 872 147 42 Et
1096 872 123 42 non

188 948 180 52 est
291 948 309 52 dicendum
523 948 206 52 quod
652 948 283 52 libere,
858 948 206 52 quia
961 948 258 52 objectum

189 1024 147 51 ut
262 1024 318 51 objectum,
507 1024 171 51 non
604 1024 269 51 videtur
800 1024 342 51 concurrere
1045 1024 171 51 libe¬-

180 1100 168 52 re
264 1100 168 52 ad
348 1100 309 52 aliquem
573 1100 253 52 actum
741 1100 140 52 ;
797 1100 224 52 ergo
937 1100 196 52 per
1022 1100 196 52 modum

185 1176 264 46 naturae
377 1176 120 46 ;
425 1176 168 46 nam
521 1176 144 46 si
593 1176 288 46 causaret
809 1176 216 46 illam
929 1176 288 46 volitionem

184 1252 428 51 contingenter,
536 1252 201 51 tunc
662 1252 201 51 illa
788 1252 277 51 volitio
989 1252 227 51 esset
1115 1252 101 51 in

183 1332 320 48 potestate
429 1332 197 48 sua,
553 1332 148 48 et
626 1332 172 48 per
725 1332 345 48 consequens
996 1332 221 48 esset
1119 1332 98 48 in

183 1404 312 52 potestate
423 1404 168 52 sua
519 1404 168 52 non
615 1404 240 52 diligi
784 1404 144 52 ab
856 1404 192 52 illa
952 1404 264 52 voluntate

183 1482 309 52 secundum
415 1482 206 52 suum
544 1482 309 52 libitum,
776 1482 206 52 quod
905 1482 180 52 est
982 1482 232 52 falsum.

230 1556 377 54 Respondeo
520 1556 174 54 et
607 1556 232 54 dico
752 1556 290 54 primo,
955 1556 232 54 quod
1071 1556 145 54 non

181 1634 300 53 habetur
399 1634 327 53 expresse
644 1634 136 53 a
698 1634 300 53 Doctore
916 1634 218 53 quod
1025 1634 191 53 obje¬-

184 1710 201 50 ctum
310 1710 176 50 sit
410 1710 227 50 causa
561 1710 327 50 partialis
813 1710 378 50 volitionis,
1090 1710 126 50 nec

183 1786 221 51 etiam
331 1786 197 51 quod
454 1786 369 51 intellectio
749 1786 295 51 actualis
970 1786 172 51 sit
1044 1786 172 51 causa

183 1862 305 52 partialis
417 1862 258 52 ejusdem
605 1862 117 52 ;
651 1862 164 52 nam
745 1862 141 52 in
815 1862 141 52 2.
886 1862 211 52 dist.
1026 1862 164 52 25.
1097 1862 117 52 ubi

183 1939 270 51 diffuse
380 1939 344 51 pertractat
651 1939 221 51 istam
798 1939 320 51 materiam,
1019 1939 197 51 tandem

184 2013 239 52 dicit,
352 2013 191 52 quod
471 2013 144 52 si
543 2013 287 52 objectum
758 2013 311 52 concurrit
998 2013 144 52 ad
1046 2013 168 52 voli¬-

185 2091 263 51 tionem,
376 2091 191 51 quod
496 2091 239 51 tantum
664 2091 359 51 partialiter
927 2091 287 51 concurrit.

230 2167 330 51 Secundo
470 2167 270 51 dico,
650 2167 240 51 quod
799 2167 300 51 quando
979 2167 240 51 Doctor

180 2240 303 52 loquitur
407 2240 152 52 de
483 2240 278 52 objecto
685 2240 303 52 respectu
887 2240 329 52 volitionis,

183 2315 206 55 forte
321 2315 275 55 loquitur
527 2315 138 55 de
596 2315 390 55 intellectione
917 2315 229 55 illius
1054 2315 161 55 obje¬-

187 2392 180 54 cti,
299 2392 180 54 quod
411 2392 202 54 talis
546 2392 337 54 intellectio
815 2392 269 54 actualis
1017 2392 157 54 est
1084 2392 135 54 par¬-

187 2469 246 51 tialis
360 2469 246 51 causa.
532 2469 172 51 Sed
630 2469 295 51 quidquid
851 2469 172 51 sit
950 2469 270 51 saltem,
1122 2469 98 51 ut

187 2544 216 52 dicit
331 2544 265 52 Occham,
524 2544 192 52 ipsa
644 2544 289 52 voluntas
860 2544 144 52 ut
932 2544 144 52 in
1005 2544 144 52 se
1053 2544 168 52 prae¬-

188 2621 180 49 sens
300 2621 359 49 intellectui,
592 2621 180 49 erit
704 2621 202 49 causa
838 2621 292 49 partialis
1040 2621 180 49 intel¬-

184 2696 321 47 lectionis
431 2696 198 47 suae
555 2696 148 47 et
629 2696 173 47 non
728 2696 198 47 nisi
851 2696 371 47 necessario,
1123 2696 99 47 et

187 2771 202 52 erit
313 2771 227 52 causa
465 2771 253 52 libera
641 2771 354 52 volitionis
919 2771 126 52 ;
970 2771 202 52 ergo
1071 2771 152 52 idem

183 2847 426 51 indistinctum
530 2847 160 51 ex
609 2847 240 51 parte
769 2847 186 51 rei
876 2847 266 51 potest
1036 2847 186 51 agere

183 2922 186 51 per
290 2922 240 51 modum
450 2922 320 51 naturae,
689 2922 160 51 et
769 2922 186 51 per
876 2922 240 51 modum
1009 2922 213 51 liber¬-

188 2998 252 53 tatis.
364 2998 201 53 Dico
490 2998 201 53 quod
616 2998 151 53 si
691 2998 302 53 loquamur
918 2998 151 53 de
968 2998 252 53 cogniti¬-

184 3075 187 51 one
291 3075 427 51 abstractiva,
638 3075 213 51 ipsa
771 3075 320 51 voluntas
1011 3075 187 51 non
1091 3075 133 51 est

188 3151 212 51 causa
330 3151 212 51 talis
471 3151 377 51 cognitionis,
777 3151 165 51 sed
871 3151 235 51 aliqua
1012 3151 212 51 species

186 3224 418 55 intelligibilis,
538 3224 132 55 ut
604 3224 198 55 patet
737 3224 110 55 a
781 3224 242 55 Doctore
957 3224 198 55 infra
1067 3224 154 55 dist.

191 3305 124 49 3.
253 3305 227 49 qusest.
418 3305 124 49 6.
480 3305 124 49 et
541 3305 124 49 7.
603 3305 124 49 et
665 3305 185 49 dist.
789 3305 144 49 17.
871 3305 124 49 et
933 3305 124 49 in
994 3305 103 49 2
1036 3305 185 49 dist.
1139 3305 82 49 3.

239 3378 156 52 Si
317 3378 311 52 dicatur,
550 3378 207 52 quod
680 3378 259 52 saltem
861 3378 207 52 ipsa
965 3378 259 52 voluntas

193 3455 176 52 erit
303 3455 198 52 causa
435 3455 286 52 partialis
655 3455 242 52 speciei
830 3455 396 52 intelligibilis
1138 3455 88 52 et

188 3531 177 50 non
289 3531 203 50 nisi
416 3531 355 50 naturalis,
694 3531 152 50 et
770 3531 177 50 hoc
871 3531 152 50 ut
922 3531 304 50 comparatur

191 3607 344 53 intellectui
466 3607 298 53 separato,
696 3607 183 53 quia
810 3607 183 53 vult
925 3607 229 53 Doctor
1085 3607 138 53 in
1131 3607 92 53 2.

1269 348 220 52 dist.
1415 348 147 52 3.
1489 348 269 52 qusest.
1684 348 171 52 11.
1782 348 196 52 quod
1904 348 293 52 objectum
2099 348 196 52 respe¬-

1270 423 164 52 ctu
1363 423 352 52 intellectus
1645 423 305 52 separati,
1879 423 234 52 potest
2043 423 188 52 esse
2137 423 164 52 causa

1268 498 305 54 partialis
1502 498 305 54 immediata
1737 498 258 54 speciei
1901 498 399 54 intelligibilis;

1268 576 227 52 dico,
1419 576 202 52 quod
1545 576 176 52 non
1646 576 252 52 semper
1822 576 277 52 species
1999 576 302 52 intelligi¬-

1268 652 206 52 bilis
1406 652 275 52 alicujus
1612 652 252 52 objecti
1795 652 275 52 causatur
2001 652 115 52 a
2047 652 183 52 tali
2139 652 160 52 obje¬-

1269 730 201 51 cto,
1395 730 176 51 sed
1495 730 327 51 aliquando
1747 730 302 51 causatur
1974 730 151 51 ab
2049 730 201 51 alio
2150 730 151 51 con¬-

1270 806 252 50 tinente
1453 806 229 50 illud,
1614 806 160 50 vel
1705 806 367 50 virtualiter,
2003 806 160 50 vel
2072 806 229 50 essenti¬-

1268 882 264 50 aliter,
1460 882 168 50 vel
1556 882 240 50 saltem
1724 882 168 50 per
1821 882 360 50 identitatem
2085 882 216 50 realem,

1266 957 148 51 ut
1340 957 221 51 patet
1488 957 123 51 a
1537 957 271 51 Doctore
1734 957 148 51 ex
1808 957 345 51 intentione
2079 957 221 51 dist.
2202 957 98 51 3.

1267 1034 252 50 primi.
1443 1034 151 50 Et
1519 1034 177 50 sic
1620 1034 151 50 in
1696 1034 328 50 proposito
1948 1034 227 50 talis
2074 1034 227 50 species

1266 1109 442 53 intelligibilis
1635 1109 221 53 esset
1782 1109 319 53 immediate
2028 1109 270 53 causata
2200 1109 98 53 ab

1267 1186 227 50 anima
1418 1186 428 50 intellectiva,
1770 1186 352 50 continente
2022 1186 277 50 potentias

1266 1268 177 50 suo
1367 1268 202 50 modo
1493 1268 380 50 virtualiter
1797 1268 152 50 et
1873 1268 177 50 per
1974 1268 253 50 realem
2126 1268 177 50 iden¬-

1269 1345 274 49 titatem,
1475 1345 137 49 ut
1543 1345 205 49 patet
1680 1345 137 49 a.
1748 1345 251 49 Doctore
1931 1345 137 49 in
1999 1345 137 49 2.
2068 1345 205 49 dist.
2182 1345 114 49 16.

1266 1423 227 51 Utram
1417 1423 202 51 modo
1543 1423 176 51 sit
1644 1423 227 51 tamen
1795 1423 176 51 una
1896 1423 277 51 species
2072 1423 227 51 animae,

1267 1501 141 49 et
1338 1501 376 49 intelleclus,
1644 1501 141 49 et
1714 1501 329 49 voluntatis
1973 1501 118 49 ?
2020 1501 141 49 an
2090 1501 235 49 plures
2231 1501 71 49 ?

1265 1578 169 50 non
1361 1578 169 50 est
1458 1578 337 50 praesentis
1722 1578 433 50 speculationis,
2083 1578 193 50 quia
2180 1578 120 50 hoc

1263 1652 172 52 non
1362 1652 221 52 facit
1509 1652 148 52 ad
1583 1652 345 52 principale
1854 1652 320 52 intentum.
2100 1652 148 52 Si
2149 1652 148 52 vero

1261 1728 320 52 loquamur
1501 1728 160 52 de
1581 1728 373 52 cognitione
1874 1728 373 52 intuitiva,
2140 1728 160 52 dico

1264 1804 311 52 breviter
1498 1804 208 52 quod
1627 1804 234 52 talis
1783 1804 311 52 cognitio
2017 1804 182 52 non
2094 1804 208 52 potest

1262 1881 338 41 immediate
1522 1881 286 41 causari
1730 1881 130 41 a
1782 1881 338 41 voluntate
2042 1881 156 41 ut
2094 1881 208 41 volun¬-

1262 1955 224 49 tas,
1402 1955 196 49 sed
1514 1955 365 49 immediate
1795 1955 337 49 causatur
2048 1955 168 49 ab
2104 1955 196 49 anima

1264 2033 391 51 intellectiva,
1586 2033 184 51 quia
1701 2033 138 51 ex
1770 2033 161 51 quo
1861 2033 276 51 cognitio
2045 2033 253 51 intuitiva

1264 2108 320 50 immediate
1511 2108 320 50 causatur,
1757 2108 246 50 saltem
1929 2108 370 50 partialiter
2200 2108 99 50 ab

1266 2185 259 51 objecto
1455 2185 141 51 ut
1526 2185 306 51 existente
1761 2185 141 51 et
1832 2185 330 51 praesente,
2067 2185 236 51 sequitur

1265 2260 213 52 quod
1399 2260 186 52 cum
1505 2260 240 52 anima
1665 2260 240 52 dicat
1825 2260 240 52 totam
1958 2260 346 52 existentiam

1263 2337 266 51 ipsius
1450 2337 399 51 voluntatis,
1769 2337 213 51 quod
1903 2337 213 51 ipsa
2009 2337 293 51 immediate

1268 2414 306 52 causabit
1497 2414 229 52 talem
1624 2414 357 52 cognitionem.

1320 2508 147 51 Si
1394 2508 221 51 adhuc
1541 2508 343 51 quaeratur,
1811 2508 147 51 si
1885 2508 294 51 voluntas
2105 2508 221 51 esset
2228 2508 98 51 7.

1266 2583 297 53 realiter
1489 2583 322 53 distincta
1737 2583 149 53 ab
1811 2583 223 53 anima
1959 2583 124 53 ;
2009 2583 198 53 ergo
2108 2583 198 53 posset

1265 2660 347 51 immediate
1532 2660 294 51 causare
1746 2660 400 51 cognitionem
2039 2660 267 51 intuiti-

1268 2736 203 51 vam,
1394 2736 203 51 quia
1521 2736 203 51 tunc
1648 2736 279 51 haberet
1851 2736 304 51 propriam
2054 2736 254 51 existen¬-

1269 2812 252 52 tiam;
1437 2812 224 52 ergo
1577 2812 280 52 saltem
1773 2812 336 52 secundum
1996 2812 308 52 rationem,

1269 2890 218 52 licet
1414 2890 170 52 sit
1511 2890 194 52 idem
1632 2890 291 52 realiter
1850 2890 170 52 cum
1947 2890 242 52 anima,
2092 2890 218 52 poterit

1268 2966 337 51 causare.
1521 2966 253 51 Patet
1689 2966 449 51 consequentia
2054 2966 197 51 per
2139 2966 169 51 unam

1269 3045 441 50 propositionem
1632 3045 311 50 Doctoris
1866 3045 285 50 qusest.
2073 3045 156 50 1.
2151 3045 156 50 et
2203 3045 104 50 4.

1272 3120 254 50 Quodl.
1449 3120 330 50 videlicet
1703 3120 127 50 :
1754 3120 254 50 Qualis
1931 3120 178 50 est
2033 3120 203 50 ordo
2134 3120 178 50 inter

1275 3196 220 50 aliqua
1429 3196 132 50 si
1495 3196 220 50 essent
1649 3196 286 50 distincta
1870 3196 286 50 realiter,
2090 3196 198 50 talis
2200 3196 110 50 est

1274 3272 167 48 ubi
1370 3272 215 48 solum
1513 3272 263 48 ratione
1681 3272 383 48 distinguuntur.

1327 3381 286 51 Respondeo,
1551 3381 163 51 quod
1653 3381 204 51 posito
1796 3381 163 51 tali
1898 3381 184 51 casu,
2020 3381 184 51 licet
2122 3381 204 51 Voluntas

1277 3458 136 56 hoc
1354 3458 136 56 sit
1432 3458 311 56 impossibile,
1685 3458 155 56 ipsa
1782 3458 233 56 voluntas
1957 3458 194 56 potest
2073 3458 253 56 considerari

1276 3521 320 74 dupliciter
1527 3521 365 74 considerari.
1824 3521 160 74 Uno
1915 3521 183 74 modo
2029 3521 137 74 ut
2098 3521 160 74 est
2166 3521 160 74 ^odis

1271 3609 311 57 potentia
1505 3609 259 57 libera
1686 3609 156 57 et
1764 3609 363 57 individuum
2024 3609 285 57 potentiae
