2682 3979
207 311 147 52 in
280 311 367 52 particulari
573 311 269 52 obscure
769 311 220 52 viso,
916 311 171 52 cum
1014 311 171 52 ibi
1087 311 147 52 tota

207 385 220 47 ratio
353 385 220 47 finis
500 385 147 47 in
573 385 342 47 universali
843 385 367 47 includatur,
1112 385 122 47 imo

208 459 220 55 magis
354 459 122 55 ;
403 459 196 55 ergo
525 459 244 55 tertia
696 459 220 55 ratio
843 459 220 55 magis
990 459 244 55 probat
1136 459 98 55 de

207 536 174 50 fine
294 536 304 50 particulari.

259 611 317 53 Similiter
502 611 268 53 secunda
698 611 219 53 ratio
844 611 219 53 magis
990 611 244 53 probat
1136 611 98 53 de

207 688 192 52 fine
327 688 383 52 particulari,
638 688 192 52 quia
758 688 311 52 creaturam
997 688 192 52 esse
1093 688 144 52 par¬-

209 765 359 50 ticipantem
491 765 231 50 dicit
645 765 410 50 dependentiam
952 765 282 50 essentia¬-

209 839 186 52 lem,
325 839 186 52 quae
442 839 163 52 non
535 839 163 52 est
628 839 186 52 nisi
745 839 140 52 ad
815 839 163 52 ens
908 839 350 52 particulare
1164 839 70 52 ;

208 917 396 50 participans
524 917 185 50 non
630 917 238 50 habet
788 917 422 50 participatum
1105 917 132 50 pro

209 992 221 51 causa
357 992 172 51 vel
455 992 172 51 pro
554 992 270 51 mensura
750 992 123 51 a
799 992 172 51 qua
873 992 369 51 essentialiter

210 1068 287 51 dependet
426 1068 120 51 :
474 1068 359 51 Dependentia
761 1068 192 51 enim
881 1068 311 51 entitatis
1096 1068 144 51 rea-

209 1144 157 47 lis
298 1144 157 47 non
388 1144 157 47 est
478 1144 180 47 nisi
590 1144 135 47 ad
658 1144 157 47 ens
748 1144 225 47 reale,
905 1144 135 47 et
972 1144 157 47 ita
1062 1144 135 47 ad
1107 1144 135 47 sin¬-

205 1218 260 53 gulare
387 1218 130 53 ;
439 1218 156 53 et
517 1218 312 53 loquitur
750 1218 182 53 hic
854 1218 156 53 de
906 1218 338 53 dependentia

213 1295 183 51 quae
327 1295 274 51 fundatur
533 1295 137 51 in
601 1295 183 51 ente
716 1295 228 51 reali,
876 1295 183 51 actu
967 1295 274 51 existenle,

212 1370 196 52 quia
335 1370 221 52 talis
483 1370 172 52 non
581 1370 172 52 est
679 1370 196 52 nisi
802 1370 147 52 ad
876 1370 172 52 ens
974 1370 221 52 reale
1097 1370 147 52 actu

212 1446 327 51 existens.
463 1446 201 51 Quod
589 1446 226 51 dico,
740 1446 201 51 quia
866 1446 151 51 in
941 1446 252 51 genere
1092 1446 151 51 ani¬-

207 1522 265 51 malis,
393 1522 292 51 species
605 1522 239 51 reali
765 1522 186 51 ter
871 1522 398 51 mensurantur
1162 1522 80 51 a

212 1598 288 52 perfecta
428 1598 240 52 specie
596 1598 240 52 illius
764 1598 288 52 generis,
980 1598 144 52 et
1052 1598 168 52 sic
1124 1598 120 52 es¬-

207 1674 398 51 sentialiter
526 1674 345 51 dependent
791 1674 159 51 ad
871 1674 345 51 mensuram,
1109 1674 133 51 non

215 1751 209 40 tamen
354 1751 186 40 vere
447 1751 255 40 realiter.

545 1879 329 38 SGHOLIUM.

262 1998 303 46 Impugnat
489 1998 252 46 eosdem
666 1998 328 46 vectores,
918 1998 303 46 quatenus
1120 1998 126 46 as¬-

218 2060 234 38 serunt
382 2060 211 38 finem
522 2060 211 38 clare
663 2060 211 38 visum
803 2060 351 38 necessitare
1061 2060 187 38 volun¬-

214 2125 251 47 tatem.
390 2125 251 47 Primo,
565 2125 201 47 quia
691 2125 176 47 per
791 2125 301 47 visionem
992 2125 251 47 voluntas

217 2189 352 45 intrinsece
494 2189 176 45 non
594 2189 302 45 mutatur.
821 2189 302 45 Secundo,
1048 2189 176 45 non
1123 2189 126 45 ob¬-

219 2252 240 46 stante
387 2252 288 46 visione,
603 2252 216 46 manet
747 2252 192 46 idem
866 2252 288 46 objectum
1058 2252 192 46 volun¬-

215 2317 233 47 tatis
370 2317 207 47 quod
500 2317 233 47 antea
655 2317 285 47 habuit.
862 2317 310 47 Improbat
1069 2317 181 47 etiam

219 2381 187 47 quod
336 2381 258 47 dicunt,
523 2381 304 47 implicare
757 2381 281 47 visionem
968 2381 281 47 separari
1155 2381 94 47 ab

218 2445 229 47 amore,
379 2445 183 47 quia
493 2445 183 47 sunt
608 2445 161 47 duo
677 2445 252 47 absoluta.

263 2571 229 61 (a)
394 2571 328 61 Contra
624 2571 360 61 tertium
853 2571 393 61 articulum,

206 2646 317 62 quando
428 2646 443 62 principium
776 2646 443 62 elicitivum
1093 2646 158 62 non

207 2722 430 60 necessario
545 2722 338 60 elicit,
791 2722 307 60 habens
975 2722 277 60 princi¬-

210 2799 260 61 pium
372 2799 292 61 illud
567 2799 227 61 non
696 2799 454 61 necessario
1021 2799 227 61 agit;

211 2873 228 61 sed
342 2873 455 61 principium
699 2873 455 61 elicitivum
1024 2873 228 61 eodem

213 2949 268 60 modo
381 2949 201 60 se
482 2949 335 60 habens
716 2949 268 60 quod
884 2949 302 60 prius
1052 2949 201 60 eli¬-

213 3028 325 60 ciebat
440 3028 519 60 contingenter
862 3028 325 60 actum,
1056 3028 195 60 modo

214 3103 227 58 non
343 3103 325 58 elicit
571 3103 487 58 necessario;
961 3103 260 58 ergo
1091 3103 162 58 nec

216 3178 275 62 agens
400 3178 306 62 habens
614 3178 275 62 illud
797 3178 428 62 principium
1103 3178 153 62 ne¬-

213 3256 417 60 cessario
526 3256 313 60 aget.
735 3256 417 60 Voluntas
1013 3256 243 60 autem

215 3331 336 59 habens
450 3331 336 59 eamdem
685 3331 470 59 charitatem
1021 3331 235 59 prius

213 3406 299 61 quam
399 3406 299 61 modo
586 3406 373 61 habet,
847 3406 336 61 prius
1034 3406 224 61 con¬-

217 3483 423 60 tingenter
543 3483 423 60 eliciebat
868 3483 293 60 illum
1031 3483 228 60 actum

219 3558 390 59 fruendi;
512 3558 260 59 modo
675 3558 260 59 ergo
837 3558 228 59 non
935 3558 325 59 necessa¬

1283 309 213 54 rio
1404 309 304 54 elicit
1617 309 274 54 actum
1800 309 304 54 illum,
2013 309 213 54 cum
2104 309 213 54 nulla

1279 384 219 62 sit
1404 384 282 62 facta
1592 384 344 62 mutatio
1842 384 188 62 ex
1936 384 282 62 parte
2093 384 219 62 ejus.

1289 460 185 61 IIoc
1405 460 208 61 patet
1544 460 139 61 in
1613 460 208 61 raptu
1752 460 232 61 Pauli,
1914 460 139 61 si
1984 460 208 61 prius
2099 460 232 61 Eiempium

1281 536 276 56 habuit
1475 536 276 56 eamdem
1668 536 194 56 vel
1779 536 332 56 aequalem
2028 536 221 56 cha-
2138 536 194 56 raptu

1277 616 382 56 ritatem
1555 616 243 56 cum
1694 616 208 56 ea
1798 616 278 56 quam
1971 616 347 56 habuit
2179 616 139 56 in

1282 689 267 59 raptu
1460 689 267 59 illo,
1638 689 267 59 nulla
1816 689 267 59 esset
1994 689 326 59 mutatio
2201 689 119 59 ex

1281 765 292 59 parte
1475 765 487 59 voluntatis,
1865 765 227 59 nec
1963 765 357 59 principii

1281 838 441 60 elicitivi.
1628 838 284 60 Nulla
1818 838 252 60 ergo
1944 838 378 60 necessitas

1280 915 423 59 eliciendi
1606 915 260 59 tunc
1769 915 293 59 magis
1964 915 260 59 quam
2094 915 228 59 nunc,

1279 991 244 58 nec
1419 991 244 58 per
1558 991 488 58 consequens
1907 991 418 58 necessitas

1284 1067 326 60 agendi
1512 1067 228 60 cum
1643 1067 326 60 saltem
1871 1067 391 60 potuerit
2132 1067 195 60 esse

1284 1143 378 61 aequalis
1568 1143 378 61 charitas
1852 1143 252 61 ante
2010 1143 315 61 raptum
2199 1143 126 61 et

1290 1219 167 60 in
1346 1219 222 60 raptu.

1346 1296 276 60 Item,
1530 1296 307 60 saltem
1745 1296 307 60 potuit
1960 1296 245 60 esse
2083 1296 245 60 aequa¬-

1285 1371 235 61 lis
1420 1371 402 61 charitas
1721 1371 268 61 ante
1889 1371 335 61 raptum
2124 1371 201 61 et
2191 1371 134 61 in

1292 1447 283 59 raptu;
1490 1447 226 59 ergo
1631 1447 340 59 aequalis
1858 1447 311 59 libertas.

1353 1524 247 58 Negativa
1539 1524 206 58 istius
1683 1524 247 58 articuli
1869 1524 206 58 tertii
2013 1524 206 58 potest
2137 1524 206 58 Additio.

1288 1600 186 59 sic
1395 1600 372 59 confirmari
1687 1600 133 59 :
1740 1600 372 59 Necessitas
2033 1600 266 59 agendi
2192 1600 133 59 non

1292 1676 252 55 potest
1468 1676 202 55 esse
1594 1676 202 55 nisi
1721 1676 177 55 per
1822 1676 277 55 aliquod
1998 1676 328 55 intrinsecum

1287 1751 365 58 principio
1568 1751 309 58 activo,
1793 1751 197 58 per
1905 1751 197 58 hoc
2018 1751 253 58 autem
2158 1751 169 58 quod

1291 1826 399 58 intellectus
1611 1826 213 58 nunc
1744 1826 240 58 videt
1904 1826 346 58 objectum,
2144 1826 186 58 nihil

1291 1902 240 59 novum
1451 1902 186 59 est
1558 1902 399 59 intrinsecum
1877 1902 346 59 principio
2117 1902 213 59 activo

1292 1978 160 57 in
1372 1978 373 57 fruitione;
1665 1978 213 57 ergo
1798 1978 186 57 nec
1905 1978 213 57 nova
2011 1978 320 57 necessitas

1293 2053 287 59 agendi.
1501 2053 234 59 Major
1658 2053 313 59 probatur
1892 2053 130 59 :
1944 2053 208 59 Alio
2075 2053 208 59 quin
2179 2053 130 59 ne¬-

1293 2129 320 57 cessitas
1533 2129 267 57 agendi
1720 2129 187 57 non
1827 2129 240 57 esset
1986 2129 187 57 per
2066 2129 267 57 rationem

1296 2204 314 60 principii
1537 2204 266 60 activi,
1730 2204 145 60 et
1803 2204 169 60 ita
1899 2204 169 60 per
1996 2204 217 60 nihil
2141 2204 169 60 vel
2213 2204 121 60 per

1298 2279 427 60 extrinsecum,
1646 2279 160 60 et
1726 2279 160 60 si
1806 2279 187 60 per
1913 2279 401 60 extrinsecum
2206 2279 134 60 per

1302 2353 228 59 illud
1454 2353 228 59 esset
1606 2353 254 59 agere,
1783 2353 203 59 quia
1910 2353 177 59 per
2011 2353 203 59 quod
2138 2353 177 59 est
2214 2353 127 59 ne¬-

1307 2430 295 60 cessitas
1529 2430 270 60 agendi,
1725 2430 172 60 per
1824 2430 221 60 illud
1971 2430 172 60 est
2070 2430 246 60 agere.
2217 2430 123 60 Mi¬-

1302 2506 196 60 nor
1414 2506 281 60 patet,
1611 2506 224 60 quia
1751 2506 253 60 visio
1919 2506 365 60 {secundum
2172 2506 168 60 eum)

1303 2580 267 60 nullam
1490 2580 240 60 habet
1650 2580 320 60 rationem
1890 2580 347 60 principii
2131 2580 213 60 activi

1300 2656 297 55 respectu
1523 2656 371 55 fruitionis,
1820 2656 173 55 nec
1919 2656 396 55 intellectus,
2216 2656 124 55 nec

1302 2730 253 56 aliquid
1486 2730 138 56 in
1532 2730 299 56 intellectu.

1361 2807 136 60 Si
1429 2807 204 60 etiam
1565 2807 294 60 [secundum
1792 2807 204 60 aliam
1928 2807 204 60 viam)
2064 2807 204 60 visio
2177 2807 181 60 Secun-

1304 2866 202 78 habet
1438 2866 247 78 aliquam
1618 2866 269 78 rationem
1820 2866 292 78 principii
2045 2866 247 78 activi,
2202 2866 157 78 ^non"

1306 2947 142 71 non
1387 2947 182 71 tamen
1508 2947 324 71 principalis,
1772 2947 142 71 sed
1853 2947 304 71 secundarii,
2076 2947 284 71 dastitatemS"

1307 3027 122 67 et
1368 3027 162 67 tunc
1469 3027 284 67 accipiatur
1692 3027 182 67 major
1813 3027 142 67 sic
1894 3027 101 67 :
1935 3027 284 67 Necessitas
2137 3027 223 67 PnnciPah*

1303 3110 246 60 agendi
1476 3110 172 60 non
1574 3110 172 60 est
1672 3110 197 60 nisi
1795 3110 172 60 per
1893 3110 270 60 aliquid
2066 3110 270 60 intrinse¬-

1302 3186 196 59 cum
1414 3186 364 59 principio
1694 3186 280 59 activo
1891 3186 420 59 principali,
2199 3186 140 59 nam

1302 3261 399 60 secundarium
1622 3261 186 60 non
1728 3261 186 60 dat
1835 3261 426 60 necessitatem
2155 3261 186 60 prin¬-

1304 3337 301 59 cipali,
1522 3337 246 59 sicut
1686 3337 191 59 nec
1796 3337 383 59 determinat
2096 3337 246 59 ipsum
2233 3337 109 59 ad

1306 3411 303 62 agendum,
1533 3411 177 62 sed
1634 3411 126 62 e
1685 3411 303 62 converso
1912 3411 354 62 principale
2164 3411 177 62 agens

1305 3488 173 46 ex
1392 3488 173 46 se
1478 3488 346 46 secundum
1737 3488 259 46 modum
1910 3488 202 46 sui
2025 3488 288 46 utitur
2198 3488 144 46 se¬-

1313 3563 319 61 cundario,
1559 3563 172 61 ita
1657 3563 196 61 quod
1780 3563 147 61 si
1853 3563 221 61 nihil
2000 3563 147 61 in
2050 3563 294 61 principali
