2624 3979
243 321 281 61 voluntas
454 321 141 61 in
524 321 258 61 patria,
711 321 234 61 habens
875 321 352 61 simpliciter
1133 321 141 61 eam-

239 394 182 62 dem
343 394 363 62 charitatem
628 394 208 62 quam
758 394 156 62 et
836 394 156 62 in
914 394 208 62 via,
1018 394 259 62 sequitur

238 473 202 64 quod
364 473 152 64 si
440 473 152 64 in
516 473 177 64 via
617 473 177 64 est
718 473 354 64 principium
971 473 304 64 elicitivum

242 545 407 66 conlingenter,
577 545 192 66 quod
697 545 311 66 similiter
937 545 144 66 et
1009 545 144 66 in
1056 545 216 66 patria.

248 624 171 59 Sed
345 624 220 59 licet
492 624 196 59 alia
614 624 147 59 et
687 624 196 59 alia
810 624 342 59 praesentia
1054 624 220 59 objecti

238 698 259 64 faciat
420 698 156 64 ad
497 698 285 64 majorem
705 698 181 64 vel
808 698 285 64 minorem
990 698 285 64 perfecti¬-

243 779 202 58 onem
369 779 252 58 actus,
545 779 176 58 non
646 779 227 58 tamen
797 779 176 58 dat
898 779 328 58 voluntati
1125 779 151 58 quo¬-

240 854 363 61 modocumque
525 854 389 61 habitualae,
836 854 207 61 quod
966 854 181 61 sit
1044 854 233 61 princi¬-

241 928 212 63 pium
374 928 371 63 elicitivum
666 928 371 63 necessario
958 928 186 63 vel
1037 928 239 63 contin-

222 1017 219 49 genler.

217 1078 283 57 Gulielm.
430 1078 141 57 Ad
500 1078 189 57 hanc
618 1078 283 57 rationem
830 1078 283 57 Doctoris
1042 1078 212 57 multi
1160 1078 118 57 re-

215 1154 152 65 in
291 1154 304 65 spondent
519 1154 152 65 et
595 1154 304 65 videntur
823 1154 304 65 incidere
1051 1154 152 65 in
1102 1154 177 65 idem,

219 1219 149 70 i.t
304 1219 149 70 ist
389 1219 170 70 i.q.
495 1219 149 70 _et
580 1219 212 70 maxime
728 1219 276 70 respondet
940 1219 233 70 Occham,
1089 1219 191 70 negando

244 1305 218 65 quod
380 1305 327 65 voluntas
626 1305 164 65 in
707 1305 273 65 patria
898 1305 273 65 habens
1062 1305 218 65 eamdem

242 1382 409 57 charitatem,
569 1382 246 57 eodem
733 1382 218 57 modo
870 1382 191 57 sit
951 1382 328 57 principium

244 1455 329 56 elicitivum
503 1455 329 56 fruitionis
762 1455 212 56 sicut
903 1455 141 56 in
973 1455 188 56 via,
1091 1455 188 56 quia
1185 1455 94 56 ad

237 1532 254 55 actum
406 1532 395 55 fruitionis
716 1532 169 55 in
801 1532 282 55 patria
970 1532 310 55 concurrit

242 1612 211 54 visio
382 1612 305 54 essentiae
617 1612 258 54 divinae
805 1612 141 54 ut
876 1612 211 54 causa
993 1612 282 54 partialis,

237 1689 156 59 in
315 1689 182 59 via
419 1689 208 59 vero
549 1689 208 59 non.
679 1689 208 59 Sed,
809 1689 286 59 judicio
1017 1689 208 59 meo,
1121 1689 156 59 haec

239 1763 336 64 responsio
497 1763 181 64 non
601 1763 258 64 solvit
781 1763 310 64 rationem
988 1763 284 64 Doctoris,

239 1843 198 60 quia
363 1843 247 60 posito
536 1843 198 60 quod
659 1843 222 60 talis
808 1843 222 60 visio
956 1843 321 60 concurrat
1178 1843 99 60 ut

239 1915 222 61 causa
387 1915 321 61 partialis
634 1915 148 61 ad
708 1915 222 61 actum
856 1915 370 61 fruitionis,
1128 1915 148 61 quia

240 1992 233 55 tamen
395 1992 207 55 erit
525 1992 233 55 causa
680 1992 233 55 minus
836 1992 388 55 principalis
1121 1992 155 55 quam

236 2068 320 52 voluntas
476 2068 266 52 habens
662 2068 399 52 charitatem,
982 2068 160 52 ut
1062 2068 240 52 patet
1195 2068 80 52 a

238 2140 252 56 Doctore
422 2140 138 56 ex
490 2140 321 56 intentione
743 2140 138 56 in
811 2140 138 56 2.
880 2140 206 56 dist.
1018 2140 161 56 25.
1087 2140 183 56 sequi¬-

245 2217 164 66 tur
338 2217 187 66 quod
455 2217 211 66 actus
596 2217 328 66 fruitionis
853 2217 187 66 erit
971 2217 187 66 mere
1064 2217 211 66 contin-

241 2295 241 65 genter
409 2295 313 65 elicitus,
650 2295 265 65 exposui
843 2295 241 65 supra.
987 2295 289 65 Praeterea,

211 2370 169 63 re-
308 2370 145 63 81
380 2370 314 63 responsio
622 2370 242 63 Occham
791 2370 387 63 concluderet,
1082 2370 193 63 seque-

214 2441 287 68 ^Gulielm!8
440 2441 185 68 retur
563 2441 164 68 quod
666 2441 246 68 voluntas
850 2441 123 68 ut
912 2441 123 68 in
973 2441 164 68 via,
1055 2441 226 68 frueretur

244 2520 138 60 de
313 2520 367 60 necessitate,
611 2520 229 60 patet,
772 2520 183 60 quia
886 2520 206 60 sicut
1024 2520 206 60 visio
1138 2520 138 60 cla¬-

243 2595 132 57 ra
309 2595 286 57 essentiae
529 2595 242 57 divinae
705 2595 286 57 concurrit
926 2595 220 57 active
1080 2595 132 57 ad
1124 2595 154 57 frui¬-

240 2672 267 62 tionem
427 2672 160 62 in
507 2672 294 62 patria,
721 2672 187 62 ita
827 2672 320 62 cognitio
1041 2672 240 62 ejusdem

238 2747 338 57 essentiae
498 2747 156 57 ut
576 2747 156 57 in
654 2747 182 57 via
758 2747 338 57 concurrit
1019 2747 260 57 active
1175 2747 104 57 ad

237 2825 354 57 fruitionem
515 2825 152 57 in
591 2825 202 57 via,
717 2825 177 57 cum
819 2825 177 57 non
920 2825 177 57 sit
1021 2825 228 57 major
1148 2825 127 57 ra¬-

245 2900 154 62 tio
333 2900 154 62 hic
421 2900 132 62 et
487 2900 176 62 ibi;
597 2900 176 62 ergo
707 2900 132 62 si
773 2900 132 62 in
839 2900 220 62 patria
993 2900 176 62 erit
1081 2900 198 62 fruitio

242 2976 308 59 necessario
484 2976 264 59 elicita,
682 2976 154 59 hoc
771 2976 286 59 similiter
991 2976 176 59 erit
1101 2976 132 59 in
1145 2976 132 59 via,

242 3059 196 60 quod
364 3059 172 60 est
462 3059 245 60 falsum
634 3059 147 60 et
707 3059 245 60 contra
854 3059 196 60 ipsum,

209 3124 162 66 l?.
301 3124 162 66 (b)
394 3124 185 66 Item
510 3124 185 66 quod
625 3124 208 66 dicit
764 3124 139 66 in
833 3124 185 66 isto
949 3124 301 66 articulo.
1157 3124 116 66 Ar¬-

238 3200 213 66 guit
372 3200 266 66 Doctor
558 3200 266 66 contra
744 3200 213 66 unum
878 3200 266 66 dictum
1037 3200 240 66 istorum

236 3276 213 68 quod
370 3276 213 68 tale
503 3276 213 68 est,
636 3276 213 68 quod
770 3276 240 68 tanta
929 3276 187 68 est
1009 3276 267 68 connexio

239 3350 211 59 inter
379 3350 282 59 visionem
591 3350 305 59 essentiae
826 3350 258 59 divinae
1014 3350 141 59 et
1061 3350 211 59 fruiti¬-

231 3426 214 67 onem
365 3426 321 67 ejusdem,
606 3426 214 67 quod
740 3426 401 67 impossibile
1061 3426 187 67 est
1141 3426 134 67 vi¬-

229 3504 237 57 sionem
395 3504 190 57 esse
514 3504 190 57 sine
633 3504 332 57 fruitione.
894 3504 142 57 Et
965 3504 237 57 arguit
1132 3504 166 57 sic
1203 3504 71 57 :

226 3585 215 65 Quia
361 3585 269 65 natura
549 3585 323 65 absoluta
791 3585 242 65 prior
952 3585 215 65 alia
1060 3585 215 65 natura

1321 312 272 58 absoluta
1525 312 226 58 potest
1684 312 181 58 esse
1797 312 181 58 sine
1910 312 181 58 tali
2023 312 340 58 posteriori,
2272 312 91 58 et

1323 389 162 47 hoc
1416 389 162 47 est
1508 389 232 47 clarum
1671 389 139 47 et
1740 389 255 47 diffuse
1926 389 278 47 declarat
2134 389 232 47 Doctor
2273 389 93 47 in

1320 463 139 59 2.
1389 463 209 59 dist.
1529 463 163 59 12.
1622 463 256 59 quiBSt.
1808 463 139 59 2.
1877 463 139 59 et
1947 463 186 59 vide
2040 463 325 59 expositionem

1322 540 204 59 quam
1450 540 204 59 feci
1578 540 204 59 ibi.
1706 540 179 59 Sed
1808 540 230 59 visio
1961 540 153 59 et
2038 540 281 59 fruitio
2217 540 153 59 sunt

1325 614 189 57 duae
1444 614 260 57 naturae
1633 614 355 57 -absolutae;
1917 614 213 57 ergo.
2059 614 142 57 Et
2130 614 213 57 licet
2249 614 118 57 Do¬-

1323 691 204 57 ctor
1450 691 178 57 hic
1552 691 178 57 non
1653 691 255 57 probet
1832 691 229 57 istam
1984 691 305 57 minorem,
2188 691 178 57 satis

1328 767 212 56 tamen
1470 767 259 56 patebit
1658 767 141 56 in
1729 767 235 56 simili
1893 767 212 56 infra
2035 767 141 56 d.
2105 767 141 56 3.
2152 767 212 56 quaest.

1321 842 204 56 ult.
1448 842 153 56 et
1524 842 280 56 diffuse
1728 842 255 56 probat
1906 842 255 56 Doctor
2085 842 153 56 in
2136 842 229 56 quolib.

1330 921 129 54 q.
1394 921 150 54 13.
1480 921 129 54 et
1544 921 129 54 in
1608 921 129 54 4.
1673 921 129 54 d.
1716 921 107 54 10.

1374 996 440 52 Respondetur,
1732 996 220 52 quod
1870 996 248 52 major
2035 996 193 52 esi
2145 996 220 52 vera
2255 996 110 52 de

1326 1069 217 54 illis
1471 1069 338 54 absolutis.
1736 1069 217 54 Dicit
1881 1069 290 54 Henricus
2098 1069 193 54 quod
2195 1069 169 54 licet

1324 1146 203 53 unum
1451 1146 254 53 possit
1628 1146 203 53 esse
1755 1146 203 53 sine
1882 1146 254 53 allero
2060 1146 178 53 ubi
2161 1146 178 53 non
2237 1146 127 53 est

1328 1220 378 54 dependentia
1630 1220 378 54 essentialis
1933 1220 227 54 unius
2084 1220 176 54 -ad
2159 1220 202 54 aliud,

1325 1295 246 55 tamen
1489 1295 274 55 quando
1680 1295 219 55 ambo
1817 1295 356 55 causantur
2090 1295 164 55 de
2145 1295 219 55 neces¬-

1327 1373 242 52 sitate
1496 1373 121 52 a
1545 1373 266 52 tertio,
1738 1373 169 52 est
1835 1373 363 52 impossibile
2125 1373 194 52 unum
2222 1373 145 52 esse

1328 1448 185 53 sine
1443 1448 254 53 altero,
1628 1448 162 53 sic
1721 1448 139 53 in
1790 1448 300 53 proposito
2021 1448 208 53 visio
2160 1448 139 53 et
2206 1448 162 53 frui¬-

1327 1523 177 44 tio
1428 1523 354 44 necessario
1706 1523 328 44 causantur
1958 1523 152 44 ab
2034 1523 303 44 essentia
2236 1523 126 44 di¬-

1323 1597 241 54 vina,
1484 1597 188 54 non
1591 1597 215 54 quod
1725 1597 268 54 causet
1913 1597 375 54 necessario
2181 1597 188 54 visi¬-

1323 1673 226 50 onem
1464 1673 198 50 sed
1577 1673 310 50 causata
1803 1673 339 50 visione,
2028 1673 339 50 necessario

1329 1746 286 45 causatur
1544 1746 119 45 a
1591 1746 310 45 voluntate
1830 1746 238 45 divina
1973 1746 238 45 fruitio.

1378 1824 265 51 Contra,
1571 1824 145 51 si
1643 1824 169 51 non
1740 1824 314 51 dependent
1981 1824 121 51 a
2029 1824 265 51 tertio.
2198 1824 169 51 Dicit

1324 1901 260 53 Doctor
1506 1901 208 53 quod
1636 1901 156 53 si
1714 1901 208 53 Deus
1844 1901 182 53 non
1949 1901 260 53 causat
2105 1901 260 53 necessa¬-

1326 1977 169 55 rio
1422 1977 217 55 ambo,
1567 1977 290 55 scilicet
1785 1977 290 55 visionem
2002 1977 145 55 et
2050 1977 314 55 fruitionem,

1322 2055 198 54 nec
1435 2055 367 54 utrumque,
1717 2055 254 54 licet
1887 2055 283 54 causet
2085 2055 311 54 alterum
2282 2055 85 54 ;

1326 2131 156 52 et
1404 2131 261 52 certum
1586 2131 182 52 est
1691 2131 208 52 quod
1821 2131 208 52 Deus
1951 2131 182 52 non
2055 2131 261 52 causat
2212 2131 156 52 ambo

1324 2209 170 54 de
1409 2209 452 54 necessitate,
1776 2209 226 54 quia
1918 2209 226 54 tunc
2031 2209 339 54 sequeretur

1327 2287 208 55 quod
1457 2287 363 55 necessario
1742 2287 311 55 causaret
1976 2287 337 55 visionem,
2209 2287 156 55 quod

1324 2365 208 55 ipsi
1454 2365 287 55 negant,
1663 2365 182 55 nec
1767 2365 234 55 etiam
1923 2365 261 55 causat
2079 2365 287 55 utrumque,

1325 2440 156 55 si
1403 2440 287 55 alterum
1612 2440 287 55 causat,
1820 2440 156 55 id
1899 2440 209 55 est,
2029 2440 209 55 quod
2159 2440 183 55 non
2238 2440 130 55 est

1324 2516 295 53 necesse
1539 2516 214 53 Deum
1672 2516 295 53 causare
1887 2516 402 53 fruitionem,
2181 2516 188 53 licet

1327 2593 261 55 causet
1510 2593 340 55 visionem.
1771 2593 157 55 Et
1849 2593 183 55 hoc
1954 2593 287 55 probat,
2163 2593 209 55 quia
2267 2593 105 55 si

1326 2669 208 51 Deus
1456 2669 261 51 potest
1639 2669 287 51 causare
1847 2669 365 51 fruitionem
2107 2669 261 51 immedia¬-

1328 2745 139 54 te
1397 2745 139 54 et
1467 2745 395 54 contingenter,
1792 2745 209 54 etiam
1932 2745 232 54 potest
2094 2745 256 54 causare
2257 2745 116 54 il¬-

1325 2820 183 54 lam
1429 2820 418 54 conlingenter
1769 2820 314 54 mediante
2005 2820 314 54 visione,
2214 2820 157 54 con¬-

1329 2897 338 52 tingenter
1589 2897 286 52 causata
1797 2897 156 52 ut
1875 2897 234 52 causa
2031 2897 312 52 secunda.
2239 2897 130 52 Hic

1329 2971 241 54 Doctor
1498 2971 289 54 supponit
1715 2971 193 54 quod
1835 2971 217 54 visio
1980 2971 314 54 essentiae
2197 2971 169 54 divi¬-

1327 3048 165 55 nae
1422 3048 165 55 sit
1516 3048 212 55 causa
1657 3048 353 55 fruitionis,
1939 3048 235 55 saltem
2081 3048 282 55 partialis,

1324 3124 187 47 nam
1431 3124 160 47 si
1511 3124 294 47 causata
1725 3124 294 47 visione
1939 3124 214 47 Deus
2046 3124 321 47 necessario

1327 3199 338 55 causaret
1580 3199 423 55 fruitionem,
1918 3199 394 55 sequeretur
2200 3199 169 55 unum

1326 3275 357 56 absurdum,
1600 3275 220 56 quod
1738 3275 247 56 causa
1903 3275 247 56 prima
2068 3275 275 56 possit
2233 3275 137 56 de¬-

1327 3351 356 57 terminari
1600 3351 164 57 ad
1683 3351 301 57 agendum
1902 3351 137 57 a
1956 3351 246 57 causa
2093 3351 274 57 secunda,

1325 3427 213 57 quod
1459 3427 187 57 est
1565 3427 267 57 contra
1752 3427 320 57 rationem
1992 3427 267 57 causae
2152 3427 213 57 primae

1326 3503 422 58 determinari
1663 3503 141 58 a
1719 3503 253 58 causa
1888 3503 309 58 secunda
2113 3503 169 58 ad
2169 3503 197 58 agen¬

1294 3580 171 40 dum.
