2682 3979
233 322 220 55 etiam
379 322 171 55 suo
477 322 196 55 modo
599 322 220 55 ratio
746 322 294 55 formalis
966 322 220 55 quasi
1089 322 171 55 reci¬-

230 398 245 53 piendi
401 398 367 53 fruitionem;
695 398 318 53 immediate
940 398 196 53 enim
1038 398 220 53 fruitio

232 474 168 51 est
328 474 144 51 in
400 474 336 51 voluntate,
664 474 216 51 licet
807 474 144 51 in
879 474 264 51 divinis
1071 474 168 51 non
1143 474 120 51 sit

227 550 371 55 principium
518 550 397 55 receptivum,
835 550 185 55 nec
941 550 265 55 quasi,
1100 550 159 55 quia

225 626 213 54 haec
358 626 319 54 nominant
598 626 505 54 imperfectionem,
1023 626 159 54 ut
1076 626 186 54 patet

230 701 244 54 infra,
401 701 220 54 disl.
547 701 147 54 5.
621 701 147 54 q.
694 701 147 54 2.
767 701 147 54 Et
841 701 171 54 cum
938 701 269 54 dicitur
1109 701 147 54 pri¬-

227 776 155 56 mo
305 776 180 56 non
408 776 335 56 accipitur
665 776 180 56 ibi
768 776 232 56 primo
923 776 155 56 ut
975 776 283 56 accipitur

228 853 240 55 primo,
396 853 216 55 post,
540 853 168 55 sed
636 853 312 55 accipitur
875 853 168 55 hic
971 853 240 55 primo,
1115 853 144 55 quia

227 928 120 55 a
275 928 240 55 seipsa
443 928 216 55 habet
587 928 144 55 et
659 928 168 55 non
755 928 144 55 ab
826 928 192 55 alio
946 928 288 55 realiter
1138 928 120 55 di¬-

226 1004 264 53 stincto
418 1004 120 53 ;
466 1004 168 53 nec
562 1004 144 53 in
634 1004 264 53 fruendo
826 1004 144 53 ab
898 1004 192 53 alio
994 1004 264 53 dependet,

228 1081 215 55 sicut
372 1081 263 55 dicimus
563 1081 191 55 quod
682 1081 215 55 terra
826 1081 167 55 est
921 1081 215 55 primo
1041 1081 215 55 gravis,

225 1156 141 55 id
296 1156 188 55 est,
414 1156 188 55 quod
531 1156 165 55 hoc
625 1156 212 55 habet
766 1156 141 55 ex
837 1156 165 55 sua
931 1156 329 55 intrinseca
1166 1156 94 55 et

225 1231 141 55 ex
295 1231 164 55 sua
389 1231 258 55 formali
577 1231 282 55 ratione,
788 1231 188 55 quod
905 1231 164 55 sil
999 1231 258 55 gravis.
1163 1231 94 55 In

221 1307 253 54 beatis
398 1307 227 54 vero,
549 1307 227 54 beati
701 1307 303 54 fruunlur
928 1307 177 54 per
1029 1307 177 54 se,
1105 1307 152 54 quia

220 1383 354 55 principium
498 1383 177 55 per
599 1383 152 55 se
675 1383 379 55 productivum
978 1383 177 55 est
1054 1383 202 55 volun¬-

223 1459 192 55 tas,
343 1459 312 55 charitate
583 1459 312 55 informata
824 1459 120 55 ;
872 1459 168 55 non
968 1459 240 55 primo,
1112 1459 144 55 quia

219 1535 172 45 hoc
318 1535 246 45 habent
490 1535 123 45 a
540 1535 320 45 voluntate
786 1535 246 45 divina
934 1535 320 45 immutabili-

227 1610 191 56 ler;
346 1610 167 56 non
442 1610 143 56 ex
513 1610 238 56 natura
680 1610 191 56 rei,
799 1610 191 56 quia
918 1610 215 56 talis
1038 1610 215 56 fruitio

224 1688 161 51 non
316 1688 252 51 dicitur
499 1688 252 51 formali
683 1688 161 51 ter
774 1688 344 51 necessaria,
1050 1688 138 51 ut
1095 1688 161 51 patet

222 1760 144 47 in
294 1760 144 47 4.
366 1760 144 47 d.
438 1760 168 47 49.
534 1760 168 47 sed
630 1760 408 47 immutabiliter
967 1760 144 47 ex
1015 1760 240 47 determi¬-

222 1836 264 57 natione
414 1836 264 57 divinae
606 1836 360 57 voluntatis,
893 1836 168 57 qui
965 1836 288 57 determina¬-

219 1914 181 55 vit
323 1914 285 55 nunquam
530 1914 363 55 concurrere
815 1914 156 55 ad
893 1914 233 55 actum
1023 1914 233 55 opposi¬-

223 1987 164 55 tum
316 1987 351 55 fruitionis,
597 1987 140 55 ut
667 1987 210 55 palet
807 1987 117 55 a
854 1987 257 55 Doctore
1041 1987 140 55 in
1111 1987 140 55 4.
1158 1987 93 55 d.

222 2064 172 45 49.
321 2064 147 45 et
394 2064 147 45 in
468 2064 147 45 2.
542 2064 221 45 dist.
689 2064 147 45 5.
763 2064 147 45 n.
836 2064 172 45 24.
935 2064 147 45 De
984 2064 270 45 voluntate

220 2138 319 54 viatoris
459 2138 292 54 habente
672 2138 372 54 charitatem
964 2138 239 54 patet
1097 2138 159 54 quod

224 2214 264 55 fruitur
416 2214 168 55 per
512 2214 168 55 se,
608 2214 192 55 quia
728 2214 216 55 habet
871 2214 360 55 charitatem,
1135 2214 120 55 sed

224 2290 185 53 non
329 2290 476 53 immutabiliter,
726 2290 211 53 quia
858 2290 238 53 illam
990 2290 264 53 amittere

223 2367 291 54 pjtest.
434 2367 318 54 Peccator
673 2367 212 54 vero
805 2367 238 54 nullo
964 2367 212 54 modo
1070 2367 185 54 quie¬-

227 2442 172 48 scit
335 2442 129 48 in
400 2442 216 48 ultimo
551 2442 194 48 fine,
659 2442 129 48 etc.

277 2524 156 56 (b)
366 2524 156 56 Sed
455 2524 178 56 tunc
566 2524 156 56 est
655 2524 311 56 dubitatio.
899 2524 133 56 In
966 2524 178 56 ista
1055 2524 200 56 littera

220 2598 266 56 Doctor
406 2598 239 56 vult,
566 2598 212 56 quod
698 2598 319 56 peccator
937 2598 186 56 non
1017 2598 239 56 frualur

221 2674 197 54 actu
345 2674 197 54 suo,
468 2674 320 54 videlicet
714 2674 320 54 peccando,
960 2674 172 54 sed
1034 2674 222 54 frualur

220 2751 252 55 seipso
396 2751 277 55 propter
598 2751 202 55 quem
724 2751 252 55 elicit
900 2751 227 55 actum
1026 2751 227 55 peccan¬-

218 2827 201 54 di.
333 2827 288 54 Expono
535 2827 259 54 tamen
707 2827 230 54 hanc
851 2827 374 54 litteram,
1110 2827 144 54 cum

209 2891 251 79 Witter»0
397 2891 167 79 ^oit
502 2891 167 79 quod
606 2891 251 79 peccator
794 2891 230 79 fruitur
961 2891 209 79 seipso
1108 2891 125 79 et
1150 2891 104 79 non

221 2978 327 59 objecto,
466 2978 218 59 quia
602 2978 327 59 objectum
847 2978 191 59 sui
956 2978 245 59 actus
1092 2978 163 59 amat

222 3053 245 54 amore
385 3053 544 54 concupiscentiae.
848 3053 354 54 Exemplum,
1093 3053 163 54 quis

221 3127 246 58 peccat
394 3127 344 58 inordinate
664 3127 221 58 circa
811 3127 295 58 objectum
1008 3127 246 58 delecta¬-

225 3204 215 57 bile,
369 3204 191 57 quod
488 3204 263 57 dicitur
679 3204 287 57 objectum
894 3204 215 57 actus
1014 3204 239 57 peccati,

227 3280 143 55 id
299 3280 191 55 est,
418 3280 215 55 circa
561 3280 191 55 quid
681 3280 287 55 elicitur
896 3280 215 55 actus
1015 3280 239 55 peccati,

222 3356 271 59 peccans
419 3356 271 59 diligit
616 3356 221 59 illud
764 3356 295 59 objectum
985 3356 221 59 amore
1108 3356 148 59 con¬-

227 3428 389 60 cupiscentiae,
548 3428 229 60 patet,
708 3428 183 60 quia
822 3428 183 60 vult
937 3428 206 60 illud
1051 3428 206 60 inordi¬-

226 3505 175 55 nate
336 3505 175 55 sive
445 3505 241 55 diligit
620 3505 197 55 illud
752 3505 175 55 sibi
861 3505 306 55 inordinate
1102 3505 109 55 ;
1124 3505 131 55 ergo

225 3575 238 53 talis
383 3575 212 53 amor
516 3575 397 53 inordinatus
807 3575 450 53 concupiscentiae

1310 329 422 51 praesupponit
1653 329 264 51 amorem
1838 329 396 51 inordinatum
2128 329 211 51 amici¬-

1314 402 215 55 tiae,
1457 402 191 55 quia
1577 402 263 55 nunquam
1768 402 167 55 est
1863 402 358 55 deordinatio
2150 402 143 55 in
2198 402 143 55 actu

1314 480 425 54 concupiscentiae
1672 480 179 54 nisi
1784 480 157 54 sit
1873 480 201 54 prius
2007 480 336 54 inordinatio
2253 480 90 54 in

1313 556 197 54 amore
1444 556 306 54 amicitiae,
1685 556 131 54 ut
1750 556 197 54 patet
1881 556 131 54 in
1947 556 131 54 2.
2012 556 197 54 dist.
2143 556 131 54 6.
2209 556 131 54 q.
2253 556 87 54 2.

1310 620 152 57 et
1386 620 177 57 sic
1487 620 278 57 peccans
1689 620 227 57 circa
1840 620 328 57 objectum,
2093 620 202 57 quod
2194 620 152 57 vult

1306 698 301 50 propter
1524 698 164 50 se
1606 698 273 50 amatum
1798 698 246 50 amore
1961 698 355 50 amicitiae
2207 698 137 50 non

1309 769 253 59 fruitur
1493 769 276 59 objecto,
1700 769 184 59 quia
1815 769 207 59 illud
1953 769 230 59 vellet
2091 769 253 59 simplici¬-

1309 847 168 55 ter
1405 847 265 55 propter
1598 847 144 55 se
1670 847 120 55 ;
1718 847 168 55 nec
1814 847 265 55 fruitur
2006 847 192 55 actu
2127 847 192 55 illo
2223 847 120 55 quo

1301 920 231 56 vult
1446 920 347 56 objectum
1706 920 173 56 in
1792 920 289 56 ordine
1994 920 173 56 ad
2052 920 289 56 seipsum,

1304 998 241 53 patet,
1473 998 193 53 quia
1593 998 169 53 non
1689 998 217 53 primo
1834 998 361 53 reflectitur
2099 998 241 53 voluntas

1306 1073 216 56 super
1450 1073 192 56 illo
1570 1073 216 56 actu,
1714 1073 264 56 volendo
1905 1073 216 56 illum
2049 1073 264 56 propter
2217 1073 120 56 se.

1303 1147 232 57 Primo
1458 1147 207 57 enim
1587 1147 310 57 voluntas
1820 1147 310 57 peccandi
2052 1147 207 57 vult
2155 1147 181 57 dele¬-

1308 1223 252 56 ctabile
1491 1223 206 56 sibi,
1629 1223 137 56 et
1698 1223 183 56 post
1812 1223 183 56 vult
1927 1223 206 56 illam
2041 1223 298 56 volitionem,

1307 1299 144 57 et
1379 1299 240 57 tandem
1547 1299 192 57 valt
1667 1299 264 57 seipsam
1859 1299 216 57 velle
2003 1299 120 57 ;
2051 1299 144 57 et
2123 1299 168 57 sic
2195 1299 144 57 pri¬-

1303 1376 177 55 mo,
1404 1376 177 55 non
1505 1376 202 55 vult
1632 1376 228 55 illum
1783 1376 228 55 actum
1935 1376 278 55 propter
2138 1376 177 55 se,
2214 1376 127 55 nec

1300 1450 279 56 propter
1502 1450 254 56 aliud,
1680 1450 203 56 quia
1807 1450 152 56 in
1883 1450 203 56 illo
2009 1450 304 56 instanti
2212 1450 127 56 quo

1298 1523 225 54 vult
1439 1523 366 54 objectum,
1720 1523 338 54 voluntas
1973 1523 281 54 nullum
2142 1523 197 54 actum

1300 1597 234 58 habet
1456 1597 234 58 circa
1613 1597 365 58 volitionem
1899 1597 313 58 objecti;
2108 1597 234 58 fruitur

1303 1674 207 56 ergo
1432 1674 285 56 seipso,
1639 1674 181 56 cui
1743 1674 207 56 amat
1872 1674 207 56 tale
2002 1674 310 56 objectum
2209 1674 129 56 de¬-

1302 1748 330 55 lectabile.
1562 1748 141 55 Et
1633 1748 212 55 dicit
1774 1748 236 55 Doctor
1939 1748 354 55 communiter,
2199 1748 141 55 quia

1300 1824 372 55 communiter
1593 1824 346 55 peccantes
1859 1824 319 55 diligunt
2098 1824 159 55 se
2151 1824 186 55 amore

1303 1899 312 55 amicitiae
1543 1899 360 55 inordinato,
1831 1899 192 55 quia
1950 1899 168 55 est
2046 1899 216 55 radix
2166 1899 168 55 omnis

1304 1975 206 54 actus
1441 1975 343 54 inordinati,
1716 1975 137 54 ut
1785 1975 206 54 patet
1922 1975 137 54 in
1991 1975 137 54 2.
2059 1975 137 54 d.
2128 1975 137 54 6.
2197 1975 137 54 q.
2242 1975 92 54 2.

1301 2051 260 56 posset
1483 2051 234 56 tamen
1639 2051 312 56 peccando
1873 2051 208 56 frui
2003 2051 260 56 aliquo
2159 2051 182 56 alio,

1304 2127 203 54 quia
1430 2127 253 54 posset
1608 2127 203 54 quis
1734 2127 355 54 inordinate
2013 2127 228 54 amare
2139 2127 203 54 filium

1302 2202 279 55 propter
1504 2202 304 55 seipsum,
1732 2202 177 55 non
1834 2202 329 55 diligendo
2087 2202 152 55 in
2137 2202 203 55 ordine

1305 2276 146 55 ad
1378 2276 269 55 seipsum
1573 2276 146 55 ut
1646 2276 293 55 dilectum
1842 2276 195 55 prius.

1356 2354 181 55 Sed
1460 2354 155 55 in
1537 2354 181 55 hoc
1640 2354 284 55 videtur
1847 2354 207 55 sibi
1950 2354 388 55 contradicere,

1305 2430 192 57 quia
1425 2430 240 57 supra,
1594 2430 144 57 q.
1666 2430 144 57 2.
1738 2430 337 57 praesentis
2002 2430 144 57 d.
2074 2430 216 57 dixit
2195 2430 144 57 quod

1302 2508 296 54 peccator
1525 2508 173 54 non
1623 2508 247 54 potest
1796 2508 272 54 referre
1994 2508 222 54 actum
2118 2508 222 54 peccati

1301 2582 152 54 in
1377 2582 228 54 Deum,
1528 2582 202 54 quia
1655 2582 278 54 fruitur
1857 2582 228 54 illo.
2009 2582 177 54 Hoc
2110 2582 202 54 idem
2212 2582 127 54 vi¬-

1305 2657 227 56 detur
1456 2657 227 56 velle
1608 2657 152 56 in
1684 2657 329 56 praesenti
1937 2657 379 56 quaestione,
2215 2657 126 56 ubi

1307 2735 294 57 quaerit,
1527 2735 147 57 an
1600 2735 294 57 peccator
1821 2735 294 57 frualur.
2041 2735 196 57 Dico
2139 2735 196 57 primo,

1303 2807 202 55 quod
1429 2807 152 55 in
1505 2807 202 55 illa
1631 2807 152 55 q.
1707 2807 152 55 2.
1783 2807 177 55 non
1884 2807 278 55 videtur
2060 2807 278 55 assertive

1300 2878 260 59 loqui,
1482 2878 156 59 ut
1560 2878 182 59 ibi
1664 2878 260 59 patet.
1846 2878 312 59 Secundo,
2080 2878 208 59 dico
2184 2878 156 59 quod

1305 2947 247 57 quando
1478 2947 247 57 Doctor
1651 2947 222 57 dicit
1799 2947 198 57 quod
1923 2947 296 57 peccator
2121 2947 222 57 fruitur

1304 3016 202 57 actu
1430 3016 557 57 peccandi,improprie
1911 3016 304 57 loquitur
2139 3016 152 57 de
2189 3016 152 57 fru¬-

1303 3085 260 54 itione,
1492 3085 189 54 quae
1611 3085 165 54 est
1705 3085 213 54 amore
1847 3085 307 54 inhaerere
2083 3085 236 54 alicui
2225 3085 118 54 rei

1301 3157 273 54 propter
1500 3157 298 54 seipsam.
1724 3157 174 54 Sed
1823 3157 199 54 quia
1947 3157 298 54 peccator
2146 3157 199 54 elicit

1303 3228 234 52 actum
1459 3228 338 52 peccandi,
1719 3228 234 52 nullo
1874 3228 208 52 modo
2004 3228 364 52 referibile
2264 3228 78 52 a

1306 3297 201 55 tali
1432 3297 302 55 potentia
1658 3297 151 55 ad
1734 3297 302 55 objectum
1960 3297 201 55 vere
2061 3297 277 55 fruibile,

1305 3366 184 57 ideo
1420 3366 276 57 peccator
1627 3366 253 57 dicitur
1811 3366 184 57 frui
1926 3366 207 57 illo;
2064 3366 161 57 sed
2133 3366 207 57 loquen¬-

1305 3436 147 55 do
1379 3436 147 55 de
1453 3436 319 55 fruitione
1698 3436 270 55 propria
1894 3436 221 55 licet
2017 3436 319 55 inordinata,

1304 3506 287 58 peccator
1519 3506 263 58 fruitur
1710 3506 263 58 seipso,
1902 3506 143 58 et
1973 3506 167 58 sic
2069 3506 215 58 palet
2189 3506 143 58 quo¬-

1303 3585 198 43 modo
1427 3585 247 43 Doctor
1600 3585 198 43 sibi
1724 3585 173 43 non
1798 3585 346 43 contradicit.
