2624 3979
579 351 320 40 SCHOLIUM.

291 484 211 55 Bruta
431 484 164 55 non
525 484 211 55 frui,
666 484 188 55 quia
783 484 164 55 non
877 484 258 55 tendunt
1064 484 141 55 in
1111 484 164 55 obje¬-

243 548 179 55 ctum
355 548 135 55 ut
422 548 135 55 in
489 548 359 55 irreferibile
781 548 135 55 in
848 548 224 55 aliud,
1005 548 179 55 quod
1095 548 179 55 expli¬-

240 610 177 57 cat
341 610 277 57 exemplo
542 610 151 57 de
618 610 328 57 adamante;
870 610 202 57 idem
997 610 126 57 a
1022 610 252 57 fortiori

243 680 285 43 dicendum
457 680 190 43 esse
576 680 143 43 de
623 680 309 43 inanimatis.

295 794 190 68 Ad
390 794 475 68 quaestionem
770 794 443 68 penultimam
1086 794 190 68 dici

240 870 304 69 potest
452 870 243 69 quod
604 870 395 69 appetitus
877 870 395 69 sensitivus,

236 946 267 68 licet
415 946 446 68 aliqualiter
771 946 297 68 alicui
949 946 327 68 inhaereat

234 1023 358 68 propter
495 1023 228 68 se,
625 1023 195 68 id
723 1023 261 68 est,
886 1023 228 68 non
984 1023 293 68 propter

233 1097 371 68 alterum
503 1097 439 68 negative,
840 1097 270 68 quia
1009 1097 236 68 non
1110 1097 169 68 est

232 1173 254 71 ejus
391 1173 349 71 referre
644 1173 190 71 ad
739 1173 317 71 aliud,
961 1173 222 71 non
1056 1173 222 71 tamen

234 1248 457 69 contrarie,
594 1248 261 69 quia
757 1248 229 69 non
855 1248 425 69 appretiatur

235 1323 418 72 objectum
549 1323 209 72 ut
653 1323 244 72 non
792 1323 488 72 referibile
1141 1323 139 72 ad

239 1397 315 66 aliud,
459 1397 252 66 ideo
616 1397 346 66 abusive
868 1397 346 66 dicitur
1088 1397 189 66 frui

239 1475 358 71 propter
500 1475 228 71 non
630 1475 488 71 relationem,
1021 1475 228 71 non
1118 1475 163 71 ta¬-

241 1550 214 71 men
364 1550 367 71 proprie,
639 1550 244 71 quia
791 1550 214 71 non
883 1550 397 71 irreferibi-

243 1626 259 58 liter
416 1626 374 58 inhaeret.
704 1626 374 58 Similiter
992 1626 202 58 nec
1078 1626 202 58 amore

242 1703 375 69 inhaeret,
531 1703 231 69 quia
675 1703 231 69 ejus
819 1703 317 69 proprie
1050 1703 202 69 non
1137 1703 144 69 est

240 1778 316 68 amare.
462 1778 411 68 Similiter
778 1778 221 68 nec
904 1778 348 68 proprie
1125 1778 158 68 in¬-

241 1855 327 69 haeret,
479 1855 238 69 quia
628 1855 208 69 non
747 1855 178 69 se
836 1855 357 69 applicat
1074 1855 208 69 obje¬-

245 1931 224 69 cto,
385 1931 196 69 sed
497 1931 252 69 quasi
664 1931 363 69 infigitur
944 1931 168 69 vi
1000 1931 279 69 objecti,

243 2008 259 70 quia
405 2008 227 70 non
534 2008 292 70 ducit
729 2008 227 70 se,
859 2008 227 70 sed
956 2008 324 70 ducitur,

239 2086 446 57 secundum
573 2086 520 57 Damascenum
982 2086 297 57 lib.
1130 2086 149 57 2.

249 2170 206 59 cap.
352 2170 129 59 24.

303 2236 190 68 Et
398 2236 190 68 in
494 2236 349 68 secundo
747 2236 317 68 dictam
969 2236 159 68 *
1001 2236 285 68 parabo¬-

246 2315 214 67 lam
369 2315 183 67 de
460 2315 459 67 quietatione
827 2315 397 67 corporum,
1103 2315 183 67 pos¬-

247 2388 207 71 set
366 2388 237 71 dici
514 2388 237 71 quod
662 2388 385 71 appetitus
929 2388 355 71 sensitivus

243 2462 473 71 assimilatur
622 2462 284 71 ferro
812 2462 284 71 quasi
969 2462 316 71 adamanti

246 2539 280 63 infixo
442 2539 168 63 vi
526 2539 364 63 adamantis
807 2539 364 63 attracto,
1087 2539 168 63 et
1143 2539 140 63 sic

239 2616 222 63 nec
366 2616 191 63 in
462 2616 318 63 centro
684 2616 381 63 mediate,
970 2616 222 63 nec
1065 2616 222 63 imme¬-

241 2691 261 72 diate
415 2691 406 72 quietatur,
734 2691 203 72 nec
850 2691 174 72 in
937 2691 290 72 aliquo
1111 2691 174 72 alio

241 2766 165 72 vi
324 2766 220 72 illa
462 2766 220 72 quae
599 2766 248 72 esset
765 2766 386 72 quietativa
1068 2766 165 72 in
1123 2766 165 72 cen¬-

242 2842 226 68 tro,
383 2842 198 68 vel
496 2842 396 68 intrinseca
807 2842 396 68 quietativa
1090 2842 198 68 quasi

240 2919 203 67 in
342 2919 372 67 centro,
612 2919 237 67 sed
747 2919 338 67 tantum
984 2919 304 67 quasi
1153 2919 135 67 vi

247 2995 405 68 extrinseci
565 2995 434 68 quietantis;
913 2995 203 68 ita
1029 2995 232 68 hic,
1144 2995 145 68 vis

254 3072 316 68 objecti
484 3072 345 68 quietat,
743 3072 201 68 non
858 3072 259 68 autem
1031 3072 230 68 illa
1146 3072 144 68 in¬-

248 3148 367 67 trinseca
524 3148 428 67 quietativa
861 3148 184 67 in
952 3148 306 67 centro
1136 3148 153 67 vel

254 3224 246 69 quasi
417 3224 164 69 in
499 3224 300 69 centro,
718 3224 218 69 quae
854 3224 191 69 est
963 3224 218 69 sola
1073 3224 218 69 liber¬-

251 3300 220 69 tas
376 3300 252 69 quae
534 3300 409 69 appetitui
848 3300 409 69 sensitivo
1132 3300 157 69 non

233 3383 321 49 convenit.

315 3453 201 70 (b)
430 3453 173 70 Ex
517 3453 201 70 his
632 3453 259 70 patet
804 3453 173 70 ad
890 3453 316 70 ultimam
1092 3453 201 70 quae¬-

257 3529 365 69 stionem,
530 3529 243 69 quia
683 3529 183 69 si
774 3529 183 69 ab
865 3529 365 69 appetitu
1108 3529 183 69 sen¬-

255 3606 314 70 sitivo
474 3606 345 70 negetur
726 3606 251 70 frui
883 3606 377 70 proprie,
1134 3606 157 70 qui

1314 335 292 72 tamen
1508 335 292 72 magis
1703 335 390 72 convenit
1996 335 227 72 cum
2093 335 260 72 volun¬-

1313 413 276 71 tate,
1497 413 276 71 cujus
1681 413 337 71 proprie
1927 413 215 71 est
2049 413 245 71 frui
2172 413 184 71 quam

1317 489 376 70 appetitus
1606 489 405 70 naturalis,
1925 489 232 70 quia
2070 489 260 70 actus
2214 489 145 70 ap¬-

1316 565 348 70 petitus
1569 565 411 70 sensitivi
1885 565 379 70 sequitur
2138 565 221 70 actum

1318 639 451 70 cognoscendi,
1684 639 254 70 sicut
1853 639 254 70 actus
1994 639 366 70 voluntatis;

1319 716 214 68 non
1442 716 214 68 sic
1564 716 275 68 autem
1748 716 275 68 actus
1932 716 398 68 appetitus
2207 716 153 68 na¬-

1322 792 337 69 turalis,
1575 792 169 69 si
1659 792 225 69 quis
1800 792 197 69 sit
1912 792 253 69 actus
2081 792 253 69 ejus,
2221 792 141 69 se¬-

1322 865 306 69 quitur
1536 865 245 69 quod
1689 865 336 69 habenti
1934 865 275 69 solum
2087 865 275 69 appeti¬-

1318 940 228 58 tum
1449 940 424 58 naturalem
1775 940 228 58 non
1905 940 391 58 convenit
2166 940 196 58 frui

1322 1017 355 68 proprie,
1589 1017 207 68 imo
1707 1017 207 68 nec
1826 1017 207 68 sic
1944 1017 326 68 abusive
2152 1017 207 68 sicut

1323 1094 346 67 competit
1583 1094 375 67 appetitui
1842 1094 346 67 sensitivo.

1571 1214 478 44 COMMENTARIUS.

1377 1339 191 60 (a)
1486 1339 164 60 Ad
1568 1339 410 60 quaestionem
1896 1339 410 60 penultimam.
2197 1339 164 60 Nota

1329 1414 201 61 quid
1455 1414 176 61 sit
1555 1414 327 61 inhaerere
1807 1414 302 61 negative
2033 1414 151 61 et
2109 1414 201 61 quid
2209 1414 151 61 con¬-

1330 1491 263 60 trarie.
1522 1491 311 60 Inhaerere
1761 1491 287 60 negative
1977 1491 240 60 alicui
2120 1491 240 60 objecto,

1329 1567 216 48 nihil
1473 1567 216 48 aliud
1617 1567 168 48 est
1713 1567 192 48 nisi
1833 1567 168 48 non
1930 1567 360 48 considerare
2194 1567 168 48 illud

1331 1642 313 61 objectum,
1571 1642 168 61 nec
1668 1642 144 61 ut
1740 1642 337 61 referibile
2004 1642 265 61 alteri,
2197 1642 168 61 nec
2269 1642 96 61 ut

1328 1719 431 55 irreferibile,
1682 1719 177 55 sed
1784 1719 253 55 tantum
1961 1719 304 55 absolute
2163 1719 203 55 adhae¬-

1329 1795 188 60 rere
1447 1795 212 60 illi,
1588 1795 141 60 id
1659 1795 188 60 est,
1777 1795 165 60 nec
1871 1795 235 60 amando
2036 1795 212 60 illud
2153 1795 212 60 propter

1330 1868 172 60 se,
1429 1868 246 60 supple
1601 1868 369 60 appretiando
1896 1868 221 60 illud
2043 1868 197 60 esse
2142 1868 221 60 amabile

1330 1943 271 59 propter
1527 1943 172 59 se,
1626 1943 148 59 et
1700 1943 197 59 actu
1823 1943 172 59 non
1921 1943 271 59 referre
2118 1943 148 59 ad
2167 1943 197 59 aliud;

1331 2018 177 59 nec
1432 2018 227 59 etiam
1583 2018 253 59 amando
1760 2018 278 59 propter
1962 2018 253 59 aliud,
2114 2018 253 59 scilicet

1330 2094 328 56 referendo
1582 2094 151 56 ad
1658 2094 252 56 aliud,
1834 2094 177 56 sed
1935 2094 252 56 tantum
2112 2094 177 56 est
2187 2094 177 56 amare

1332 2170 215 49 illud
1476 2170 287 49 absolute
1691 2170 215 49 istis
1835 2170 407 49 conditionibus
2146 2170 215 49 circum¬-

1335 2247 304 58 scriptis.
1569 2247 164 58 Sed
1662 2247 304 58 contrarie
1896 2247 304 58 inhaerere
2130 2247 164 58 est
2200 2247 164 58 amare

1333 2322 284 60 propter
1540 2322 155 60 se
1617 2322 284 60 aliquod
1823 2322 335 60 objectum,
2055 2322 310 60 appretian¬-

1333 2398 159 59 do
1413 2398 239 59 ipsum
1572 2398 212 59 esse
1705 2398 292 59 amabile
1917 2398 292 59 propter
2129 2398 186 59 se.
2209 2398 159 59 Ista

1335 2475 207 60 enim
1464 2475 465 60 contrariantur,
1852 2475 310 60 scilicet
2058 2475 310 60 appretiare

1335 2550 317 61 objectum
1572 2550 291 61 propter
1784 2550 159 61 se
1863 2550 159 61 et
1942 2550 370 61 appretiare
2206 2550 159 61 pro¬-

1335 2625 207 60 pter
1465 2625 259 60 aliud;
1646 2625 233 60 amare
1802 2625 207 60 ergo
1931 2625 311 60 objectum
2139 2625 233 60 propter

1336 2702 148 59 se
1410 2702 321 59 contrarie
1657 2702 173 59 est
1756 2702 346 59 appretiare
2027 2702 222 59 illud
2151 2702 222 59 propter

1334 2777 196 55 se,
1446 2777 168 55 et
1530 2777 252 55 nullo
1698 2777 224 55 modo
1838 2777 224 55 esse
1979 2777 392 55 referibile
2259 2777 112 55 ad

1333 2851 297 51 aliud.
1541 2851 238 51 Isto
1690 2851 327 51 secundo
1927 2851 238 51 modo
2076 2851 267 51 bruta
2224 2851 149 51 non

1338 2927 278 60 possunt
1540 2927 227 60 frui,
1692 2927 227 60 licet
1843 2927 227 60 forte
1995 2927 227 60 primo
2147 2927 227 60 modo.
2273 2927 101 60 Et

1339 3002 207 61 quod
1468 3002 181 61 non
1572 3002 285 61 possint
1779 3002 207 61 vere
1908 3002 233 61 frui,
2064 3002 233 61 patet
2193 3002 181 61 etiam

1339 3077 207 59 quia
1469 3077 233 59 amore
1624 3077 181 59 non
1728 3077 363 59 inhaerent,
2012 3077 207 59 quia
2142 3077 181 59 non
2220 3077 155 59 pro¬-

1339 3153 206 59 prie
1468 3153 258 59 amant,
1649 3153 310 59 loquendo
1881 3153 155 59 de
1958 3153 258 59 amore,
2139 3153 181 59 qui
2216 3153 155 59 vere

1342 3228 176 59 est
1443 3228 227 59 actus
1594 3228 302 59 elicitus
1820 3228 252 59 libere
1996 3228 352 59 productus.
2248 3228 126 59 Nec

1341 3304 306 60 similiter
1577 3304 259 60 proprie
1765 3304 329 60 inhaerent,
2023 3304 188 60 quia
2117 3304 259 60 inhaerere

1340 3379 270 61 proprie
1537 3379 270 61 objecto
1734 3379 295 61 fruibili
1955 3379 172 61 est
2053 3379 148 61 vi
2103 3379 270 61 potentiae

1343 3455 384 60 inhaerentis,
1655 3455 144 60 id
1727 3455 192 60 est,
1847 3455 192 60 illa
1966 3455 288 60 potentia
2158 3455 216 60 proprie

1342 3529 287 61 inhaeret
1558 3529 263 61 objecto
1749 3529 311 61 fruibili,
1989 3529 192 61 quae
2109 3529 144 61 vi
2180 3529 168 61 sua
2252 3529 120 61 li¬-

1339 3606 203 62 bere
1465 3606 253 62 elicit
1643 3606 228 62 actum
1795 3606 177 62 quo
1896 3606 304 62 attingit
2098 3606 279 62 objectum,
