2740 3979
368 310 267 60 ditati,
562 310 194 60 quia
683 310 218 60 habet
828 310 145 60 in
901 310 267 60 virtute
1095 310 170 60 sua
1168 310 218 60 validi¬-

365 388 233 58 tatem,
528 388 163 58 quo
621 388 326 58 formaliter
876 388 279 58 repugnat
1062 388 326 58 frigiditati.

358 463 163 57 Ex
439 463 190 57 his
548 463 244 57 patet
711 463 380 57 argumentum
1009 463 326 57 Doctoris
1253 463 136 57 :
1280 463 109 57 Si

359 538 244 48 datur
522 538 352 48 infinitum
793 538 244 48 bonum
955 538 163 48 in
1037 538 352 48 universo,
1281 538 108 48 de

361 614 376 51 necessitate
662 614 326 51 'destruet
913 614 251 51 omnem,
1088 614 150 51 et
1163 614 176 51 hoc
1239 614 150 51 for¬-

358 691 318 55 maliter,
596 691 159 55 si
675 691 238 55 ipsum
834 691 318 55 repugnat
1072 691 212 55 malo
1178 691 212 55 forma¬-

360 766 221 52 liter
508 766 172 52 vel
606 766 245 52 saltem
778 766 393 52 virtualiter,
1097 766 147 52 ut
1170 766 221 52 patet
1293 766 98 52 in

362 847 298 51 exemplo
579 847 163 51 de
633 847 190 51 Sole.

410 921 443 54 Argumentum
759 921 380 54 secundum
1044 921 190 54 de
1107 921 285 54 corpore

365 998 312 50 infinito,
605 998 240 50 clarum
773 998 192 50 est.
894 998 192 50 Item
990 998 240 50 tertium.

668 1183 338 50 QILESTIO
893 1183 141 50 II.

359 1301 156 59 An
437 1301 286 59 aliquod
645 1301 364 59 infinitum,
930 1301 208 59 sive
1060 1301 156 59 an
1138 1301 208 59 Deum
1242 1301 156 59 esse

651 1377 183 58 sil
756 1377 183 58 per
860 1377 157 58 se
939 1377 236 58 notum
1070 1377 79 58 ?

341 2061 177 61 i.
429 2061 235 61 Quod
576 2061 206 61 sic
694 2061 265 61 probo
870 2061 147 61 :
929 2061 412 61 Damascenus
1223 2061 177 61 lib.

350 2126 121 80 p.
410 2126 201 80 iTq°2!
551 2126 121 80 1-
611 2126 161 80 cap.
712 2126 121 80 1.
772 2126 121 80 et
833 2126 121 80 2,
893 2126 161 80 Ejus
994 2126 161 80 quod
1094 2126 141 80 est
1175 2126 161 80 Deus
1255 2126 141 80 esse,

349 2215 231 63 cfccham
517 2215 252 63 cognitio
706 2215 231 63 omnibus
874 2215 147 63 est
958 2215 315 63 naturaliter
1189 2215 210 63 inserta;

360 2291 221 62 sed
486 2291 284 62 illud
675 2291 221 62 est
801 2291 221 62 per
927 2291 189 62 se
1021 2291 284 62 notum
1179 2291 221 62 cujus

344 2367 232 55 comM.
499 2367 283 55 notitia
705 2367 283 55 omnibus
911 2367 283 55 inserta
1117 2367 206 55 est,
1220 2367 180 55 sicut

368 2446 251 60 patet
535 2446 167 60 ex
619 2446 167 60 2.
703 2446 307 60 Metaph.
926 2446 223 60 quod
1065 2446 251 60 prima
1205 2446 195 60 prin¬-

370 2522 281 60 cipia
557 2522 219 60 qum
682 2522 250 60 sunt
838 2522 281 60 quasi
1025 2522 312 60 janua,
1213 2522 187 60 sunt

367 2597 212 59 per
488 2597 182 59 se
579 2597 272 59 nota;
760 2597 272 59 ergo,
911 2597 182 59 etc.

344 2669 206 61 Arg.
473 2669 154 61 2.
550 2669 360 61 Praeterea,
833 2669 231 61 illud
987 2669 180 61 quo
1090 2669 231 61 nihil
1218 2669 180 61 majus

364 2744 377 61 cogitari
646 2744 314 61 potest
866 2744 282 61 esse,
1054 2744 220 61 est
1179 2744 220 61 per
1274 2744 126 61 se

363 2824 292 61 notum
557 2824 162 61 :
622 2824 259 61 Deus
784 2824 292 61 autem
979 2824 227 61 est
1076 2824 324 61 hujusmo¬-

365 2899 207 54 di,
484 2899 354 54 secundum
749 2899 384 54 Anselmum,
1045 2899 325 54 Prosol.
1251 2899 148 54 se¬-

363 2974 296 61 cundo;
571 2974 267 61 illud
748 2974 267 61 autem
926 2974 207 61 non
1045 2974 207 61 est
1133 2974 267 61 aliquod

358 3053 403 58 finitum,
661 3053 269 58 ergo
829 3053 470 58 infinitum.
1165 3053 235 58 Prima

361 3129 410 60 probatur,
676 3129 252 60 quia
833 3129 410 60 oppositum
1117 3129 284 60 praedi¬-

361 3204 260 61 cati
523 3204 390 61 repugnat
815 3204 422 61 subjecto;
1140 3204 195 61 si
1205 3204 195 61 enim

360 3280 221 61 non
487 3280 221 61 est
613 3280 189 61 in
707 3280 221 61 re,
833 3280 221 61 non
960 3280 221 61 est
1086 3280 221 61 quo
1180 3280 221 61 majus

364 3356 356 61 cogitari
631 3356 208 61 non
750 3356 326 61 potest,
988 3356 237 61 quia
1136 3356 178 61 si
1195 3356 208 61 esset

366 3431 201 61 in
466 3431 234 61 re,
600 3431 301 61 majus
801 3431 301 61 esset
1001 3431 268 61 quam
1169 3431 201 61 si
1236 3431 167 61 non

369 3508 274 53 esset
551 3508 183 53 in
642 3508 213 53 re,
764 3508 213 53 sed
886 3508 304 53 tantum
1099 3508 183 53 in
1160 3508 243 53 intel¬

349 3582 208 47 lectu.

1499 306 201 57 Item
1625 306 327 57 veritatem
1876 306 226 57 esse,
2027 306 176 57 est
2127 306 176 57 per
2228 306 151 57 se
2303 306 201 57 Arg.
2403 306 101 57 3.

1440 387 218 49 notum
1585 387 121 49 :
1633 387 193 49 Deus
1754 387 218 49 autem
1899 387 169 49 est
1996 387 266 49 veritas
2190 387 121 49 ;
2238 387 193 49 ergo
2335 387 169 49 joan.

1431 458 253 61 Deum
1589 458 253 61 esse
1747 458 221 61 est
1873 458 221 61 per
2000 458 189 61 se
2094 458 316 61 notum.
2284 458 189 61 Pro¬-

1433 533 292 61 batio
1627 533 389 61 majoris,
1919 533 259 61 quia
2081 533 389 61 sequitur
2340 533 130 61 ex

1436 606 214 64 suo
1559 606 397 64 opposito.
1864 606 183 64 Si
1955 606 244 64 enim
2108 606 275 64 nulla
2260 606 214 64 veri¬-

1433 684 227 61 tas
1562 684 227 61 est
1692 684 162 61 ;
1757 684 260 61 ergo
1920 684 292 61 verum
2115 684 227 61 est
2212 684 260 61 nullam

1435 761 386 59 veritatem
1732 761 267 59 esse,
1910 761 237 59 ergo
2059 761 356 59 veritas,
2296 761 178 59 etc.

1504 837 214 63 Item,
1647 837 405 63 propositiones
1980 837 286 63 habentes
2195 837 167 63 ne-
2290 837 214 63 A,,&-
2409 837 95 63 4-

1438 915 441 58 cessitatem
1784 915 378 58 secundum
2068 915 252 58 quid
2225 915 189 58 ex
2288 915 189 58 ter¬-

1441 990 274 50 minis
1623 990 427 50 habentibus
1959 990 396 50 entitatem
2233 990 244 50 secun¬-

1440 1065 208 62 dum
1559 1065 267 62 quid,
1737 1065 237 62 sunt
1885 1065 208 62 per
2004 1065 178 62 se
2093 1065 296 62 notae,
2270 1065 208 62 sicut

1439 1143 284 62 prima
1628 1143 410 62 principia
1943 1143 252 62 quae
2100 1143 252 62 sunt
2258 1143 221 62 per
2352 1143 126 62 se

1439 1219 252 50 nota
1597 1219 189 50 ex
1692 1219 378 50 terminis
1976 1219 441 50 habentibus
2291 1219 189 50 esse

1442 1294 194 61 in
1539 1294 486 61 intellectu;
1927 1294 259 61 ergo
2089 1294 291 61 multo
2251 1294 227 61 magis

1443 1370 225 62 erit
1583 1370 225 62 illa
1724 1370 197 62 per
1836 1370 169 62 se
1920 1370 225 62 nota
2061 1370 225 62 quae
2201 1370 253 62 habet
2342 1370 140 62 ne¬-

1442 1445 415 60 cessitatem
1768 1445 178 60 ex
1857 1445 356 60 terminis
2095 1445 385 60 simpliciter

1442 1523 462 60 necessariis,
1817 1523 289 60 qualis
2019 1523 202 60 est
2135 1523 231 60 ista
2279 1523 144 60 :
2308 1523 173 60 Deus

1442 1598 244 62 est.
1595 1598 397 62 Assumptum
1900 1598 305 62 patet,
2114 1598 244 62 quia
2236 1598 244 62 neces¬-

1440 1675 302 61 sitas
1642 1675 402 61 primorum
1943 1675 537 61 principiorum
2346 1675 134 61 et

1442 1753 504 56 noscibilitas
1851 1753 315 56 eorum,
2072 1753 221 56 non
2198 1753 221 56 est
2292 1753 189 56 pro¬-

1440 1826 268 64 pter
1608 1826 503 64 existentiam
2011 1826 469 64 terminorum
2346 1826 134 64 in

1443 1902 227 61 re,
1572 1902 227 61 sed
1702 1902 325 61 tantum
1929 1902 357 61 propter
2156 1902 325 61 connexi¬-

1447 1979 259 53 onem
1608 1979 485 53 extremorum,
1996 1979 194 53 ut
2093 1979 259 53 sunt
2255 1979 194 53 in
2319 1979 162 53 in¬-

1447 2056 338 60 tellectu
1672 2056 394 60 concipiente.

1507 2134 314 56 Contra,
1735 2134 200 56 per
1849 2134 171 56 se
1934 2134 257 56 notum
2105 2134 200 56 non
2219 2134 285 56 potest
2390 2134 114 56 2.

1455 2214 126 79 ab
1518 2214 210 79 aliquo
1665 2214 231 79 negari,
1833 2214 168 79 sed:
1938 2214 189 79 Dixit
2063 2214 273 79 insipiens
2252 2214 252 79 p°p^osiJ-3

1443 2289 187 45 in
1536 2289 281 45 corde
1724 2289 218 45 suo
1849 2289 218 45 non
1973 2289 218 45 est
2098 2289 281 45 Deus.
2286 2289 187 45 et
2348 2289 156 45 52.

1507 2362 243 58 Item
1659 2362 365 58 Avicenna
1932 2362 182 58 1.
2023 2362 395 58 Metaphys.
2297 2362 182 58 Deum

1449 2440 206 57 esse
1578 2440 180 57 non
1681 2440 180 57 est
1784 2440 180 57 per
1887 2440 155 57 se
1965 2440 258 57 notum,
2145 2440 180 57 nec
2222 2440 258 57 despera¬-

1452 2519 172 55 tum
1526 2519 270 55 cognosci.

1708 2683 475 41 COMMENTARIUS.

1494 2826 306 61 Primum
1709 2826 428 61 argumentum
2045 2826 306 61 clarum
2259 2826 245 61 est.
2382 2826 122 61 *•

1500 2912 328 54 Secundum
1746 2912 382 54 argumentum
2046 2912 137 54 :
2101 2912 246 54 Illud
2264 2912 191 54 quo
2346 2912 137 54 ma¬-

1444 2989 165 52 jus
1539 2989 282 52 cogitari
1750 2989 165 52 non
1845 2989 259 52 potest,
2033 2989 165 52 est
2127 2989 165 52 per
2221 2989 141 52 se
2292 2989 212 52 notum
2409 2989 71 52 ;

1448 3062 213 54 Deus
1581 3062 186 54 est
1688 3062 160 54 id
1768 3062 186 54 quo
1874 3062 239 54 majus
2034 3062 319 54 cogitari
2273 3062 186 54 non
2353 3062 133 54 po¬-

1453 3137 207 55 test,
1591 3137 207 55 illud
1729 3137 207 55 autem
1867 3137 161 55 est
1959 3137 322 55 infinitum.
2211 3137 230 55 Patet,
2349 3137 138 55 quia

1451 3213 151 54 si
1526 3213 227 54 esset
1678 3213 303 54 finitum,
1905 3213 227 54 majus
2056 3213 303 54 cogitari
2258 3213 227 54 posset,

1452 3288 197 54 quia
1576 3288 320 54 infinitum
1822 3288 172 54 est
1920 3288 222 54 majus
2068 3288 123 54 ;
2117 3288 197 54 ergo
2241 3288 197 54 Deum
2339 3288 148 54 esse

1450 3365 363 49 infinitum,
1735 3365 182 49 est
1839 3365 182 49 per
1943 3365 156 49 se
2021 3365 259 49 notum.
2203 3365 156 49 Si
2254 3365 234 49 dicatur

1452 3440 206 53 quod
1581 3440 206 53 Deum
1710 3440 206 53 esse
1839 3440 361 53 infinitum,
2123 3440 181 53 est
2226 3440 258 53 tantum
2381 3440 103 53 in

1452 3518 343 50 intellectu
1722 3518 196 50 sive
1845 3518 147 50 in
1918 3518 392 50 cogitatione,
2237 3518 147 50 et
2310 3518 172 50 non
2384 3518 98 50 in

1451 3592 172 60 re.
1550 3592 270 60 Contra,
1746 3592 196 60 quia
1868 3592 196 60 tunc
1991 3592 172 60 non
2089 3592 221 60 esset
2236 3592 221 60 majus
2358 3592 123 60 quo
