2653 3979
356 421 297 55 Responsio,
589 421 276 55 qualitas.
801 421 170 55 Dico
907 421 212 55 primo,
1056 421 170 55 quod
1162 421 254 55 loquendo
1331 421 85 55 de

384 497 328 53 intellectu
641 497 140 53 ut
711 497 164 53 est
805 497 281 53 potentia
1015 497 257 53 naturae
1179 497 234 53 intelle¬-

388 574 287 52 ctualis,
603 574 334 52 substantia
866 574 167 52 non
961 574 358 52 praedicatur
1248 574 167 52 per
1319 574 96 52 se

384 651 221 52 primo
532 651 196 52 modo
655 651 147 52 de
728 651 221 52 illo,
876 651 196 52 quia
998 651 172 52 non
1097 651 172 52 est
1195 651 147 52 in
1244 651 172 52 recta

383 724 216 56 linea
527 724 456 56 praedicamenlali
912 724 168 56 (ut
1008 724 240 56 patet)
1176 724 144 56 et
1224 724 192 56 tantum

383 801 192 55 illa
503 801 192 55 quae
623 801 192 55 sunt
743 801 144 55 in
815 801 216 55 recta
960 801 216 55 linea
1080 801 336 55 praedicamen-

388 881 183 53 tali
503 881 298 53 recipiunt
732 881 412 53 praedicationem
1075 881 321 53 praedicati
1304 881 115 53 per

383 959 181 51 se,
487 959 207 51 alia
616 959 207 51 vero
745 959 207 51 non;
875 959 181 51 non
978 959 207 51 enim
1108 959 233 51 genus
1237 959 181 51 prae¬-

384 1028 270 53 dicatur
581 1028 172 53 per
679 1028 196 53 sede
802 1028 393 53 differentia,
1121 1028 147 53 ut
1194 1028 221 53 patet
1317 1028 98 53 7.

379 1102 294 53 Metaph.
593 1102 294 53 Secundo
806 1102 240 53 dico,
966 1102 213 53 quod
1100 1102 267 53 posito
1260 1102 160 53 quod

383 1179 177 53 sit
484 1179 380 53 praedicatio
788 1179 177 53 per
889 1179 152 53 se
965 1179 228 53 primo
1117 1179 228 53 modo,
1244 1179 177 53 adhuc

382 1254 233 53 esset
538 1254 181 53 per
641 1254 156 53 se
719 1254 207 53 nota
849 1254 389 53 intellectui
1134 1254 285 53 distincte

382 1330 362 53 concipienti
672 1330 314 53 terminos,
913 1330 145 53 et
985 1330 145 53 si
1058 1330 314 53 sapientes
1275 1330 145 53 pos¬-

378 1406 203 51 sent
504 1406 330 51 distincte
758 1406 330 51 concipere
1011 1406 304 51 terminos
1214 1406 203 51 illos,

379 1482 211 42 nulla
519 1482 211 42 esset
659 1482 211 42 inter
800 1482 164 42 eos
870 1482 304 42 altercatio.

431 1557 217 54 Addit
576 1557 193 54 ipse
696 1557 289 54 Magister
913 1557 313 54 Gregorius
1154 1557 217 54 multa
1274 1557 145 54 alia

377 1633 471 51 inconvenientia,
774 1633 322 51 videlicet
1022 1633 198 51 quod
1146 1633 198 51 haec
1245 1633 174 51 esset

379 1709 165 55 per
474 1709 142 55 se
545 1709 189 55 nota
663 1709 118 55 :
710 1709 189 55 Rosa
828 1709 165 55 est
922 1709 212 55 flos,
1064 1709 236 55 albedo
1229 1709 165 55 est
1300 1709 118 55 co¬-

377 1785 198 51 lor,
501 1785 149 51 et
575 1785 149 51 si
650 1785 198 51 sic,
773 1785 198 51 tunc
897 1785 248 51 caecus
1070 1785 272 51 haberet
1244 1785 173 51 illam

376 1860 178 53 per
477 1860 153 53 se
554 1860 254 53 notam.
732 1860 178 53 Sed
833 1860 153 53 ex
910 1860 254 53 dictis
1087 1860 254 53 supra,
1240 1860 178 53 patet

375 1936 220 54 quod
512 1936 220 54 ista
649 1936 192 54 non
759 1936 412 54 concludunt,
1088 1936 220 54 quia
1198 1936 220 54 semper

376 2012 222 54 dicam
524 2012 197 54 quod
648 2012 148 54 si
722 2012 321 54 distincte
969 2012 420 54 conciperentur
1290 2012 123 54 ta¬-

374 2087 166 51 les
469 2087 285 51 termini,
683 2087 213 51 tales
825 2087 403 51 propositiones
1157 2087 237 51 essent
1299 2087 119 51 per

377 2164 145 49 se
449 2164 218 49 notae
595 2164 363 49 intellectui
885 2164 314 49 distincte
1103 2164 314 49 concipienti

352 2243 268 38 terminos.

353 2314 169 51 13.
449 2314 266 51 Secundo
643 2314 435 51 principaliter.
1005 2314 241 51 Aliqui
1149 2314 266 51 sequentes

356 2368 296 75 FiaIdeSCUS
589 2368 254 75 vestigia
779 2368 254 75 Doctoris
970 2368 254 75 Subtilis
1160 2368 212 75 dicunt
1287 2368 127 75 quod

355 2450 242 64 Mayroms
531 2450 309 64 exjstentia
774 2450 154 64 non
862 2450 154 64 est
950 2450 132 64 de
1016 2450 265 64 essentia
1215 2450 176 64 Dei,
1303 2450 110 64 sed

357 2529 304 85 i6.q^>r°i°-
600 2529 203 85 tantum
742 2529 142 85 est
823 2529 203 85 gradus
964 2529 304 85 intrinsecus
1207 2529 122 85 et
1248 2529 162 85 moven-

356 2612 211 56 Barges
504 2612 127 56 i.
567 2612 148 56 tur
651 2612 169 56 tali
757 2612 190 56 medio
883 2612 106 56 :
926 2612 169 56 Quia
1031 2612 127 56 ex
1094 2612 148 56 quo
1158 2612 253 56 existentia

358 2692 115 43 d.
415 2692 115 43 2.
473 2692 115 43 q.
530 2692 115 43 2.
587 2692 134 43 est
664 2692 230 43 communis
836 2692 287 43 existentiae
1066 2692 249 43 increatae
1257 2692 115 43 et
1295 2692 115 43 exi-

355 2769 176 51 beta
465 2769 264 51 stentiae
663 2769 264 51 creatae,
861 2769 264 51 sequitur
1059 2769 176 51 quod
1147 2769 264 51 existentia

355 2845 179 51 iit.
466 2845 224 51 creata
623 2845 134 51 et
690 2845 268 51 increata
892 2845 179 51 sunt
1003 2845 246 51 ejusdem
1160 2845 246 51 rationis;

353 2921 144 50 et
425 2921 144 50 si
497 2921 192 50 sic,
617 2921 168 50 cum
712 2921 335 50 existentia
976 2921 240 50 creata
1144 2921 168 50 non
1239 2921 168 50 sit
1311 2921 96 50 de

358 2976 267 70 identitate
567 2976 228 70 essentia
739 2976 267 70 creaturae,
948 2976 133 70 sed
1024 2976 190 70 gradus
1138 2976 267 70 intrinsecus,

358 3061 191 61 natura
491 3061 153 61 rei.
587 3061 229 61 sequitur
758 3061 153 61 quod
854 3061 420 61 existentiaincreata
1216 3061 153 61 erit
1293 3061 114 61 tan-

365 3145 322 55 tumgradus
613 3145 793 55 intrinsecus.Confirmatur,quia
1307 3145 99 55 ex

362 3225 166 53 quo
457 3225 308 53 sapientia
694 3225 237 53 creata
859 3225 142 53 et
931 3225 284 53 increata
1144 3225 189 53 sunt
1238 3225 166 53 ejus¬-

358 3298 182 50 dem
462 3298 339 50 ralionis,
723 3298 182 50 cum
827 3298 365 50 conveniant
1113 3298 156 50 in
1192 3298 208 50 quid
1296 3298 104 50 in

354 3376 359 52 sapientia
630 3376 386 52 communiter
934 3376 304 52 sumpta,
1127 3376 276 52 sequitur

357 3450 190 53 quod
476 3450 142 53 si
547 3450 308 53 sapientia
784 3450 237 53 creata
950 3450 166 53 non
1045 3450 166 53 est
1139 3450 142 53 de
1187 3450 213 53 quiddi-

356 3527 189 53 tate
475 3527 284 53 alicujus
687 3527 378 53 substantiae,
994 3527 165 53 nec
1089 3527 213 53 etiam
1207 3527 189 53 gradus

354 3602 378 48 intrinsecus,
661 3602 165 48 sed
756 3602 189 48 sibi
874 3602 330 48 adventitia
1133 3602 142 48 et
1181 3602 212 48 increa¬-

362 3682 126 40 ta
404 3682 253 40 similiter.

1515 422 231 51 Dico
1659 422 288 51 primo,
1861 422 231 51 quod
2005 422 202 51 ubi
2120 422 317 51 habetur
2322 422 173 51 mens

1466 499 294 50 Docloris
1687 499 172 50 per
1785 499 221 50 verba
1932 499 270 50 ipsius-
2128 499 294 50 expressa
2349 499 147 50 et
2398 499 98 50 in

1464 574 309 52 pluribus
1696 574 258 52 locis,
1877 574 180 52 non
1980 574 232 52 debet
2134 574 361 52 retorqueri
2392 574 103 52 in

1465 649 222 51 aliud
1613 649 197 51 quod
1736 649 296 51 expresse
1958 649 172 51 non
2032 649 197 51 dicit.

1521 725 259 51 Secundo
1710 725 212 51 dico,
1851 725 188 51 quod
1969 725 165 51 nec
2063 725 212 51 ratio
2204 725 165 51 nec
2298 725 188 51 con-
2392 725 118 51 Not

1464 800 285 43 firmatio
1678 800 261 43 istorum
1868 800 333 43 concludunt
2130 800 238 43 contra
2296 800 166 43 Do-
2367 800 143 43 tate

1467 875 276 53 ctorem,
1668 875 176 53 nam
1768 875 251 53 aliqua
1944 875 201 53 esse
2070 875 276 53 ejusdem
2246 875 251 53 rationis

1466 948 252 54 potest
1642 948 352 54 dupliciter
1919 948 352 54 intelligi,
2196 948 176 54 aut
2271 948 227 54 ejusdem

1465 1026 302 52 rationis
1692 1026 353 52 specifice,
1969 1026 176 52 aut
2070 1026 277 52 ejusdem
2246 1026 252 52 rationis

1467 1101 517 43 transcendenter.
1902 1101 245 43 Primo
2065 1101 218 43 modo
2174 1101 326 43 conceditur

1468 1177 212 53 quod
1600 1177 159 53 si
1679 1177 212 53 unum
1812 1177 318 53 extremum
2050 1177 185 53 non
2156 1177 185 53 est
2262 1177 159 53 de
2315 1177 185 53 quid-

1471 1254 233 50 ditate
1634 1254 303 50 alicujus,
1866 1254 163 50 sic
1960 1254 396 50 similiter-nec
2262 1254 233 50 alterum;

1466 1330 185 52 sed
1571 1330 291 52 secundo
1783 1330 212 52 modo
1916 1330 318 52 negatur,
2154 1330 159 52 et
2233 1330 238 52 patet
2366 1330 132 52 in¬-

1467 1405 270 43 stantia
1664 1405 147 43 in
1737 1405 270 43 multis.
1934 1405 172 43 Nam
2032 1405 221 43 anima
2154 1405 344 43 intellectiva

1468 1481 154 53 et
1545 1481 283 53 Angelus
1751 1481 206 53 sunt
1880 1481 283 53 ejusdem
2086 1481 309 53 rationis
2292 1481 206 53 trans¬-

1468 1554 352 54 cendenter,
1744 1554 201 54 quia
1870 1554 352 54 conveniunt
2147 1554 151 54 in
2222 1554 201 54 ente
2323 1554 176 54 quid-

1470 1634 284 50 ditative;
1689 1634 131 50 ut
1754 1634 197 50 patet
1886 1634 109 50 a
1929 1634 241 50 Doctore
2104 1634 131 50 in
2170 1634 131 50 1.
2236 1634 131 50 d.
2301 1634 131 50 3.
2367 1634 131 50 et
2411 1634 87 50 8.

1466 1707 155 53 et
1544 1707 232 53 tamen
1698 1707 180 53 non
1801 1707 309 53 sequitur
2033 1707 206 53 quod
2162 1707 155 53 si
2239 1707 232 53 anima
2368 1707 129 53 po¬-

1463 1785 208 50 test
1593 1785 337 50 informare
1852 1785 337 50 materiam,
2112 1785 208 50 quod
2216 1785 285 50 similiter

1461 1861 335 53 Angelus,
1712 1861 168 53 ut
1796 1861 251 53 patet
1964 1861 140 53 a
2019 1861 307 53 Doctore
2243 1861 168 53 in
2299 1861 195 53 quol.

1467 1935 270 53 qusest.
1664 1935 148 53 9.
1738 1935 320 53 Similiter
1984 1935 344 53 substantia
2254 1935 246 53 divina
2402 1935 98 53 et

1462 2012 382 52 substantia
1762 2012 191 52 per
1871 2012 164 52 se
1953 2012 328 52 corporea
2171 2012 328 52 conveniunt

1467 2089 402 53 quidditative
1793 2089 151 53 in
1869 2089 351 53 substantia
2145 2089 176 53 non
2220 2089 276 53 generica,

1464 2163 172 54 sed
1563 2163 417 54 transcendenti
1906 2163 172 54 (ut
2004 2163 245 54 patere
2176 2163 245 54 potest
2348 2163 123 54 a
2372 2163 123 54 Do-

1466 2241 227 53 otore
1617 2241 151 53 in
1693 2241 151 53 1.
1768 2241 151 53 d.
1844 2241 176 53 8.)
1945 2241 151 53 et
2020 2241 227 53 tamen
2171 2241 176 53 non
2247 2241 252 53 sequitur

1462 2314 212 53 quod
1595 2314 159 53 si
1675 2314 372 53 substantia
1967 2314 186 53 per
2073 2314 159 53 se
2153 2314 319 53 corporea
2365 2314 133 53 sit

1463 2389 172 53 per
1562 2389 148 53 se
1636 2389 148 53 et
1709 2389 221 53 primo
1857 2389 344 53 composita,
2127 2389 197 53 quod
2226 2389 270 53 similiter

1463 2464 144 48 et
1535 2464 336 48 substantia
1799 2464 240 48 divina
1967 2464 120 48 ;
2014 2464 144 48 et
2086 2464 216 48 multa
2230 2464 192 48 alia
2326 2464 168 48 exem¬-

1460 2539 175 54 pla
1560 2539 275 54 possent
1760 2539 275 54 adduci.
1960 2539 175 54 Sic
2059 2539 200 54 dico
2184 2539 150 54 in
2234 2539 250 54 proposi¬-

1459 2616 186 53 to,
1566 2616 213 53 quod
1699 2616 266 53 posito
1885 2616 213 53 quod
2019 2616 373 53 existentia
2312 2616 186 53 Dei
2391 2616 107 53 et

1461 2694 345 50 existentia
1733 2694 321 50 creaturae
1979 2694 345 50 conveniant
2226 2694 271 50 quiddita¬-

1461 2769 192 42 tive
1581 2769 144 42 in
1653 2769 337 42 existentia
1918 2769 144 42 in
1990 2769 265 42 communi
2182 2769 144 42 et
2230 2769 265 42 transcen¬-

1458 2843 272 53 denti,
1648 2843 190 53 non
1757 2843 245 53 tamen
1920 2843 381 53 conveniunt
2219 2843 163 53 in
2273 2843 218 53 aliqua

1458 2919 345 51 existentia
1729 2919 271 51 habente
1926 2919 246 51 tantum
2099 2919 296 51 unitatem
2296 2919 197 51 speci¬

1433 2995 185 42 ficam.

1510 3058 182 102 Dico
1624 3058 250 102 tertio,
1806 3058 182 102 quod
1919 3058 227 102 aliqua
2078 3058 182 102 esse
2192 3058 250 102 ejusdem
2351 3058 159 102 Alic|

1458 3148 258 58 ralionis
1651 3148 215 58 potest
1801 3148 193 58 adhuc
1930 3148 301 58 dupliciter
2166 3148 301 58 intelligi,
2381 3148 129 58 ci.A

1455 3207 157 74 aut
1544 3207 180 74 quia
1657 3207 225 74 tantum
1814 3207 314 74 conveniunt
2061 3207 135 74 in
2128 3207 180 74 alio
2241 3207 180 74 con-
2330 3207 180 74 iapo°J

1451 3298 246 51 ceptu
1615 3298 328 51 communi,
1861 3298 191 51 aut
1970 3298 219 51 quia
2106 3298 383 51 conveniunt
2380 3298 109 51 in

1445 3372 284 50 aliqua
1644 3372 398 50 realitate.
1956 3372 256 50 Primo
2127 3372 227 50 modo
2269 3372 227 50 Deus
2382 3372 114 50 et

1447 3446 313 54 creatura
1682 3446 287 54 possunt
1890 3446 209 54 dici
2021 3446 287 54 ejusdem
2203 3446 287 54 rationis,

1443 3524 192 48 sed
1552 3524 192 48 non
1662 3524 302 48 secundo
1882 3524 247 48 modo,
2047 3524 192 48 imo
2156 3524 302 48 secundo
2349 3524 137 48 mo¬-

1444 3601 149 50 do
1519 3601 198 50 sunt
1642 3601 223 50 primo
1791 3601 297 50 diversa,
2014 3601 149 50 ut
2089 3601 223 50 patet
2237 3601 124 50 a
2262 3601 223 50 Doctore

1447 3678 131 41 in
1513 3678 131 41 1.
1578 3678 131 41 d.
1622 3678 87 41 8.
