2682 3979
327 294 344 65 Respondeo
591 294 159 65 ad
670 294 291 65 primum,
882 294 370 65 concedendo
1146 294 159 65 quod

270 370 271 66 cognito
468 370 197 66 ente
591 370 370 66 imperfecto,
887 370 222 66 habet
1010 370 296 66 desiderium

266 447 173 64 ad
353 447 462 64 cognoscendum
728 447 549 64 perfectissimum,
1162 447 144 64 non

269 521 218 64 tamen
414 521 291 64 sequitur
632 521 194 64 quod
754 521 170 64 sub
850 521 267 64 ratione
1020 521 291 64 perfectis¬-

270 596 228 64 sima,
422 596 203 64 nisi
549 596 228 64 prius
701 596 304 64 probetur
929 596 203 64 quod
1056 596 228 64 talis
1182 596 127 64 co¬-

274 671 241 64 gnitio
443 671 241 64 possit
611 671 313 64 convenire
852 671 265 64 homini,
1045 671 193 64 quod
1141 671 169 64 natu¬-

276 747 265 63 raliter
468 747 265 63 probari
661 747 168 63 non
757 747 265 63 potest.
949 747 289 63 Concesso
1142 747 168 63 etiam

276 826 197 63 quod
400 826 173 63 sit
498 826 148 63 ei
572 826 321 63 possibile
819 826 173 63 sic
917 826 296 63 appetere
1115 826 197 63 cogno¬-

278 903 212 60 scere
420 903 212 60 etiam
561 903 259 60 intuiti
749 903 141 60 ve
820 903 235 60 illud,
985 903 259 60 negatur
1149 903 165 60 tamen

280 979 197 62 quod
403 979 320 62 propterea
650 979 369 62 intellectus
945 979 172 62 per
1043 979 221 62 actum
1166 979 148 62 suum

283 1053 252 65 possit
459 1053 378 65 naturaliter
762 1053 378 65 cognoscere,
1064 1053 151 65 se
1114 1053 202 65 habere

279 1126 188 60 tale
397 1126 329 60 desiderium
656 1126 165 60 sub
750 1126 188 60 illa
868 1126 259 60 ratione
1056 1126 165 60 qua
1127 1126 188 60 incli¬-

281 1200 239 59 natur
440 1200 159 59 ad
519 1200 265 59 illud.
705 1200 159 59 Ad
784 1200 318 59 secundum
1023 1200 239 59 dico,
1155 1200 159 59 quod

280 1277 188 64 illa
398 1277 329 64 propositio
657 1277 165 64 non
751 1277 377 64 intelligitur
1057 1277 141 64 de
1104 1277 212 64 quacum¬-

276 1352 178 66 que
377 1352 381 66 cognitione,
682 1352 305 66 scilicet
911 1352 203 66 quod
1012 1352 305 66 inclinetur

277 1428 371 63 naturaliter
574 1428 148 63 ad
648 1428 371 63 cognitionem
920 1428 395 63 perfectissimam

274 1503 412 66 cujuscumque
603 1503 275 66 entis;
796 1503 165 66 et
878 1503 275 66 posito
1071 1503 220 66 quod
1181 1503 137 66 sic

278 1579 371 60 inclinetur,
575 1579 173 60 non
674 1579 223 60 tamen
822 1579 148 60 ad
897 1579 346 60 intuitivam
1144 1579 173 60 primi

281 1654 241 64 entis,
450 1654 193 64 nisi
571 1654 290 64 probetur
788 1654 217 64 illam
933 1654 193 64 esse
1029 1654 290 64 possibilem

280 1731 272 61 homini.
478 1731 247 61 Posito
651 1731 222 61 etiam
799 1731 197 61 quod
922 1731 173 61 sic
996 1731 321 61 inclinetur,

283 1808 181 63 non
387 1808 310 63 sequitur
619 1808 207 63 quod
749 1808 388 63 intellectus
1059 1808 181 63 per
1137 1808 181 63 actum

284 1881 198 64 suum
408 1881 247 64 possit
581 1881 371 64 naturaliter
877 1881 346 64 cognoscere
1149 1881 173 64 sic
1223 1881 99 64 se

285 1956 339 60 inclinari.
551 1956 170 60 Hoc
648 1956 194 60 idem
769 1956 194 60 dico
890 1956 145 60 ad
963 1956 218 60 illam
1084 1956 242 60 proposi¬-

287 2033 241 61 tionem
456 2033 314 61 Doctoris,
697 2033 289 61 scilicet
914 2033 193 61 quod
1010 2033 314 61 intellectus

285 2109 399 59 naturaliter
605 2109 372 59 inclinatur
897 2109 160 59 ad
977 2109 239 59 omnem
1110 2109 213 59 cogni¬-

287 2183 286 64 tionem,
495 2183 156 64 et
573 2183 338 64 quacumque
833 2183 390 64 naturaliter
1119 2183 208 64 perfi¬

277 2268 164 44 citur.

354 2348 232 60 Tertia
516 2348 348 60 difficultas
795 2348 163 60 est
888 2348 139 60 in
957 2348 186 60 hoc,
1074 2348 186 60 quod
1166 2348 163 60 vide¬-

295 2422 186 60 tur
401 2422 345 60 concedere
666 2422 398 60 respondendo
984 2422 159 60 ad
1037 2422 292 60 Averroem,

297 2498 197 61 quod
420 2498 148 61 si
494 2498 369 61 intellectus
790 2498 271 61 haberet
986 2498 172 61 ens
1060 2498 271 61 inquantum

296 2573 173 64 ens
395 2573 173 64 pro
494 2573 272 64 objecto
692 2573 346 64 adaequato,
963 2573 198 64 quod
1062 2573 272 64 naturali¬-

296 2649 169 62 ter
392 2649 241 62 posset
561 2649 145 62 in
634 2649 338 62 quodcumque
899 2649 193 62 ens,
1019 2649 145 62 et
1092 2649 169 62 sic
1164 2649 169 62 natu¬-

294 2725 278 62 raliter
496 2725 253 62 posset
673 2725 354 62 cognoscere
951 2725 278 62 ultimum
1128 2725 202 62 finem.

293 2800 149 60 Et
368 2800 149 60 in
442 2800 174 60 hoc
541 2800 273 60 videtur
740 2800 199 60 sibi
864 2800 422 60 contradicere,
1187 2800 149 60 quia

298 2878 222 61 dicit
447 2878 296 61 expresse
669 2878 198 61 quod
792 2878 371 61 intellectus
1064 2878 272 61 separatus

296 2952 173 61 non
395 2952 248 61 potest
569 2952 149 61 ex
643 2952 223 61 puris
791 2952 371 61 naturalibus
1064 2952 272 61 distincte

298 3028 356 60 cognoscere
577 3028 279 60 ultimum
780 3028 229 60 finem
933 3028 152 60 in
1009 3028 178 60 se,
1110 3028 152 60 ut
1161 3028 178 60 patet

298 3102 286 60 qucest.
506 3102 182 60 14.
610 3102 260 60 Quodl.
792 3102 156 60 et
871 3102 156 60 d.
949 3102 156 60 3.
1027 3102 156 60 q.
1105 3102 156 60 9.
1183 3102 156 60 2.
1235 3102 104 60 Et

299 3177 234 61 tamen
455 3177 312 61 concedit
689 3177 234 61 ipse,
845 3177 208 61 quod
975 3177 182 61 Ens
1053 3177 286 61 inquantum

303 3252 202 61 ens,
429 3252 177 61 est
530 3252 304 61 objectum
758 3252 354 61 adaequatum
1011 3252 329 61 intellectus

300 3326 279 56 nostri,
503 3326 152 56 et
579 3326 178 56 hoc
680 3326 152 56 ex
756 3326 254 56 natura
934 3326 406 56 intellectus,
1239 3326 102 56 ut

305 3402 198 60 patet
437 3402 198 60 infra
569 3402 198 60 dist.
701 3402 132 60 3.
767 3402 242 60 qucest.
943 3402 132 60 3.
1009 3402 132 60 et
1075 3402 198 60 dist.
1207 3402 132 60 1.
1251 3402 88 60 et

303 3478 259 60 alibi;
485 3478 207 60 ergo
614 3478 156 60 ex
692 3478 233 60 puris
847 3478 389 60 naturalibus
1133 3478 207 60 potest

306 3552 351 61 cognoscere
582 3552 201 61 Deum
707 3552 176 61 sub
808 3552 276 61 ratione
983 3552 276 61 Deitatis.

1417 289 293 62 Respondeo,
1647 289 167 62 quod
1751 289 167 62 ista
1856 289 188 62 stant
1981 289 209 62 simul,
2127 289 167 62 quod
2211 289 209 62 solutio,

1357 365 376 63 intellectus
1658 365 251 63 habeat
1833 365 176 63 ens
1934 365 326 63 inquantum
2184 365 176 63 ens
2260 365 125 63 pro

1355 438 264 62 objecto
1547 438 336 62 adaequato,
1811 438 144 62 et
1883 438 192 62 quod
2003 438 360 62 naturaliter
2267 438 120 62 non

1355 513 336 61 cognoscat
1614 513 336 61 quodlibet
1873 513 181 61 ens
1976 513 362 61 contentum,
2235 513 155 61 quia

1356 587 151 63 ad
1431 587 378 63 cognitionem
1734 587 277 63 objecti
1936 587 177 63 non
2037 587 252 63 tantum
2188 587 202 63 requi¬-

1360 663 216 62 ritur
1504 663 312 62 potentia,
1744 663 168 62 sed
1840 663 216 62 etiam
1984 663 336 62 requiritur
2224 663 168 62 prae¬-

1357 739 259 62 sentia
1539 739 311 62 objecti,
1772 739 182 62 vel
1876 739 156 62 in
1954 739 156 62 se
2032 739 182 62 vel
2136 739 156 62 in
2187 739 208 62 aliquo

1362 815 503 60 repraesentativo,
1789 815 151 60 ut
1864 815 226 60 patet
2015 815 226 60 infra
2166 815 226 60 dist.
2292 815 101 60 3.

1363 890 278 62 qucest.
1565 890 152 62 0.
1641 890 152 62 Ei
1716 890 227 62 etiam
1868 890 354 62 requiritur
2146 890 202 62 quod
2247 890 152 62 tale

1363 965 303 62 objectum
1590 965 328 62 concurrat
1842 965 252 62 active
2019 965 151 62 ad
2069 965 328 62 cognitionem

1367 1040 239 62 illam,
1534 1040 167 62 vel
1630 1040 263 62 aliquid
1821 1040 287 62 supplens
2036 1040 215 62 vicem
2156 1040 239 62 objecti,

1366 1115 151 62 ut
1441 1115 227 62 patet
1593 1115 227 62 infra
1744 1115 227 62 dist.
1896 1115 151 62 3.
1971 1115 277 62 qucest.
2173 1115 151 62 1.
2249 1115 151 62 et
2299 1115 101 62 in

1371 1188 287 61 Quodlib.
1586 1188 263 61 qucest.
1778 1188 168 61 14.
1874 1188 144 61 et
1945 1188 168 61 15.
2041 1188 168 61 Sed
2137 1188 215 61 tamen
2256 1188 144 61 ista

1365 1263 337 63 conceditur
1630 1263 120 63 :
1678 1263 241 63 Potest
1846 1263 337 63 cognoscere
2111 1263 169 63 ens
2183 1263 217 63 inquan¬-

1365 1340 177 61 tum
1466 1340 202 61 ens,
1592 1340 152 61 ut
1668 1340 354 61 adaequatum
1946 1340 303 61 objectum
2148 1340 253 61 intelle¬-

1365 1416 208 61 ctus
1495 1416 130 61 ;
1547 1416 208 61 ergo
1676 1416 259 61 potest
1858 1416 363 61 cognoscere
2118 1416 285 61 quodlibet

1366 1491 354 61 contentum.
1644 1491 177 61 Sed
1745 1491 152 61 in
1821 1491 329 61 proposito
2073 1491 278 61 negatur
2250 1491 152 61 quod

1370 1566 352 61 intellectus
1651 1566 305 61 separatus
1886 1566 235 61 possit
2051 1566 329 61 cognoscere
2286 1566 117 61 ens

1369 1642 335 60 inquantum
1627 1642 181 60 ens
1730 1642 413 60 naturaliter,
2066 1642 232 60 licet
2195 1642 206 60 habeat

1370 1717 176 62 ens
1470 1717 326 62 inquantum
1721 1717 176 62 ens
1821 1717 176 62 pro
1922 1717 276 62 objecto
2097 1717 301 62 adaequato.

1436 1790 117 71 Si
1494 1790 214 71 dicatur
1649 1790 136 71 per
1727 1790 194 71 dictum
1863 1790 233 71 Doctoris
2038 1790 117 71 in
2096 1790 155 71 ista
2174 1790 252 71 A]iacontra-

1376 1863 315 67 quaestione,
1628 1863 168 67 quod
1733 1863 147 67 Cui
1817 1863 315 67 naturaliter
2070 1863 168 67 nola
2175 1863 147 67 est
2238 1863 189 67 dlctio-

1371 1945 247 60 aliqua
1544 1945 321 60 potentia,
1791 1945 148 60 ei
1865 1945 370 60 naturaliter
2161 1945 222 60 notum
2285 1945 123 60 est

1373 2020 289 61 objectum
1590 2020 241 61 illius
1758 2020 337 61 potentiae.
2023 2020 169 61 Cum
2119 2020 193 61 ergo
2215 2020 193 61 intel¬-

1376 2094 240 62 lectus
1544 2094 312 62 separatus
1784 2094 360 62 naturaliter
2073 2094 312 62 cognoscat
2289 2094 120 62 se-

1377 2169 217 63 ipsum
1521 2169 169 63 sub
1618 2169 265 63 ratione
1811 2169 265 63 propria
2003 2169 145 63 et
2052 2169 361 63 distinctissi¬-

1377 2245 156 60 ma
1455 2245 130 60 ;
1507 2245 207 60 ergo
1636 2245 389 60 naturaliter
1947 2245 233 60 notum
2103 2245 207 60 erit
2233 2245 156 60 ei
2284 2245 130 60 ens

1376 2320 364 63 inquantum
1656 2320 224 63 ens,
1796 2320 196 63 cum
1908 2320 196 63 sit
2020 2320 224 63 ejus
2132 2320 280 63 objectum

1350 2400 342 56 adaequatum.

1444 2461 180 72 Dico,
1564 2461 160 72 quod
1664 2461 160 72 ista
1764 2461 280 72 propositio
1983 2461 180 72 debet
2103 2461 140 72 sic
2183 2461 140 72 in-
2243 2461 200 72 Solull°-

1383 2546 253 63 telligi
1567 2546 115 63 :
1613 2546 138 63 si
1682 2546 230 63 alicui
1843 2546 184 63 nota
1958 2546 161 63 est
2050 2546 230 63 aliqua
2188 2546 230 63 potentia

1384 2622 169 58 sub
1480 2622 265 58 ratione
1673 2622 337 58 distincta,
1938 2622 145 58 et
2010 2622 169 58 sub
2107 2622 193 58 illa
2203 2622 217 58 ratione

1383 2698 177 62 qua
1484 2698 303 62 respicit
1711 2698 303 62 objectum
1939 2698 379 62 adaequatum,
2242 2698 152 62 ei
2293 2698 126 62 no¬-

1383 2773 177 63 tum
1484 2773 202 63 erit
1610 2773 202 63 tale
1737 2773 329 63 objectum.
1990 2773 177 63 Sed
2091 2773 152 63 in
2142 2773 278 63 proposito

1385 2848 228 62 licet
1537 2848 380 62 intellectus
1840 2848 329 62 separatus
2093 2848 329 62 cognoscat
2321 2848 101 62 se

1385 2924 245 60 ipsum
1548 2924 191 60 sub
1657 2924 300 60 ratione
1875 2924 518 60 distinctissima,
2284 2924 136 60 non

1385 3000 228 60 tamen
1537 3000 177 60 sub
1638 3000 203 60 illa
1765 3000 304 60 ratione,
1992 3000 177 60 qua
2094 3000 304 60 respicit
2296 3000 127 60 ens

1388 3076 337 61 inquantum
1647 3076 181 61 ens
1751 3076 181 61 sub
1855 3076 285 61 ratione
2062 3076 363 61 adaequata.
2321 3076 104 61 Et

1385 3151 186 62 sic
1492 3151 240 62 patet
1652 3151 293 62 quomodo
1865 3151 266 62 Doctor
2051 3151 213 62 sibi
2184 3151 186 62 non
2264 3151 160 62 con¬

1371 3231 224 43 tradicit.

1443 3313 196 63 (e)
1555 3313 224 63 Quod
1695 3313 252 63 autem
1863 3313 336 63 additur,
2114 3313 224 63 etc.
2226 3313 196 63 Actus

1387 3388 273 62 primus
1578 3388 191 62 pro
1687 3388 218 62 nunc
1823 3388 191 62 est
1932 3388 382 62 principium
2205 3388 218 62 opera¬-

1390 3463 264 61 tionis,
1582 3463 216 61 actus
1726 3463 288 61 secundus
1943 3463 168 61 est
2039 3463 312 61 operatio.
2279 3463 144 61 Et
2327 3463 96 61 in

1394 3538 313 64 proposito,
1640 3538 335 64 intellectus
1908 3538 156 64 est
1997 3538 313 64 sufficiens
2221 3538 201 64 princi-
