2740 3979
346 330 283 58 tionem,
552 330 309 58 Scilicet
784 330 129 58 :
835 330 206 58 Deus
964 330 180 58 est
1067 330 206 58 quod
1170 330 206 58 majus,

347 410 196 54 etc.
470 410 196 54 esse
593 410 172 54 per
691 410 147 54 se
764 410 245 54 notam;
936 410 245 54 patet,
1107 410 196 54 quia
1205 410 172 54 nihil

346 484 176 55 est
447 484 176 55 per
547 484 151 55 se
623 484 252 55 notum,
799 484 227 55 cujus
950 484 327 55 evidentia
1177 484 201 55 depen¬-

347 557 176 56 det
447 557 151 56 ex
523 557 326 56 evidentia
774 557 301 56 alterius
974 557 402 56 propositionis,

344 636 207 54 sive
473 636 233 54 cujus
629 636 336 54 evidentia
887 636 259 54 potest
1043 636 336 54 demonstrari

346 711 439 54 syllogistice.
708 711 181 54 Sed
811 711 207 54 ista
940 711 129 54 :
992 711 258 54 Summum
1172 711 181 54 ens
1250 711 129 54 est

345 786 265 54 majus,
531 786 186 54 quo
637 786 318 54 cogitari
876 786 292 54 potest,
1062 786 318 54 ostenditur

346 862 252 56 saltem
522 862 176 56 per
623 862 202 56 duos
749 862 403 56 syllogismos.
1077 862 252 56 Primus
1228 862 151 56 syl¬-

349 940 281 55 logismus
559 940 164 55 est
653 940 117 55 :
700 940 187 55 Omni
817 940 164 55 non
910 940 187 55 ente
1027 940 164 55 ens
1121 940 164 55 est
1191 940 187 55 majus,

345 1017 233 53 summo
500 1017 233 53 nihil
656 1017 181 53 est
759 1017 259 53 majus;
940 1017 207 53 ergo
1070 1017 259 53 nullum
1225 1017 155 53 sum¬-

348 1094 177 48 mum
449 1094 177 48 est
550 1094 177 48 non
650 1094 202 48 ens.
777 1094 303 48 Secundus
1004 1094 177 48 est
1105 1094 126 48 :
1155 1094 202 48 Quod
1256 1094 126 48 non

350 1172 176 47 est
451 1172 176 47 non
551 1172 202 47 ens,
677 1172 176 47 est
778 1172 202 47 ens,
904 1172 252 47 summum
1081 1172 176 47 non
1181 1172 176 47 est
1257 1172 126 47 non

351 1244 212 53 ens;
483 1244 212 53 ergo
616 1244 265 53 summum
801 1244 186 53 est
907 1244 212 53 ens,
1040 1244 159 53 et
1119 1244 186 53 sic
1199 1244 186 53 patet

338 1310 256 85 Equomodo
529 1310 234 85 Quom°do
700 1310 170 85 esse
806 1310 170 85 sive
913 1310 298 85 existentia
1126 1310 256 85 demonstra-

338 1391 294 53 demcnstra-
569 1391 147 53 tur
653 1391 126 53 de
716 1391 168 53 ente
821 1391 210 53 summo,
968 1391 126 53 et
1031 1391 147 53 sic
1115 1391 168 53 haec
1220 1391 147 53 non
1283 1391 105 53 est

338 1470 129 55 de
402 1470 214 55 summo,
552 1470 150 55 per
637 1470 129 55 86
702 1470 171 55 nota
809 1470 107 55 :
852 1470 214 55 Summum
1002 1470 150 55 ens
1087 1470 171 55 est,
1194 1470 150 55 non
1259 1470 129 55 enim

352 1545 216 55 notum
496 1545 192 55 est,
616 1545 168 55 has
712 1545 240 55 partes
880 1545 168 55 per
976 1545 144 55 se
1048 1545 240 55 uniri,
1192 1545 192 55 scili¬-

348 1621 231 53 cet,
493 1621 289 53 summum
695 1621 173 53 et
782 1621 231 53 ens■
926 1621 202 53 Hoc
1042 1621 231 53 idem
1158 1621 231 53 potest

354 1698 222 57 argui
502 1698 148 57 de
576 1698 296 57 infinito
798 1698 172 57 per
896 1698 271 57 similes
1069 1698 320 57 syllogismos

353 1775 328 55 arguendo
598 1775 191 55 sic
708 1775 136 55 :
762 1775 218 55 Omni
899 1775 191 55 non
1008 1775 246 55 ente,
1172 1775 191 55 ens
1254 1775 136 55 est

354 1851 246 54 majus,
527 1851 172 54 sed
625 1851 296 54 infinito
847 1851 222 54 nihil
995 1851 172 54 est
1093 1851 246 54 majus;
1241 1851 148 54 ergo

356 1926 246 53 nullum
528 1926 319 53 infinitum
774 1926 172 53 est
872 1926 172 53 non
970 1926 196 53 ens.
1093 1926 196 53 Tunc
1192 1926 196 53 ultra,

358 2000 196 57 quod
481 2000 172 57 non
579 2000 172 57 est
677 2000 172 57 non
776 2000 196 57 ens,
898 2000 172 57 est
996 2000 172 57 ens
1095 2000 123 57 ;
1119 2000 270 57 infinitum

357 2076 176 56 non
458 2076 176 56 est
558 2076 176 56 non
659 2076 202 56 ens,
785 2076 202 56 ergo
911 2076 328 56 infinitum
1163 2076 176 56 est
1239 2076 151 56 ens,

357 2152 207 57 ergo
486 2152 336 57 infinitum
745 2152 181 57 ens
848 2152 233 57 esse,
1003 2152 181 57 non
1107 2152 181 57 est
1210 2152 181 57 per
1288 2152 103 57 se

357 2231 251 44 notum,
507 2231 151 44 etc.

335 2300 168 60 21.
431 2300 168 60 (1)
527 2300 144 60 Ad
598 2300 263 60 tertiam
790 2300 287 60 rationem
1005 2300 239 60 dantur
1173 2300 191 60 duae
1268 2300 120 60 re¬-

353 2375 363 56 sponsiones
638 2375 181 56 ibi
742 2375 130 56 :
794 2375 156 56 Ad
872 2375 285 56 tertium
1079 2375 233 56 dico.
1209 2375 181 56 Prima

357 2451 312 55 responsio
597 2451 216 55 talis
741 2451 192 55 est,
861 2451 192 55 quia
980 2451 168 55 non
1076 2451 288 55 sequitur
1268 2451 120 55 ve¬-

356 2527 292 52 ritatem
568 2527 212 52 esse
700 2527 159 52 in
780 2527 292 52 communi
992 2527 186 52 est
1098 2527 186 52 per
1204 2527 159 52 se
1257 2527 133 52 no¬-

356 2604 243 54 tum;
508 2604 243 54 ergo
660 2604 243 54 Deum
812 2604 243 54 esse
963 2604 213 54 per
1085 2604 182 54 se
1146 2604 243 54 notum.

361 2675 360 55 Committitur
649 2675 288 55 fallacia
865 2675 408 55 consequentis,
1202 2675 120 55 a
1226 2675 168 55 posi¬-

358 2752 239 54 tione
518 2752 425 54 consequentis
863 2752 159 54 ad
943 2752 372 54 positionem
1208 2752 186 54 ante¬-

360 2827 344 55 cedentis,
624 2827 159 55 ac
704 2827 159 55 si
783 2827 318 55 argueret
1021 2827 132 55 :
1074 2827 265 55 Animal
1233 2827 159 55 est,

362 2902 192 56 ergo
482 2902 192 56 homo
602 2902 192 56 est;
721 2902 168 56 sic
817 2902 144 56 in
889 2902 311 56 proposito
1129 2902 168 56 non
1200 2902 192 56 sequi¬-

361 2979 176 51 tur
462 2979 327 51 veritatem
713 2979 151 51 in
789 2979 277 51 communi
990 2979 201 51 esse
1116 2979 176 51 est
1217 2979 176 51 per
1292 2979 101 51 se

360 3055 227 56 notum
511 3055 126 56 ;
562 3055 202 56 ergo
688 3055 202 56 hanc
815 3055 329 56 veritatem
1067 3055 202 56 esse
1194 3055 177 56 est
1270 3055 126 56 per

361 3136 159 37 se
415 3136 212 37 notum.

338 3215 233 63 Regula.
507 3215 233 63 Secunda
676 3215 275 63 responsio
888 3215 148 63 est
972 3215 148 63 ibi
1057 3215 106 63 :
1099 3215 211 63 Aliter
1226 3215 169 63 potest

366 3293 245 56 negari
537 3293 245 56 major.
708 3293 147 56 Et
781 3293 220 56 nota,
928 3293 196 56 quod
1051 3293 171 56 est
1148 3293 171 56 una
1222 3293 171 56 regu¬-

363 3369 151 52 la
438 3369 402 52 insolubilium
765 3369 126 52 :
816 3369 252 52 Quando
992 3369 176 52 est
1092 3369 252 52 aliqua
1243 3369 151 52 pro¬-

360 3446 266 56 positio
553 3446 314 56 includens
794 3446 459 56 contradictoria,
1181 3446 193 56 ipsa
1277 3446 121 56 est

362 3522 292 55 neganda
575 3522 159 55 in
654 3522 212 55 omni
787 3522 239 55 casu,
946 3522 212 55 quia
1079 3522 239 55 solum
1211 3522 186 55 casus

366 3601 336 57 possibiles
630 3601 216 57 debet
774 3601 288 57 admitti;
990 3601 144 57 et
1062 3601 168 57 sic
1158 3601 192 57 ista
1254 3601 144 57 pro¬

1428 334 257 56 positio
1615 334 117 56 :
1662 334 211 56 Nulla
1802 334 257 56 veritas
1989 334 187 56 est,
2106 334 328 56 falsificat
2340 334 117 56 se-

1427 413 240 53 ipsam,
1595 413 192 53 quia
1715 413 144 53 si
1787 413 216 53 nulla
1931 413 264 53 veritas
2124 413 192 53 est,
2244 413 192 53 tunc
2340 413 120 53 nec

1426 487 197 55 ipsa
1549 487 172 55 est
1648 487 221 55 vera,
1796 487 148 55 et
1869 487 148 55 si
1943 487 221 55 verum
2091 487 172 55 est
2189 487 197 55 quod
2288 487 172 55 nulla

1428 563 251 55 veritas
1611 563 183 55 sit,
1725 563 183 55 tunc
1839 563 183 55 ipsa
1954 563 160 55 est
2045 563 206 55 vera,
2182 563 183 55 quia
2273 563 183 55 signi¬-

1426 638 233 56 ficat
1581 638 181 56 ita
1685 638 207 56 esse
1815 638 233 56 sicut
1970 638 207 56 est;
2099 638 207 56 ergo
2229 638 207 56 ipsa
2333 638 129 56 est

1424 714 218 54 vera
1560 714 163 54 et
1642 714 191 54 non
1751 714 218 54 vera
1887 714 272 54 simul.
2078 714 163 54 Et
2159 714 191 54 sic
2241 714 218 54 quando

1427 785 310 54 arguitur
1660 785 129 54 a
1711 785 413 54 propositione
2047 785 155 54 de
2124 785 284 54 inesse.
2305 785 155 54 quae

1422 860 319 56 includit
1662 860 506 56 incompossibilia
2088 860 160 56 ad
2167 860 293 56 modalem
2354 860 106 56 de

1426 937 221 53 vero,
1574 937 172 53 non
1672 937 294 53 sequitur
1892 937 147 53 ut
1966 937 147 53 in
2039 937 343 53 proposito,
2284 937 172 53 quan¬-

1430 1010 144 56 do
1502 1010 287 56 dicitur,
1717 1010 216 56 nulla
1861 1010 263 56 veritas
2053 1010 192 56 est;
2173 1010 192 56 ergo
2268 1010 192 56 nullam

1429 1089 336 57 veritatem
1687 1089 232 57 esse,
1842 1089 181 57 est
1946 1089 258 57 verum,
2126 1089 181 57 non
2204 1089 258 57 sequitur

1430 1167 139 55 ut
1499 1167 232 55 patuit
1662 1167 209 55 supra
1801 1167 139 55 et
1870 1167 209 55 infra
1986 1167 232 55 patebit.

1484 1242 147 57 Et
1557 1242 147 57 ex
1631 1242 172 57 hoc
1729 1242 147 57 et
1802 1242 147 57 ex
1876 1242 368 57 sequentibus
2170 1242 294 57 apparet,
2366 1242 123 57 22.

1439 1294 168 80 quod
1544 1294 168 80 ille
1649 1294 189 80 novus
1775 1294 273 80 expositor
1984 1294 210 80 Sancti
2131 1294 210 80 Thomse
2257 1294 231 80 ImTh°om?0

1437 1378 153 71 non
1525 1378 219 71 arguit
1678 1378 131 71 ad
1744 1378 307 71 propositum
1984 1378 219 71 contra
2138 1378 219 71 Docto-
2269 1378 219 71 c“jetam'

1433 1469 207 55 rem,
1563 1469 181 55 cum
1666 1469 233 55 dicit
1822 1469 207 55 quod
1951 1469 181 55 hic
2055 1469 181 55 non
2132 1469 337 55 committitur

1435 1543 288 56 fallacia
1651 1543 408 56 consequentis,
1987 1543 168 56 sed
2083 1543 168 56 est
2179 1543 192 56 vera
2275 1543 192 56 conse¬-

1437 1621 303 57 quentia,
1664 1621 202 57 quia
1790 1621 252 57 quando
1966 1621 303 57 arguitur
2194 1621 126 57 a
2219 1621 252 57 proposi¬-

1436 1698 233 47 tione
1591 1698 207 47 vera
1720 1698 155 47 de
1798 1698 258 47 inesse
1979 1698 155 47 ad
2056 1698 207 47 suam
2186 1698 284 47 modalem
2367 1698 103 47 de

1436 1777 228 56 vero,
1588 1777 177 56 est
1689 1777 253 56 optima
1866 1777 430 56 consequentia,
2220 1777 202 56 quia
2321 1777 152 56 bene

1438 1853 296 55 sequitur
1660 1853 123 55 :
1710 1853 296 55 Socrates
1932 1853 271 55 currit;
2129 1853 197 55 ergo
2227 1853 247 55 Socratem

1441 1931 265 54 currere
1633 1931 168 54 est
1730 1931 240 54 verum.
1898 1931 168 54 Sic
1994 1931 144 54 in
2066 1931 337 54 proposito,
2307 1931 168 54 nulla

1439 2005 278 55 veritas
1641 2005 202 55 est;
1767 2005 202 55 ergo
1893 2005 253 55 nullam
2070 2005 328 55 veritatem
2297 2005 177 55 esse,

1440 2082 173 57 est
1539 2082 222 57 verum
1687 2082 123 57 ;
1737 2082 222 57 patet
1885 2082 197 57 quod
2008 2082 173 57 non
2107 2082 346 57 intelligit
2354 2082 123 57 Do-

1442 2158 277 57 ctorem,
1643 2158 202 57 quia
1769 2158 176 57 hic
1870 2158 176 57 non
1971 2158 302 57 arguitur
2198 2158 126 57 a
2223 2158 252 57 proposi¬-

1440 2230 221 58 tione
1588 2230 197 58 vera
1711 2230 148 58 de
1785 2230 270 58 inesse,
1981 2230 148 58 ut
2055 2230 221 58 patet
2203 2230 148 58 in
2252 2230 221 58 littera

1441 2306 336 58 Doctoris.
1700 2306 155 58 Et
1777 2306 362 58 sequentia,
2062 2306 207 58 quae
2191 2306 233 58 dicit
2321 2306 155 58 iste

1441 2384 364 53 expositor,
1727 2384 338 53 procedunt
1986 2384 156 53 ex
2064 2384 208 53 malo
2168 2384 312 53 intellectu

1443 2460 216 56 eorum
1587 2460 192 56 quse
1707 2460 168 56 hic
1803 2460 312 56 dicuntur.
2044 2460 144 56 Et
2116 2460 264 56 propter
2284 2460 192 56 litte¬-

1438 2537 197 55 ram
1550 2537 337 55 Doctoris
1803 2537 197 55 est
1916 2537 365 55 notandum,
2197 2537 225 55 quod
2309 2537 169 55 ista

1441 2612 304 54 negativa
1668 2612 127 54 :
1719 2612 228 54 Nulla
1871 2612 278 54 veritas
2073 2612 202 54 est,
2200 2612 228 54 habet
2326 2612 152 54 duas

1446 2687 225 56 causas
1603 2687 315 56 veritatis,
1850 2687 270 56 scilicet
2052 2687 180 56 quod
2164 2687 202 56 nulla
2277 2687 202 56 veritas

1444 2763 169 55 est
1540 2763 145 55 in
1613 2763 145 55 re
1685 2763 121 55 ;
1734 2763 266 55 secundo
1927 2763 193 55 quod
2047 2763 217 55 nulla
2192 2763 266 55 veritas
2361 2763 121 55 est

1440 2837 156 56 in
1518 2837 363 56 intellectu
1803 2837 363 56 componente
2088 2837 181 56 vel
2166 2837 311 56 dividente.

1441 2916 173 58 Nam
1540 2916 197 58 illa
1663 2916 296 58 negativa
1886 2916 296 58 probatur
2108 2916 173 58 per
2206 2916 222 58 istas
2330 2916 148 58 duas

1443 2992 362 57 veritates,
1728 2992 207 57 quia
1857 2992 207 57 bene
1986 2992 336 57 sequitur,
2245 2992 155 57 si
2297 2992 181 57 nulla

1446 3071 253 58 veritas
1630 3071 161 58 est
1722 3071 138 58 in
1791 3071 161 58 re,
1883 3071 161 58 nec
1975 3071 138 58 in
2044 3071 345 58 intellectu;
2297 3071 184 58 igitur

1441 3145 233 60 nulla
1596 3145 285 60 veritas
1803 3145 181 60 est
1907 3145 336 60 absolute.
2166 3145 259 60 Quando
2321 3145 155 60 ergo

1444 3222 265 55 arguit,
1637 3222 193 55 ergo
1757 3222 217 55 verum
1901 3222 193 55 est,
2022 3222 193 55 quod
2142 3222 217 55 nulla
2262 3222 217 55 veritas

1446 3298 196 56 est,
1569 3298 196 56 haec
1692 3298 343 56 propositio
1961 3298 172 56 est
2059 3298 221 56 vera,
2182 3298 294 56 accipiendo

1443 3374 329 54 veritatem
1695 3374 152 54 in
1771 3374 152 54 re
1847 3374 152 54 et
1923 3374 177 54 non
2024 3374 177 54 pro
2125 3374 202 54 actu
2226 3374 253 54 intelle¬-

1445 3450 245 53 ctus,
1608 3450 381 53 componente
1907 3450 245 53 hanc,
2071 3450 218 53 quod
2207 3450 245 53 verum
2343 3450 136 53 est

1445 3525 216 57 nulla
1589 3525 263 57 veritas
1780 3525 192 57 esi.
1900 3525 144 57 Et
1972 3525 168 57 sic
2068 3525 287 57 arguitur
2283 3525 120 57 a
2307 3525 168 57 nega¬-

1448 3599 182 48 tiva
1562 3599 251 48 habente
1744 3599 182 48 duas
1858 3599 228 48 causas
2018 3599 296 48 veritatis
2245 3599 137 48 ad
2291 3599 182 48 affir-
