2653 3979
305 332 262 55 ordinat
496 332 143 55 ea
568 332 143 55 in
639 332 215 55 finem
782 332 143 55 el
854 332 191 55 vult
973 332 262 55 propter
1140 332 191 55 finem.

356 404 183 60 Ex
448 404 214 60 his
570 404 520 60 ostenditur(g)
968 404 367 60 propositum

302 479 190 49 sic
411 479 136 49 :
465 479 353 49 Infinitas
737 479 462 49 essentialiter
1090 479 245 49 ordina¬-

297 555 275 61 torum
481 555 214 61 est
603 555 520 61 impossibilis.
1001 555 337 61 Similiter

295 630 327 48 secundo
533 630 149 48 :
593 630 387 48 Infinitas
861 630 476 48 accidentaliter

295 705 446 61 ordinatorum
652 705 208 61 est
771 705 506 61 impossibilis,
1158 705 178 61 nisi

292 782 359 58 ponatur
554 782 326 58 status
782 782 196 58 in
847 782 490 58 essentialiter

297 856 426 61 ordinatis;
632 856 244 61 ergo
784 856 244 61 omni
936 856 244 61 modo
1088 856 213 61 est
1180 856 152 61 im¬-

297 930 383 62 possibilis
598 930 356 62 infinitas
871 930 164 62 in
926 930 410 62 essentialiter

297 1007 429 57 ordinatis.
634 1007 337 57 Tertio,
879 1007 184 57 si
971 1007 276 57 etiam
1125 1007 214 57 nege¬-

297 1082 202 54 tur
413 1082 231 54 ordo
557 1082 462 54 essentialis,
933 1082 260 54 adhuc
1077 1082 260 54 infini¬-

297 1158 228 61 tas
428 1158 228 61 est
558 1158 554 61 impossibilis;
1015 1158 261 61 ergo
1145 1158 196 61 omni

301 1235 245 61 modo
455 1235 214 61 est
577 1235 337 61 aliquod
822 1235 460 61 simpliciter
1159 1235 184 61 pri¬-

296 1310 239 48 mum
398 1310 445 48 effectivum.

345 1386 392 61 Istarum
630 1386 320 61 trium
808 1386 534 61 propositionum

289 1462 492 61 assumptarum
683 1462 361 61 propter
912 1462 426 61 brevitatem,

291 1538 287 60 prima
482 1538 351 60 dicatur
737 1538 191 60 A,
833 1538 351 60 secunda
1088 1538 191 60 B,
1152 1538 191 60 ter¬-

294 1616 211 46 tia
384 1616 121 46 C.

354 1689 372 62 Probatio
633 1689 372 62 istarum,
912 1689 279 62 primo
1098 1689 186 62 A,
1160 1689 186 62 sci¬-

296 1766 269 62 licet
476 1766 240 62 quod
625 1766 389 62 infinitas
895 1766 449 62 essentialiter

299 1843 448 61 ordinatorum
657 1843 209 61 est
777 1843 508 61 impossibilis.
1165 1843 179 61 Pro¬-

292 1918 328 61 batio,
522 1918 230 61 tum
653 1918 230 61 (h)
784 1918 262 61 quia
916 1918 426 61 universitas

293 1993 446 49 causatorum
644 1993 542 49 essentialiter
1058 1993 287 49 ordina¬-

292 2068 295 60 torum
489 2068 230 60 est
620 2068 394 60 causata;
916 2068 262 60 ergo
1080 2068 197 60 ab
1145 2068 197 60 ali¬-

292 2144 230 63 qua
424 2144 329 63 causa,
654 2144 263 63 quse
818 2144 230 63 non
950 2144 230 63 est
1048 2144 296 63 aliquid

296 2223 291 59 illius
500 2223 524 59 universitatis,
936 2223 233 59 quia
1082 2223 233 59 tunc
1198 2223 146 59 es¬-

295 2296 222 50 set
422 2296 285 50 causa
612 2296 254 50 sui.
771 2296 254 50 Tota
930 2296 254 50 enim
1057 2296 285 50 univer¬-

297 2373 277 61 sitas
482 2373 492 61 dependentium
881 2373 399 61 dependet,
1188 2373 184 61 et
1250 2373 92 61 a

290 2449 296 48 nullo
487 2449 329 48 illius
717 2449 592 48 universitatis.
1178 2449 164 48 Tum

294 2525 338 60 secundo
540 2525 215 60 (i)
663 2525 246 60 quia
817 2525 308 60 causse
1002 2525 338 60 infinitae

290 2601 328 53 essent
520 2601 296 53 simul
717 2601 197 53 in
816 2601 296 53 actu,
1013 2601 197 53 ex
1078 2601 263 53 tertia

293 2678 479 58 differentia,
682 2678 210 58 sed
802 2678 419 58 consequens
1101 2678 240 58 nullus

295 2754 447 60 Philosophus
653 2754 298 60 ponit.
861 2754 209 60 Tum
980 2754 209 60 (k)
1070 2754 268 60 tertio,

300 2833 214 56 quia
434 2833 240 56 prius
594 2833 187 56 est
701 2833 214 56 quod
835 2833 214 56 est,
968 2833 240 56 primo
1102 2833 240 56 propin¬-

298 2905 290 58 quius,
501 2905 232 58 exh.
646 2905 319 58 Metaph.
877 2905 232 58 ergo
1022 2905 203 58 ubi
1109 2905 232 58 nullum

297 2981 328 60 primum,
536 2981 268 60 nihil
714 2981 507 60 essentialiter
1102 2981 238 60 prius.

294 3055 209 60 Tum
413 3055 298 60 quarto
622 3055 238 60 (1),
771 3055 238 60 quia
920 3055 358 60 superior
1158 3055 179 60 cau¬-

294 3131 185 60 sa
387 3131 216 60 est
510 3131 431 60 perfectior
848 3131 185 60 in
941 3131 400 60 causando,
1218 3131 123 60 ex

295 3207 329 60 secunda
534 3207 479 60 differentia;
923 3207 239 60 ergo
1073 3207 179 60 in
1133 3207 209 60 infi¬-

290 3283 296 59 nitum
487 3283 394 59 superior
783 3283 230 59 est
914 3283 197 59 in
980 3283 361 59 infinitum

296 3358 436 61 perfectior,
645 3358 174 61 et
732 3358 203 61 ita
848 3358 378 61 infinitae
1110 3358 232 61 perfe¬-

294 3435 348 59 ctionis
548 3435 190 59 in
643 3435 412 59 causando,
959 3435 190 59 et
1054 3435 222 59 per
1149 3435 190 59 con¬-

296 3511 371 59 sequens
566 3511 236 59 non
701 3511 371 59 causans
971 3511 202 59 in
1038 3511 304 59 virtute

296 3587 401 60 alterius,
604 3587 247 60 quia
758 3587 401 60 quaelibet
1067 3587 277 60 talis
1221 3587 123 60 in

1377 325 347 51 virtute
1629 325 378 51 alterius
1912 325 347 51 causans
2164 325 221 51 est
2259 325 158 51 im¬-

1379 403 367 63 perfecte
1655 403 367 63 causans,
1930 403 245 63 quia
2083 403 214 63 est
2175 403 245 63 depen¬-

1373 478 289 49 dens
1553 478 216 49 ab
1662 478 289 49 alia
1842 478 216 49 in
1950 478 433 49 causado.
2239 478 180 49 Tum

1379 553 297 61 quinto
1587 553 238 61 (m),
1736 553 238 61 quia
1884 553 416 61 effectivum
2181 553 238 61 nullam

1379 629 567 62 imperfectionem
1851 629 284 62 ponit
2009 629 410 62 necessario;

1377 705 261 61 ergo
1541 705 327 61 potest
1769 705 261 61 esse
1933 705 196 61 in
2031 705 327 61 aliquo
2227 705 196 61 sine

1381 780 535 61 imperfectione.
1827 780 208 61 Sed
1946 780 178 61 si
2035 780 178 61 in
2124 780 267 61 nullo
2272 780 149 61 est

1382 857 237 60 sine
1530 857 444 60 dependentia
1886 857 178 60 ad
1975 857 326 60 aliquid
2182 857 237 60 prius,

1380 933 189 59 in
1475 933 284 59 nullo
1665 933 221 59 est
1791 933 253 59 sine
1917 933 505 59 imperfectione;

1380 1009 245 60 ergo
1534 1009 491 60 effectivitas
1932 1009 460 60 independens
2270 1009 153 60 po¬-

1384 1085 231 52 test
1529 1085 289 52 inesse
1731 1085 289 52 alicui
1933 1085 347 52 naturae,
2193 1085 173 52 et
2251 1085 173 52 illa

1382 1162 215 61 est
1505 1162 460 61 simpliciter
1873 1162 307 61 prima;
2088 1162 246 61 ergo
2211 1162 215 61 effe¬-

1386 1237 346 61 ctivitas
1646 1237 432 61 simpliciter
1992 1237 259 61 prima
2165 1237 202 61 est
2251 1237 173 61 pos¬-

1389 1313 335 60 sibilis,
1641 1313 168 60 et
1724 1313 196 60 hoc
1836 1313 363 60 sufficit,
2116 1313 224 60 quia
2227 1313 196 60 infe¬-

1386 1388 245 60 rius
1540 1388 184 60 ex
1631 1388 214 60 hoc
1754 1388 460 60 concludetur
2122 1388 245 60 quod
2244 1388 184 60 tale

1388 1464 364 62 efficiens
1668 1464 308 62 primum,
1892 1464 168 62 si
1975 1464 224 62 est'
2087 1464 336 62 possibile,

1385 1540 208 61 est
1504 1540 178 61 in
1593 1540 208 61 re,
1712 1540 178 61 et
1802 1540 208 61 sic
1921 1540 268 61 patet
2099 1540 178 61 A,
2158 1540 268 61 quinque

1358 1618 371 48 rationibus.

1447 1689 336 62 Probatur
1699 1689 196 62 (n)
1811 1689 308 62 sic.fi,
2034 1689 336 62 scilicet
2258 1689 168 62 quod

1389 1766 375 49 infinitas
1677 1766 173 49 in
1764 1766 519 49 accidentaliter
2168 1766 259 49 ordina¬-

1387 1843 208 61 tis
1506 1843 208 61 sit
1625 1843 506 61 impossibilis,
2042 1843 238 61 nisi
2161 1843 268 61 ponatur

1388 1920 305 54 status
1601 1920 518 54 essentialiter
1997 1920 427 54 ordinatorum,

1389 1996 231 60 quia
1533 1996 375 60 infinitas
1822 1996 490 60 accidentalis,
2225 1996 173 60 si
2283 1996 144 60 po¬-

1384 2071 284 59 nitur
1574 2071 253 59 hoc,
1732 2071 221 59 non
1858 2071 221 59 est
1984 2071 316 59 simul,
2174 2071 253 59 patet,

1385 2147 221 49 sed
1512 2147 442 49 successive
1859 2147 316 49 tantum
2080 2147 190 49 ut
2144 2147 284 49 alterum

1384 2223 253 62 post
1543 2223 380 62 alterum,
1828 2223 222 62 ita
1954 2223 253 62 quod
2112 2223 190 62 si
2176 2223 253 62 secun¬-

1382 2299 228 58 dum
1513 2299 293 58 fluat
1708 2299 325 58 aliquo
1935 2299 260 58 modo
2098 2299 163 58 a
2130 2299 293 58 priore,

1384 2375 208 60 non
1503 2375 268 60 tamen
1682 2375 357 60 dependet
1950 2375 179 60 ab
2039 2375 238 60 ipso
2188 2375 179 60 in
2247 2375 179 60 cau¬-

1384 2451 325 59 sando.
1612 2451 325 59 Potest
1840 2451 260 59 enim
2002 2451 358 59 causare
2230 2451 195 59 ipso

1386 2526 202 59 non
1502 2526 404 59 existente,
1819 2526 260 59 sicut
1992 2526 289 59 filius
2194 2526 202 59 ita
2281 2526 144 59 ge¬-

1381 2602 303 61 nerat
1583 2602 303 61 patre
1785 2602 370 61 mortuo,
2055 2602 303 61 sicut
2223 2602 202 61 ipso

1384 2679 268 54 vivo,
1563 2679 268 54 talis
1741 2679 387 54 infinitas
2009 2679 416 54 successionis

1385 2755 208 60 est
1504 2755 506 60 impossibilis,
1921 2755 238 60 nisi
2040 2755 387 60 continuetur

1382 2831 221 60 vel
1509 2831 474 60 perpetuetur
1888 2831 190 60 ab
1983 2831 316 60 aliqua
2173 2831 253 60 natura

1386 2907 367 59 infinite
1662 2907 367 59 durante,
1937 2907 153 59 a
1999 2907 214 59 quo
2121 2907 245 59 tota
2243 2907 184 59 suc¬-

1388 2983 288 60 cessio
1590 2983 173 60 et
1676 2983 374 60 quodlibet
1964 2983 230 60 ejus
2079 2983 345 60 dependeat.

1385 3058 285 60 Nulla
1575 3058 253 60 enim
1733 3058 474 60 difformitas
2081 3058 348 60 perpetua¬-

1385 3134 215 60 tur
1508 3134 245 60 nisi
1661 3134 184 60 in
1753 3134 337 60 virtute
1999 3134 368 60 alicujus
2244 3134 184 60 per¬-

1391 3209 364 61 manentis,
1671 3209 224 61 quod
1811 3209 252 61 nihil
1979 3209 196 61 est
2091 3209 280 61 illius
2259 3209 168 61 suc¬-

1388 3285 441 60 cessionis,
1734 3285 252 60 quia
1891 3285 283 60 omnia
2048 3285 378 60 successiva

1390 3361 231 61 sunt
1534 3361 317 61 ejusdem
1765 3361 375 61 rationis,
2053 3361 202 61 sed
2169 3361 202 61 est
2255 3361 173 61 ali¬-

1389 3437 224 60 quid
1529 3437 253 60 prius
1698 3437 505 60 essentialiter,
2118 3437 224 60 quia
2231 3437 196 60 quod¬-

1386 3512 252 60 libet
1554 3512 448 60 successionis
1919 3512 336 60 dependet
2171 3512 168 60 ab
2227 3512 196 60 ipso,

1386 3582 185 61 et
1479 3582 216 61 hoc
1602 3582 185 61 in
1695 3582 247 61 alio
1849 3582 309 61 ordine
2065 3582 247 61 quam
2220 3582 154 61 a
2251 3582 154 61 cau
