2740 3979
313 285 278 58 fcurrit
515 285 152 58 ad
591 285 126 58 A
641 285 354 58 dependendo
919 285 152 58 ab
995 285 227 58 alio,
1147 285 202 58 quia
1248 285 101 58 si

311 360 152 60 in
387 360 253 60 agendo
563 360 379 60 dependeret,
866 360 177 60 non
967 360 227 60 esset
1119 360 152 60 in
1169 360 177 60 infi¬-

310 436 222 56 nitum
458 436 370 56 perfectior,
755 436 148 56 ut
829 436 247 56 patet;
1001 436 197 56 ergo
1125 436 173 56 ibi
1199 436 148 56 erit

309 510 241 56 status
477 510 144 56 ad
550 510 241 56 illam,
718 510 193 56 quae
839 510 144 56 in
911 510 313 56 infinitum
1151 510 169 56 est
1224 510 120 56 su¬-

310 588 253 54 perior,
494 588 184 54 quia
609 588 184 54 illa
724 588 161 54 non
816 588 184 54 erit
931 588 276 54 causata,
1138 588 161 54 nec
1207 588 138 54 aget

307 660 152 54 in
383 660 278 54 virtute
585 660 328 54 alterius,
837 660 177 54 sed
938 660 253 54 omnino
1090 660 253 54 indepen-

309 735 270 58 denter;
506 735 197 58 ergo
629 735 369 58 simpliciter
924 735 246 58 prima.
1096 735 172 58 Nec
1170 735 172 58 valet

310 812 276 55 dicere,
511 812 201 55 quod
637 812 201 55 illa
762 812 226 55 prima
913 812 176 55 non
1013 812 251 55 potest
1164 812 176 55 assi¬-

304 888 259 55 gnari,
486 888 207 55 quia
615 888 207 55 data
745 888 207 55 sive
874 888 337 55 assignata
1108 888 233 55 quacum¬-

309 957 196 56 que,
432 957 221 56 adhuc
579 957 294 56 superior
800 957 196 56 erit
922 957 417 56 assignabitis,
1241 957 98 56 et

309 1033 312 55 assignata
549 1033 192 55 illa
669 1033 336 55 superiore,
932 1033 216 55 adhuc
1076 1033 192 55 alia
1172 1033 168 55 supe¬-

309 1107 191 55 rior
428 1107 191 55 erit
548 1107 358 55 assignanda,
834 1107 143 55 et
906 1107 167 55 sic
1001 1107 143 55 in
1049 1107 286 55 infinitum;

308 1188 201 54 quia
434 1188 251 54 quaero
609 1188 126 54 a
660 1188 176 54 te,
760 1188 151 54 an
836 1188 226 54 omnes
986 1188 251 54 causae
1137 1188 201 54 essen¬-

306 1262 303 45 tialiter
533 1262 328 45 ordinatae
785 1262 227 45 simul
936 1262 202 45 actu
1037 1262 303 45 concurrant

300 1335 164 54 ad
382 1335 328 54 effectum
628 1335 164 54 A;
710 1335 164 54 si
792 1335 219 54 non,
929 1335 219 54 ergo
1065 1335 191 54 non
1148 1335 191 54 erunt

305 1409 426 54 essentialiter
656 1409 351 54 ordinatae,
932 1409 201 54 quod
1057 1409 176 54 est
1132 1409 201 54 contra

304 1483 378 58 suppositum;
606 1483 176 58 sic
707 1483 202 58 ergo
833 1483 227 58 danda
984 1483 176 58 est
1085 1483 252 58 aliqua
1236 1483 101 58 in

305 1560 205 56 actu,
442 1560 183 56 quae
556 1560 160 56 sit
647 1560 137 56 in
716 1560 297 56 infinitum
944 1560 297 56 superior,
1172 1560 137 56 et
1218 1560 114 56 per

303 1635 344 58 consequens
573 1635 147 58 in
647 1635 319 58 infinitum
892 1635 368 58 perfectior,
1162 1635 172 58 quae¬-

301 1711 259 58 cumque
482 1711 181 58 sit
586 1711 233 58 illa,
741 1711 155 58 et
819 1711 181 58 ibi
923 1711 363 58 necessario
1182 1711 155 58 erit

300 1790 284 55 status,
507 1790 207 55 quia
636 1790 207 55 illa
765 1790 181 55 non
868 1790 207 55 erit
997 1790 310 55 causata,
1204 1790 129 55 nec

301 1865 340 55 dependens
563 1865 157 55 ab
641 1865 236 55 alia;
798 1865 209 55 ergo
903 1865 209 55 prima.

276 1951 161 59 41.
368 1951 161 59 (m)
460 1951 230 59 Quinta
621 1951 322 59 evidentior
874 1951 207 59 aliis
1012 1951 161 59 est
1104 1951 161 59 ibi
1196 1951 115 59 :
1219 1951 115 59 Tum

297 2027 283 58 quinto,
503 2027 206 58 quia
632 2027 361 58 effectivum
916 2027 258 58 nullam
1070 2027 258 58 imperfe¬-

297 2101 277 56 ctionem
498 2101 227 56 ponit
650 2101 378 56 necessario.
952 2101 151 56 Et
1028 2101 252 56 ratio,
1179 2101 151 56 quia

298 2178 362 58 effectivum
582 2178 155 58 ut
660 2178 362 58 hujusmodi,
944 2178 362 58 necessario
1203 2178 129 58 non

292 2253 305 56 includit
520 2253 432 56 limitationem;
876 2253 254 56 patet,
1054 2253 203 56 quia
1156 2253 178 56 datur

293 2330 292 57 aliquod
506 2330 398 57 simpliciter
824 2330 371 57 perfectum,
1089 2330 239 57 summum,

295 2405 212 58 quod
427 2405 159 58 ex
507 2405 265 58 natura
692 2405 186 58 sua
798 2405 292 58 diceret
984 2405 345 58 imperfecti¬-

295 2480 227 55 onem,
446 2480 152 55 in
522 2480 227 55 nullo
674 2480 227 55 esset
825 2480 480 55 perfectissimum;
1204 2480 126 55 si¬-

296 2556 177 53 cut
397 2556 152 53 si
473 2556 202 53 ens,
599 2556 152 53 ut
675 2556 177 53 ens
776 2556 354 53 necessario
1029 2556 303 53 includeret

295 2632 468 55 imperfectionem,
690 2632 172 55 ubi
788 2632 222 55 esset
936 2632 148 55 in
1010 2632 222 55 illo,
1133 2632 197 55 semper

298 2707 270 55 diceret
495 2707 466 55 imperfectionem,
887 2707 147 55 et
961 2707 172 55 sic
1059 2707 172 55 non
1133 2707 196 55 posset

295 2783 192 55 esse
415 2783 431 55 perfectissimum
774 2783 192 55 ens.
894 2783 168 55 Sic
990 2783 144 55 in
1038 2783 287 55 proposito,

292 2858 144 47 si
364 2858 337 47 effectivum
629 2858 144 47 ut
701 2858 337 47 effectivum
965 2858 337 47 necessario
1206 2858 120 47 in¬-

292 2934 327 56 cluderet
537 2934 518 56 imperfectionem,
973 2934 272 56 nullum
1136 2934 191 56 esset

290 3008 454 59 perfectissimum
668 3008 378 59 effectivum,
970 3008 202 59 quod
1096 3008 176 59 est
1172 3008 151 59 fal¬-

290 3086 202 56 sum;
416 3086 151 56 et
491 3086 151 56 si
567 3086 227 56 datur
718 3086 454 56 perfectissimum
1071 3086 252 56 effecti¬-

289 3162 213 57 vum,
422 3162 239 57 illud
582 3162 159 57 in
662 3162 266 57 agendo
848 3162 186 57 non
954 3162 266 57 potest
1113 3162 213 57 depen¬-

295 3238 192 56 dere
415 3238 144 56 ab
487 3238 216 56 alio.
630 3238 144 56 Si
702 3238 192 56 sic,
822 3238 192 56 ergo
942 3238 216 56 illud
1085 3238 192 56 erit
1181 3238 144 56 pri¬-

293 3316 206 53 mum,
422 3316 154 53 et
499 3316 180 53 sic
602 3316 283 53 habetur
782 3316 335 53 propositum.

345 3397 180 58 (n)
448 3397 309 58 Probatur
680 3397 206 58 sic.
809 3397 180 58 Hic
912 3397 258 58 Doctor
1067 3397 258 58 intendit

276 3474 159 56 tur
367 3474 273 56 probare,
572 3474 182 56 quod
686 3474 182 56 nisi
800 3474 251 56 ponatur
982 3474 228 56 status
1142 3474 137 56 in
1187 3474 137 56 cau-

279 3549 197 54 causis
417 3549 138 54 sis
496 3549 335 54 essentialiter
773 3549 276 54 ordinatis,
990 3549 158 54 quod
1088 3549 138 54 est
1167 3549 178 54 impos
1266 3549 59 54 -

1404 285 193 49 sibilis
1545 285 228 49 infinitas
1720 285 105 49 in
1773 285 316 49 accidentaliter
2036 285 245 49 ordinatis,
2211 285 228 49 essentiali-

1403 361 109 59 Et
1457 361 127 59 vis
1530 361 182 59 istius
1657 361 218 59 rationis
1821 361 145 59 stat
1912 361 109 59 in
1966 361 127 59 hoc
2039 361 145 59 quod
2130 361 182 59 dicit,
2239 361 200 59 ordinatis

1400 440 160 62 quod
1500 440 180 62 nulla
1620 440 300 62 difformitas
1860 440 300 62 perpetuatur
2099 440 160 62 nisi
2199 440 180 62 esset
2299 440 140 62 prius

1392 498 131 76 in
1458 498 240 76 virtute
1632 498 262 76 alicujus
1828 498 349 76 permanentis,
2112 498 174 76 quod
2221 498 153 76 non
2286 498 153 76 all°'

1391 591 176 54 est
1492 591 277 54 aliquid
1693 591 252 54 illius
1869 591 428 54 successionis,
2222 591 176 54 sed
2297 591 126 54 est

1392 664 257 59 aliquid
1579 664 211 59 prius
1719 664 421 59 essentialiter,
2070 664 187 59 quia
2164 664 257 59 quodlibet

1385 743 448 55 successionis
1749 743 336 55 dependet
2001 743 168 55 ab
2085 743 252 55 ipso.
2225 743 196 55 Exem¬-

1387 816 212 58 plum
1519 816 159 58 de
1598 816 423 58 difformitate
1942 816 132 58 ,
1995 816 212 58 etc.
2127 816 185 58 nam
2206 816 212 58 impos¬-

1390 894 239 56 sibile
1557 894 167 56 est
1653 894 215 56 motum
1796 894 334 56 perpetuari
2058 894 191 56 nisi
2177 894 143 56 ab
2225 894 191 56 aliquo

1388 971 396 56 permanente,
1705 971 211 56 quod
1837 971 185 56 sit
1942 971 317 56 alterius
2154 971 264 56 speciei,

1387 1046 163 54 et
1468 1046 190 54 hoc
1577 1046 298 54 propter
1794 1046 461 54 difformitalem
2173 1046 163 54 in
2227 1046 190 54 motu,

1388 1123 191 55 quia
1508 1123 168 55 est
1603 1123 407 55 essentialiter
1938 1123 383 55 successivus,
2250 1123 144 55 in
2297 1123 120 55 quo

1385 1201 185 55 est
1490 1201 264 55 semper
1675 1201 238 55 novum
1834 1201 238 55 prius
1993 1201 159 55 et
2072 1201 238 55 novum
2204 1201 212 55 poste¬-

1382 1274 245 55 rius.
1545 1274 353 55 Similiter
1817 1274 190 55 est
1926 1274 163 55 de
2007 1274 381 55 hominibus,
2279 1274 136 55 nam

1385 1350 207 55 quod
1514 1350 413 55 perpetuentur
1850 1350 310 55 infiniti
2082 1350 284 55 homines
2263 1350 155 55 suc¬-

1382 1427 346 55 cessive,
1641 1427 202 55 hoc
1757 1427 202 55 non
1872 1427 288 55 potest
2073 1427 230 55 esse
2217 1427 173 55 ab
2275 1427 144 55 uno

1385 1503 281 56 illorum;
1595 1503 187 56 ergo
1712 1503 140 56 ab
1782 1503 234 56 aliquo
1946 1503 281 56 alterius
2157 1503 281 56 speciei,
2344 1503 70 56 a

1384 1580 181 55 quo
1487 1580 206 55 tota
1616 1580 335 55 successio
1874 1580 413 55 individuorum
2184 1580 232 55 speciei

1383 1655 277 56 humanae
1584 1655 428 56 essentialiter
1936 1655 352 56 dependeat.
2213 1655 151 56 Si
2263 1655 151 56 enim

1381 1730 336 55 successio
1639 1730 284 55 hominum
1846 1730 413 55 perpetuetur;
2182 1730 207 55 ergo
2285 1730 129 55 est

1382 1807 244 45 status
1553 1807 147 45 in
1626 1807 244 45 causis
1797 1807 415 45 essentialiter
2115 1807 293 45 ordinatis.

1382 1881 246 51 Patet,
1554 1881 172 51 nam
1653 1881 246 51 causae
1825 1881 418 51 essentialiter
2144 1881 270 51 ordinatae

1377 1957 361 59 necessario
1661 1957 232 59 simul
1815 1957 387 59 concurrunt.
2125 1957 206 59 Pono
2228 1957 180 59 ergo,

1380 2031 196 55 quod
1503 2031 172 55 hic
1601 2031 221 55 homo,
1748 2031 196 55 Sol,
1871 2031 221 55 Deus,
2018 2031 147 55 et
2091 2031 172 55 sic
2189 2031 147 55 in
2238 2031 172 55 infi¬-

1381 2107 234 55 nitum,
1545 2107 187 55 sint
1662 2107 234 55 causae
1826 2107 398 55 essentialiter
2130 2107 281 55 ordinatae,

1377 2185 310 55 respectu
1610 2185 336 55 Socratis,
1868 2185 155 55 et
1945 2185 232 55 simul
2074 2185 336 55 concurrant,

1375 2259 300 59 numquid
1593 2259 245 59 omnes
1757 2259 382 59 concurrent
2056 2259 164 59 in
2111 2259 300 59 generati¬-

1379 2336 176 54 one
1479 2336 301 54 alterius
1705 2336 301 54 producti
1931 2336 126 54 a
1981 2336 301 54 Socrate.
2207 2336 151 54 Si
2257 2336 151 54 sic,

1374 2417 227 53 ergo
1515 2417 255 53 istae
1685 2417 283 53 causae
1884 2417 397 53 variantur,
2167 2417 227 53 maxime

1375 2490 328 58 proximae;
1627 2490 277 58 oportet
1828 2490 202 58 ergo
1954 2490 202 58 quod
2055 2490 353 58 continuentur

1375 2567 159 58 ab
1454 2567 265 58 aliqua
1640 2567 265 58 natura
1825 2567 398 58 permanente,
2143 2567 212 58 quia
2249 2567 159 58 cau¬-

1374 2643 206 54 sae,
1503 2643 258 54 saltem
1683 2643 335 54 proximae,
1941 2643 180 54 cum
2044 2643 335 54 deficiant
2276 2643 129 54 non

1379 2722 276 52 possunt
1580 2722 376 52 perpetuare.
1880 2722 251 52 Potest
2056 2722 226 52 etiam
2206 2722 201 52 dici
2307 2722 100 52 et

1373 2795 221 57 forte
1521 2795 270 57 melius,
1717 2795 196 57 quod
1840 2795 246 57 Doctor
2012 2795 147 57 in
2086 2795 196 57 ista
2184 2795 221 57 secunda

1375 2871 384 60 conclusione
1683 2871 179 60 non
1785 2871 307 60 intendit
2016 2871 333 60 absolute,
2246 2871 154 60 quod

1375 2947 191 54 nisi
1495 2947 263 54 ponatur
1686 2947 239 54 status
1853 2947 143 54 in
1925 2947 406 54 essentialiter
2236 2947 167 54 ordi¬-

1377 3023 228 54 natis,
1537 3023 160 54 non
1628 3023 228 54 potest
1788 3023 183 54 poni
1902 3023 297 54 infinitas
2130 3023 137 54 in
2176 3023 228 54 acciden¬-

1376 3097 276 56 taliter
1577 3097 351 56 ordinatis;
1853 3097 176 56 sed
1953 3097 201 56 quod
2079 3097 201 56 nisi
2179 3097 226 56 ponatur

1372 3173 218 57 ordo
1508 3173 408 57 essentialis
1834 3173 354 57 causarum,
2107 3173 163 57 in
2188 3173 191 57 quo
2270 3173 136 57 est

1372 3250 251 57 status
1548 3250 176 57 (ut
1648 3250 301 57 probatum
1874 3250 176 57 est
1974 3250 276 57 quinque
2150 3250 251 57 rationi¬-

1374 3323 186 56 bus)
1490 3323 163 56 non
1583 3323 256 56 poterit
1769 3323 186 56 poni
1886 3323 303 56 infinitas
2119 3323 140 56 in
2165 3323 233 56 acciden¬-

1377 3400 266 59 taliter
1570 3400 338 59 ordinatis,
1836 3400 145 59 et
1908 3400 193 59 quod
2029 3400 169 59 sic
2101 3400 290 59 intelligat

1370 3475 276 55 videtur
1571 3475 150 55 ex
1646 3475 251 55 tertia
1821 3475 401 55 conclusione,
2147 3475 176 55 ubi
2222 3475 176 55 dicit

1371 3554 218 54 quod
1507 3554 136 54 :
1561 3554 163 54 Et
1643 3554 299 54 negando
1860 3554 299 54 ordinem
2051 3554 353 54 essentialem
