2653 3979
619 322 324 38 SCHOL1UM.

311 431 111 46 I
355 431 111 46 n
400 431 155 46 hoc
488 431 222 46 tertio
644 431 266 46 articulo
844 431 222 46 probat
999 431 178 46 ens,
1110 431 155 46 cui
1177 431 133 46 tri¬-

273 496 180 48 plex
386 496 270 48 primitas
589 496 293 48 praedicta
814 496 293 48 competit,
1040 496 180 48 esse
1130 496 180 48 tantum

271 560 228 48 unum,
423 560 279 48 quatuor
626 560 380 48 rationibus.
930 560 177 48 Sed
1031 560 228 48 primo
1158 560 152 48 pro¬-

274 622 165 48 bat
369 622 212 48 esse,
510 622 259 48 necesse
698 622 212 48 esse,
839 622 165 48 tum
933 622 188 48 quia
1051 622 165 48 est
1122 622 188 48 incau-

276 686 258 50 sabile,
463 686 164 50 tum
557 686 211 50 etiam
697 686 187 50 quia
814 686 211 50 nihil
955 686 234 50 potest
1119 686 187 50 esse
1212 686 94 50 ei

254 751 388 47 incompossibile.

253 843 234 60 ,10.
399 843 322 60 Quantum
633 843 176 60 ad
721 843 205 60 (a)
838 843 322 60 tertium
1043 843 264 60 articu-

251 920 155 60 *
313 920 217 60 lum
437 920 248 60 dico
592 920 155 60 ,
654 920 248 60 quod
810 920 217 60 non
934 920 310 60 tantum
1120 920 186 60 ista

264 995 347 61 triplex
517 995 379 61 primitas
801 995 221 61 sic
927 995 284 61 inest
1085 995 221 61 eidem

264 1071 358 60 naturas,
532 1071 238 60 quod
681 1071 209 60 cui
801 1071 209 60 una
920 1071 268 60 inest
1069 1071 238 60 insunt

264 1147 268 53 alias,
452 1147 188 53 sed
559 1147 241 53 etiam
720 1147 188 53 est
827 1147 188 53 ibi
934 1147 241 53 talis
1068 1147 241 53 identi¬-

261 1224 232 60 tas,
406 1224 232 60 quod
552 1224 291 60 primum
755 1224 378 60 efficiens
1045 1224 203 60 est
1133 1224 174 60 tan¬-

261 1300 244 60 tum
401 1300 279 60 unum
575 1300 418 60 secundum
854 1300 453 60 quidditatem

265 1375 186 46 et
327 1375 310 46 naturam.

321 1445 204 59 Ad
423 1445 272 59 quod
593 1445 544 59 ostendendum,
1001 1445 306 59 ostendo

261 1521 349 59 primo
494 1521 426 59 quamdam
765 1521 543 59 conclusionem

269 1597 504 62 praeambulam,
678 1597 346 62 secundo
898 1597 409 62 principale.

325 1674 444 60 Praeambula
674 1674 254 60 est,
832 1674 254 60 quod
959 1674 349 60 efficiens

275 1748 244 60 quod
427 1748 213 60 est
549 1748 305 60 primum
762 1748 366 60 triplici
1006 1748 305 60 primita-

268 1827 173 50 te
355 1827 347 50 ostensa,
615 1827 202 50 est
730 1827 173 50 ex
817 1827 173 50 se
904 1827 318 50 necesse
1106 1827 202 50 esse.

268 1900 399 60 Probatio,
575 1900 245 60 quia
728 1900 215 60 est
851 1900 337 60 penitus
1066 1900 245 60 incau-

273 1974 326 54 sabile,
511 1974 208 54 nam
629 1974 564 54 contradictionem
1075 1974 237 54 inclu¬-

270 2049 203 64 dit
386 2049 319 64 aliquid
618 2049 232 64 esse
763 2049 261 64 prius
936 2049 174 64 eo
1023 2049 174 64 in
1081 2049 232 64 genere

271 2125 282 65 causas
468 2125 423 65 efficientis
807 2125 197 65 vel
919 2125 282 65 finis,
1117 2125 169 65 et
1173 2125 141 65 per

267 2202 445 64 consequens
617 2202 191 64 in
712 2202 318 64 genere
902 2202 413 64 cujuseumque

270 2279 348 57 causas;
524 2279 253 57 ergo
682 2279 222 57 est
809 2279 317 57 omnino
998 2279 317 57 incausa-

258 2353 165 46 bile.

339 2428 183 62 Ex
431 2428 214 62 hoc
553 2428 275 62 arguo
736 2428 214 62 sic
858 2428 153 62 :
919 2428 275 62 Nihil
1072 2428 244 62 potest

257 2510 328 58 possibile
509 2510 176 58 non
610 2510 202 58 esse
736 2510 202 58 nisi
861 2510 176 58 cui
962 2510 277 58 aliquid
1139 2510 176 58 mcom-

258 2573 288 72 quocTest
474 2573 120 72 a
522 2573 312 72 possibile
762 2573 288 72 positive
979 2573 168 72 vel
1051 2573 264 72 privative

260 2655 314 71 inesseePo-
506 2655 224 71 potest
663 2655 247 71 inesse,
843 2655 157 71 sed
933 2655 135 71 ei
1000 2655 179 71 quod
1112 2655 157 71 est
1202 2655 112 71 a
1224 2655 90 71 86

256 2729 232 69 lest-
411 2729 155 69 et
488 2729 283 69 penitus
694 2729 412 69 incausabile,
1029 2729 180 69 non
1106 2729 206 69 potest

267 2808 328 62 aliquid
506 2808 328 62 inesse,
745 2808 239 62 quod
894 2808 209 62 sit
1013 2808 179 62 ei
1073 2808 239 62 incom¬-

267 2886 397 62 possibile
573 2886 367 62 positive
848 2886 214 62 vel
939 2886 367 62 privative;

263 2961 277 63 ergo,
448 2961 247 63 etc.
602 2961 277 63 Major
787 2961 308 63 patet,
1003 2961 247 63 quia
1126 2961 185 63 nul¬-

265 3035 203 67 lum
381 3035 203 67 ens
497 3035 290 67 potest
700 3035 319 67 destrui
931 3035 232 67 nisi
1076 3035 203 67 per
1163 3035 145 67 in¬-

262 3112 464 67 compossibile
639 3112 232 67 sibi
784 3112 348 67 positive
1046 3112 203 67 vel
1133 3112 174 67 pri¬-

259 3188 329 64 vative.
498 3188 269 64 Minor
677 3188 388 64 probatur,
976 3188 239 64 quia
1096 3188 209 64 illud

260 3264 583 64 incompossibile,
751 3264 215 64 aut
874 3264 307 64 potest
1089 3264 246 64 esse
1212 3264 92 64 a

262 3341 173 65 se
349 3341 202 65 aut
464 3341 173 65 ab
551 3341 260 65 alio;
725 3341 173 65 si
811 3341 145 65 a
869 3341 202 65 se,
985 3341 231 65 ergo
1130 3341 202 65 est
1216 3341 87 65 a

259 3417 214 62 se;
382 3417 245 62 ergo
535 3417 214 62 duo
657 3417 582 62 incompossibilia
1116 3417 184 62 sunt

254 3491 349 68 simul,
498 3491 244 68 vel
638 3491 383 68 neutrum
917 3491 314 68 erit,
1091 3491 209 68 quia

259 3569 346 58 utrumque
519 3569 346 58 destruit
779 3569 231 58 esse
923 3569 375 58 alterius.
1183 3569 115 58 Si

1355 319 172 61 ab
1441 319 258 61 alio,
1614 319 316 61 contra,
1843 319 258 61 nulla
2016 319 258 61 causa
2159 319 230 61 potest

1353 393 396 62 destruere
1657 393 335 62 aliquod
1901 393 213 62 ens
2023 393 335 62 propter
2237 393 152 62 re¬-

1354 470 427 59 pugnantiam
1690 470 214 59 sui
1812 470 366 59 effectus
2087 470 183 59 ad
2148 470 244 59 illud,

1354 547 230 61 nisi
1498 547 202 61 suo
1613 547 346 61 effectui
1873 547 202 61 det
1988 547 403 61 perfectius
2276 547 115 61 et

1357 621 352 61 intensius
1628 621 217 61 esse
1764 621 217 61 quam
1899 621 190 61 sit
2007 621 217 61 esse
2116 621 271 61 alterius

1350 698 550 54 destructibilis;
1814 698 319 54 nullius
2045 698 261 54 autem
2190 698 203 54 entis

1354 776 164 48 ab
1436 776 219 48 alio
1572 776 191 48 est
1682 776 328 48 nobilius
1927 776 219 48 esse
2064 776 137 48 a
2119 776 191 48 sua
2201 776 191 48 causa

1354 850 231 62 quam
1499 850 202 62 sit
1614 850 231 62 esse
1759 850 260 62 entis
1932 850 144 62 a
1990 850 202 62 se,
2105 850 231 62 quia
2221 850 173 62 omne

1347 926 404 59 causatum
1650 926 303 59 habet
1852 926 269 59 esse
1986 926 404 59 dependens,

1354 1002 197 61 sed
1466 1002 225 61 quod
1607 1002 197 61 est
1719 1002 169 61 ex
1804 1002 197 61 se,
1916 1002 253 61 habet
2085 1002 225 61 esse
2197 1002 197 61 inde-

1324 1080 303 59 pendens.

1418 1152 148 72 Ex
1492 1152 173 72 hoc
1591 1152 223 72 ultra
1740 1152 173 72 (b)
1839 1152 148 72 ad
1913 1152 371 72 propositum,
2185 1152 223 72 Unt^na'

1360 1228 293 56 probatur
1579 1228 244 56 unitas
1750 1228 268 56 naturas
1945 1228 268 56 primas,
2115 1228 293 56 primjepro-

1351 1306 268 58 quod
1518 1306 235 58 est
1652 1306 469 58 principale
2021 1306 402 58 intentum
2289 1306 101 58 m

1352 1379 231 55 isto
1497 1379 289 55 tertio
1699 1379 376 55 articulo,
1988 1379 173 55 et
2075 1379 173 55 ad
2162 1379 202 55 hoc
2248 1379 145 55 ad¬-

1354 1455 224 55 duco
1494 1455 224 55 tres
1635 1455 365 55 rationes.
1915 1455 253 55 Prima
2083 1455 196 55 est
2168 1455 224 55 talis,

1355 1531 236 60 quia
1503 1531 177 60 si
1592 1531 236 60 duas
1740 1531 325 60 naturas
1976 1531 236 60 sint
2094 1531 296 60 necessa¬-

1357 1607 225 60 riae
1498 1607 253 60 esse,
1666 1607 366 60 aliquibus
1948 1607 394 60 rationibus
2229 1607 169 60 pro¬-

1355 1683 275 61 priis
1539 1683 367 61 realibus
1814 1683 520 61 distinguuntur
2243 1683 153 61 ,
2274 1683 122 61 et

1356 1758 347 53 dicantur
1616 1758 145 53 A
1674 1758 173 53 et
1761 1758 173 53 B;
1848 1758 260 53 istas
2021 1758 347 53 rationes
2252 1758 145 53 aut

1358 1834 244 49 sunt
1511 1834 367 49 rationes
1786 1834 428 49 formaliter
2092 1834 305 49 necessa¬-

1357 1909 221 55 rio
1484 1909 378 55 essendi,
1767 1909 221 55 aut
1894 1909 252 55 non.
2051 1909 189 55 Si
2146 1909 252 55 sic,
2272 1909 126 55 et

1359 1985 326 62 praeter
1596 1985 237 62 hasc
1744 1985 237 62 illa
1893 1985 207 62 duo
2011 1985 207 62 per
2129 1985 267 62 illud
2278 1985 118 62 in

1356 2061 235 63 quo
1491 2061 471 63 conveniunt
1861 2061 269 63 sunt
1995 2061 404 63 formaliter

1355 2136 474 61 necessaria;
1735 2136 253 61 ergo
1893 2136 379 61 utrumque
2145 2136 253 61 duabus

1359 2212 417 49 rationibus
1687 2212 417 49 formalibus
2015 2212 238 49 erit
2134 2212 268 49 necesse

1362 2288 253 62 esse,
1530 2288 224 62 quod
1671 2288 196 62 est
1783 2288 449 62 impossibile,
2148 2288 224 62 quia
2260 2288 140 62 cum

1355 2367 337 57 neutra
1591 2367 371 57 illarum
1861 2367 404 57 rationum
2164 2367 236 57 per
2265 2367 135 57 se

1357 2440 392 62 includat
1651 2440 326 62 aliam,
1880 2440 359 62 utraque
2108 2440 294 62 illarum

1363 2516 477 60 circumscripta
1756 2516 253 60 esset
1925 2516 309 60 necesse
2149 2516 225 60 esse
2262 2516 140 60 per

1363 2592 328 59 alterum,
1609 2592 164 59 et
1691 2592 191 59 ita
1800 2592 246 59 esset
1964 2592 301 59 aliquid
2156 2592 246 59 necesse

1359 2666 237 61 esse
1507 2666 207 61 per
1626 2666 296 61 illud,
1833 2666 207 61 quo
1922 2666 474 61 circumscripto,

1360 2729 196 78 non
1472 2729 252 78 minus
1640 2729 252 78 esset
1808 2729 308 78 necesse
2033 2729 308 78 ewc.lpi
2229 2729 168 78 vero

1358 2818 208 61 per
1477 2818 268 61 illas
1656 2818 357 61 rationes
1924 2818 298 61 quibus
2102 2818 298 61 formali¬-

1353 2893 229 61 ter
1484 2893 589 61 distinguuntur,
1975 2893 360 61 neutrum
2205 2893 196 61 for¬-

1358 2970 318 61 maliter
1590 2970 203 61 sit
1705 2970 347 61 necesse;
1966 2970 232 61 ergo
2111 2970 260 61 illas
2255 2970 145 61 ra¬-

1350 3045 339 48 tiones
1587 3045 237 48 non
1723 3045 271 48 sunt
1893 3045 475 48 formaliter
2232 3045 170 48 ra¬-

1352 3123 299 53 tiones
1561 3123 419 53 necessario
1891 3123 329 53 essendi
2130 3123 150 53 ,
2190 3123 179 53 et
2249 3123 150 53 ita

1348 3199 382 61 sequitur
1635 3199 255 61 quod
1794 3199 350 61 neutrum
2016 3199 382 61 includitur

1355 3274 152 62 in
1431 3274 279 62 necesse
1634 3274 228 62 esse,
1786 3274 203 62 quia
1913 3274 279 62 necesse
2116 3274 203 62 esse
2217 3274 178 62 nihil

1349 3350 327 61 includit
1594 3350 218 61 quod
1731 3350 191 61 non
1840 3350 191 61 sit
1949 3350 300 61 necesse
2140 3350 191 61 esse.

1411 3425 268 62 Secundo
1605 3425 292 62 probatur
1824 3425 195 62 idem
1946 3425 195 62 (c),
2067 3425 316 62 quiaText.
2286 3425 122 62 io.

1339 3501 262 49 duas
1503 3501 360 49 naturas
1765 3501 589 49 eminentissimae
2222 3501 164 49 non

1340 3577 370 61 possunt
1609 3577 269 61 esse
1778 3577 202 61 in
1878 3577 437 61 universo;
2181 3577 202 61 ergo
