2740 3979
193 338 212 76 nec
314 338 212 76 duo
435 338 273 76 prima
617 338 425 76 effectiva.
921 338 303 76 Probatio

196 414 434 79 antecedentis
549 414 136 79 ,
603 414 217 79 quia
739 414 298 79 species
956 414 163 79 se
1010 414 217 79 habent

191 491 266 87 sicut
369 491 325 87 numeri,
605 491 177 87 ex
693 491 177 87 3.
782 491 325 87 Metaph.
1018 491 177 87 et
1077 491 148 87 per

188 573 466 78 consequens
554 573 200 78 si
654 573 266 78 duae
820 573 233 78 non
920 573 300 78 possunt

332 645 194 75 iri
443 645 306 75 fi.odem
666 645 306 75 ordine,
888 645 250 75 multo
1027 645 194 75 magis

190 688 327 62 duse
394 688 735 62 eminentis»*,..
1007 688 204 62 .
1048 688 122 62 °

186 798 319 91 1?textet‘
431 798 172 91 ^0C
529 798 196 91 p^ot
651 798 172 91 (d)
749 798 245 91 tertio
921 798 172 91 per
994 798 245 91 rationem

186 875 192 72 uit.
306 875 144 72 de
378 875 263 72 ratione
569 875 240 72 finis,
737 875 192 72 quia
857 875 168 72 duo
953 875 216 72 lines
1072 875 168 72 ulti-

185 926 227 89 Sctu?
336 926 151 89 mi
411 926 151 89 si
487 926 277 89 essent,
688 926 302 89 haberent
915 926 201 89 duas
1015 926 227 89 coordi-

188 1012 314 88 nonesseUnt
434 1012 269 88 nationes
636 1012 224 88 entium
793 1012 135 88 ad
861 1012 157 88 se,
950 1012 157 88 ita
1040 1012 179 88 quod
1130 1012 112 88 is-

188 1095 315 84 dutotS«I!"
435 1095 135 84 ta
502 1095 202 84 entia
637 1095 135 84 ad
705 1095 180 84 illa
817 1095 225 84 nullum
974 1095 247 84 ordinem
1132 1095 112 84 ha-

187 1172 297 88 d1st0t32'
416 1172 252 88 serent,
599 1172 183 88 quia
713 1172 160 88 nec
805 1172 137 88 ad
873 1172 206 88 linem
1010 1172 252 88 illorum
1170 1172 69 88 ;

183 1252 163 70 4.
264 1252 163 70 q.
346 1252 163 70 4*
428 1252 191 70 nam
537 1252 218 70 quse
673 1252 436 70 ordinarentur
1027 1252 163 70 ad
1082 1252 163 70 unum

210 1327 302 71 finem
411 1327 402 71 ultimum,
712 1327 235 71 non
846 1327 369 71 possunt
1081 1327 168 71 or¬-

212 1404 334 70 dinari
445 1404 200 70 ad
546 1404 301 70 alium
746 1404 167 70 ,
813 1404 267 70 quia
946 1404 301 70 ejusdem

214 1480 307 58 causati
438 1480 224 58 duas
577 1480 224 58 esse
717 1480 279 58 causas
913 1480 307 58 totales
1108 1480 140 58 vel

216 1556 384 70 perfectas
512 1556 177 70 in
600 1556 266 70 eodem
778 1556 325 70 ordine,
1014 1556 207 70 est
1102 1556 148 70 im¬-

215 1632 414 70 possibile.
541 1632 237 70 Tunc
689 1632 237 70 enim
837 1632 266 70 esset
985 1632 266 70 aliquid

217 1708 177 69 in
306 1708 295 69 aliquo
513 1708 295 69 ordine
719 1708 207 69 per
838 1708 177 69 se
926 1708 295 69 causa,
1103 1708 148 69 quo

218 1783 227 69 non
347 1783 324 69 posito
574 1783 291 69 nihil
768 1783 291 69 minus
963 1783 291 69 esset
1124 1783 130 69 id

222 1861 375 69 perlecte
503 1861 407 69 causatum;
816 1861 375 69 ordinata
1066 1861 188 69 ergo

218 1936 201 57 ad
318 1936 268 57 unum
486 1936 302 57 finem
687 1936 302 57 nullo
888 1936 268 57 modo
1022 1936 235 57 ordi¬-

217 2013 325 68 nantur
445 2013 195 68 ad
543 2013 325 68 alium,
771 2013 228 68 nec
901 2013 228 68 per
999 2013 260 68 conse¬-

219 2088 284 71 quens
409 2088 189 71 ad
503 2088 252 71 illa
661 2088 252 71 quse
819 2088 441 71 ordinantur
1134 2088 126 71 nd

222 2164 267 66 alium,
409 2164 160 66 et
489 2164 187 66 ita
596 2164 160 66 ex
676 2164 187 66 his
783 2164 160 66 et
863 2164 240 66 illis
1023 2164 187 66 non
1103 2164 160 66 fie¬-

224 2246 227 52 ret
353 2246 259 52 unum
483 2246 388 52 universum.

284 2346 237 70 Hoc
419 2346 304 70 etiam
622 2346 338 70 quarto
825 2346 439 70 confirmatur

229 2423 195 69 in
326 2423 389 69 communi,
618 2423 259 69 quia
780 2423 292 69 nulla
974 2423 227 69 duo
1071 2423 195 69 pos¬-

232 2499 230 59 sunt
376 2499 230 59 esse
520 2499 432 59 terminantia
866 2499 374 59 totaliter
1125 2499 144 59 de¬-

231 2574 415 73 pendentiam
557 2574 207 73 ali
676 2574 267 73 cujus
853 2574 355 73 ejusdem,
1090 2574 178 73 quia

229 2649 260 69 tunc
392 2649 293 69 illud
587 2649 455 69 terminaret
912 2649 358 69 dependen¬-

230 2726 268 71 tiam,
409 2726 209 71 quo
528 2726 507 71 substractonon
945 2726 268 71 minus
1094 2726 179 71 ter¬-

235 2801 385 70 minaretur
532 2801 237 70 illa
680 2801 474 70 dependentia,
1065 2801 178 70 et
1125 2801 148 70 ita

235 2877 202 70 non
351 2877 260 70 esset
524 2877 433 70 dependentia
870 2877 173 70 ad
957 2877 289 70 illud.
1130 2877 144 70 Sed

238 2952 188 60 ad
332 2952 408 60 efficiens
646 2952 345 60 eminens
897 2952 188 60 et
991 2952 188 60 ad
1053 2952 220 60 finem

240 3028 385 73 dependent
536 3028 237 73 alia
684 3028 533 73 essentialiter;
1098 3028 178 73 ergo

238 3106 316 68 nullae
459 3106 253 68 duae
617 3106 347 68 naturae
870 3106 347 68 possunt
1091 3106 189 68 esse

243 3180 275 72 primo
427 3180 458 72 terminantes
793 3180 244 72 alia
946 3180 305 72 entia,
1129 3180 153 72 se¬-

241 3256 315 71 cundum
462 3256 284 71 istam
651 3256 410 71 triplicem
935 3256 347 71 dependen¬-

242 3323 238 81 tiam
391 3323 387 81 praecise}
689 3323 209 81 est
808 3323 238 81 ergo
957 3323 298 81 aliqua
1136 3323 149 81 una

177 3400 163 72 t
243 3400 325 72 natura
470 3400 423 72 terminans
796 3400 293 72 entia
959 3400 325 72 secundum

250 3485 283 74 istam
438 3485 409 74 triplicem
753 3485 535 74 dependentiam,
1162 3485 126 74 et

1275 348 213 91 ita
1396 348 304 91 habens
1609 348 274 91 istam
1792 348 396 91 triplicem
2066 348 243 91 primi-

1274 431 279 67 tatem,
1470 431 251 67 ergo,
1609 431 168 67 etc.

1532 576 474 55 COMMENTARIUS.

1322 735 172 73 {d)
1420 735 270 73 Quantum
1616 735 147 73 ad
1689 735 270 73 tertium
1885 735 343 73 articulum,
2155 735 147 73 ln
2204 735 123 73 50.

1273 826 328 77 quod
1478 826 410 77 primum
1765 826 287 77 duo
1889 826 410 77 probare,

1289 913 223 62 cesse
1438 913 223 62 esse,
1587 913 149 62 et
1661 913 248 62 probat
1834 913 173 62 ibi
1934 913 124 62 :
1983 913 149 62 Ex
2057 913 297 62 ho'c'10'
2256 913 74 62 ^

1288 988 172 64 guo
1387 988 197 64 sic.
1510 988 148 64 EL
1583 988 221 64 ratio
1731 988 197 64 stat
1854 988 148 64 in
1928 988 197 64 hoc,
2051 988 197 64 quod
2149 988 172 64 nihil

1297 1049 192 91 potest
1431 1049 211 91 destrui
1585 1049 154 91 nisi
1681 1049 134 91 per
1757 1049 211 91 aliquod
1911 1049 154 91 sibi
2007 1049 134 91 in-
2064 1049 269 91 p°aii1qui(f4

1295 1132 354 70 compossibile
1582 1132 265 70 positive
1781 1132 155 70 vel
1870 1132 310 70 privative.
2091 1132 243 70 PnvQlIVd*

1288 1215 357 63 Exemplum
1556 1215 268 63 primi
1734 1215 149 63 :
1794 1215 297 63 Albedo
2002 1215 208 63 non
2091 1215 238 63 potest

1294 1290 301 63 destrui
1512 1290 219 63 nisi
1649 1290 191 63 per
1758 1290 410 63 nigredinem,
2086 1290 219 63 quae
2195 1290 137 63 est

1299 1362 177 65 sibi
1410 1362 420 65 incompossibilis
1764 1362 288 65 positive.
1985 1362 133 65 Et
2051 1362 199 65 licet
2162 1362 177 65 Primum

1300 1439 226 64 albedo
1459 1439 226 64 posset
1617 1439 113 64 a
1662 1439 158 64 Deo
1752 1439 249 64 destrui
1933 1439 181 64 sine
2046 1439 203 64 posi-
2159 1439 181 64 ctivum

1305 1505 179 75 tione
1425 1505 279 75 nigredinis
1644 1505 120 75 in
1704 1505 259 75 subjecto,
1903 1505 120 75 ut
1963 1505 179 75 patet
2083 1505 100 75 a
2103 1505 239 75 ^necesse10

1304 1587 238 65 Doctore
1477 1587 130 65 in
1542 1587 130 65 4.
1607 1587 195 65 dist.
1737 1587 151 65 43.
1824 1587 195 65 tamen
1954 1587 216 65 posito
2105 1587 173 65 quod
2192 1587 151 65 esse-

1301 1668 182 62 sit
1405 1668 311 62 aliquid,
1638 1668 208 62 quod
1768 1668 234 62 nullo
1924 1668 208 62 modo
2054 1668 259 62 possit
2209 1668 130 62 de¬-

1302 1743 245 62 strui
1465 1743 218 62 nisi
1601 1743 191 62 per
1710 1743 299 62 aliquod
1901 1743 435 62 incompassibile

1306 1819 211 62 sibi,
1446 1819 211 62 sicut
1587 1819 281 62 privatio
1798 1819 164 62 non
1892 1819 234 62 potest
2056 1819 258 62 destrui
2220 1819 117 62 ni¬-

1302 1895 173 63 si
1389 1895 202 63 per
1504 1895 347 63 habitum,
1764 1895 318 63 tanquam
1995 1895 202 63 per
2082 1895 260 63 aliquod

1307 1971 329 65 positivum
1559 1971 455 65 incompassibile
1939 1971 227 65 sibi,
2090 1971 227 65 illud
2217 1971 126 65 non

1308 2048 252 64 posset
1484 2048 277 64 destrui
1685 2048 201 64 nisi
1811 2048 176 64 per
1912 2048 327 64 positivum
2139 2048 201 64 illud.

1306 2122 328 63 Exemplum
1552 2122 301 63 secundi
1770 2122 137 63 :
1825 2122 246 63 Visio
1989 2122 191 63 non
2071 2122 273 63 destrui¬-

1310 2198 186 63 tur
1417 2198 212 63 nisi
1549 2198 186 63 per
1655 2198 398 63 caecitatem,
1974 2198 212 63 quae
2106 2198 186 63 est
2186 2198 159 63 sibi

1311 2275 467 62 incompossibilis
1705 2275 344 62 privative.
1975 2275 148 62 Si
2049 2275 197 62 ergo
2147 2275 197 62 primum

1316 2350 352 62 effectivum
1592 2350 251 62 potest
1768 2350 176 62 non
1869 2350 226 62 esse,
2019 2350 176 62 hoc
2120 2350 201 62 erit
2220 2350 126 62 per

1316 2422 270 67 aliquod
1513 2422 197 67 sibi
1636 2422 443 67 incompassibile
2005 2422 320 67 privative
2226 2422 123 67 vel

1314 2498 345 68 positive,
1580 2498 159 68 et
1660 2498 266 68 certum
1846 2498 186 68 est
1952 2498 212 68 quod
2058 2498 292 68 privative

1317 2572 222 63 nihil
1465 2572 173 63 est
1564 2572 197 63 sibi
1688 2572 469 63 incompassibile,
2082 2572 173 63 (ut
2157 2572 197 63 patet)

1321 2648 201 67 quia
1447 2648 302 67 privatio
1673 2648 176 67 est
1774 2648 151 67 in
1849 2648 302 67 subjecto
2075 2648 201 67 apto
2176 2648 176 67 nato;

1319 2723 186 65 sed
1426 2723 159 65 in
1505 2723 239 65 primo
1665 2723 346 65 effectivo
1931 2723 186 65 non
2037 2723 186 65 est
2117 2723 239 65 aliquod

1319 2799 355 69 subjectum
1592 2799 219 69 quod
1729 2799 191 69 sit
1838 2799 383 69 receptivum
2111 2799 246 69 habitus

1322 2874 159 66 et
1402 2874 425 66 privationis,
1747 2874 212 66 quia
1880 2874 266 66 primum
2039 2874 319 66 effectivum

1320 2950 254 61 nullo
1489 2950 225 61 modo
1630 2950 197 61 est
1742 2950 423 61 compositum,
2080 2950 169 61 ut
2137 2950 225 61 patuit

1322 3024 266 69 supra.
1509 3024 240 69 Esset
1669 3024 213 69 enim
1802 3024 320 69 necesse,
2041 3024 213 69 quod
2175 3024 160 69 si
2228 3024 133 69 en-

1327 3101 221 66 titas
1475 3101 221 66 primi
1622 3101 320 66 effectivi
1868 3101 246 66 posset
2040 3101 270 66 destrui
2212 3101 148 66 pri¬-

1325 3176 301 65 vative,
1543 3176 219 65 quod
1680 3176 246 65 talis
1844 3176 328 65 privatio
2090 3176 164 65 in
2145 3176 219 65 aliquo

1327 3251 426 68 reciperetur,
1673 3251 213 68 quod
1806 3251 186 68 est
1913 3251 426 68 impossibile.
2232 3251 133 68 Nec

1333 3326 171 62 est
1430 3326 416 62 destructibile
1773 3326 171 62 per
1871 3326 269 62 aliquod
2067 3326 196 62 sibi
2165 3326 196 62 incom¬-

1334 3401 304 68 passibile
1568 3401 281 68 positive
1778 3401 187 68 quod
1895 3401 234 68 posset
2059 3401 187 68 sibi
2152 3401 211 68 inesse,

1334 3476 158 71 et
1413 3476 238 71 probo
1571 3476 185 71 per
1677 3476 238 71 omnia
1835 3476 502 71 incompossibilis
2231 3476 132 71 po-
