2740 3979
251 272 244 54 dicit
414 272 271 54 Doctor
604 272 217 54 quod
739 272 244 54 illae
902 272 217 54 duae
1011 272 271 54 rationes

249 350 295 47 formales
470 350 344 47 formaliter
741 350 344 47 differunt,
1011 350 172 47 sed
1109 350 147 47 in
1158 350 123 47 Deo

249 425 201 49 sunt
375 425 226 49 plura
526 425 352 49 formaliter
802 425 327 49 distincta
1029 425 252 49 secundum

251 500 251 51 Scotum
427 500 151 51 in
502 500 226 51 primo
653 500 226 51 dist.
803 500 151 51 8.
878 500 276 51 qusest.
1054 500 226 51 penull.

244 574 173 50 et
331 574 259 50 etiam
503 574 345 50 secundum
762 574 259 50 ipsum
935 574 316 50 Occham,
1136 574 144 50 re¬-

246 649 221 41 latio
394 649 148 41 et
468 649 295 41 essentia
689 649 320 41 differunt
935 649 345 41 formaliter
1182 649 98 41 in

246 724 197 53 Deo,
369 724 148 53 et
443 724 197 53 tunc
566 724 295 53 arguatur
787 724 148 53 ut
861 724 221 53 prius
1009 724 123 53 ;
1058 724 172 53 aut
1131 724 148 53 illa

247 798 343 42 formaliter
517 798 319 42 distincta
762 798 196 42 sunt
885 798 294 42 rationes
1081 798 196 42 forma¬-

246 874 181 49 les
350 874 362 49 necessario
634 874 310 49 essendi,
866 874 181 49 aut
970 874 207 49 non,
1099 874 155 49 et
1151 874 129 49 sic

246 952 305 49 arguatur
474 952 152 49 ut
525 952 203 49 prius.

220 1026 185 52 Pro
325 1026 185 52 Pro
431 1026 397 52 responsione
749 1026 159 52 ad
828 1026 344 52 argumenta
1066 1026 212 52 istius

225 1086 310 68 reSnota!°ne
473 1086 248 68 Doctoris
659 1086 268 68 praemitto
865 1086 227 68 aliqua.
1030 1086 206 68 Primo,
1154 1086 124 68 quod

244 1178 318 52 essentia
482 1178 159 52 de
561 1178 132 52 l
614 1178 159 52 B,
694 1178 132 52 a
747 1178 185 52 qua
852 1178 397 52 abstrahitur
1144 1178 132 52 ens

243 1253 301 48 commune,
469 1253 176 48 est
569 1253 151 48 in
644 1253 402 48 actualissima
946 1253 326 48 existentia,

240 1328 224 51 quae
380 1328 392 51 existentia
688 1328 196 51 est
799 1328 168 51 de
883 1328 336 51 essentia
1135 1328 140 51 A
1163 1328 112 51 et

243 1407 129 49 B,
307 1407 129 49 ut
371 1407 193 49 patet
500 1407 107 49 a
543 1407 214 49 Doctor
693 1407 129 49 e,
757 1407 279 49 praesenti
971 1407 193 49 dist.
1078 1407 193 49 qusest.

237 1481 155 50 2.
315 1481 155 50 et
392 1481 155 50 in
470 1481 285 50 Quolib.
677 1481 285 50 qusest.
885 1481 155 50 1.
962 1481 259 50 Primum
1118 1481 155 50 enim

239 1557 361 47 effectivum,
528 1557 289 47 scilicet
744 1557 144 47 A,
816 1557 144 47 et
888 1557 313 47 similiter
1105 1557 168 47 aliud

234 1633 273 50 primum
425 1633 409 50 effectivum,
752 1633 328 50 scilicet
998 1633 164 50 B,
1053 1633 218 50 habent

235 1709 245 49 aliam
398 1709 354 49 entitatem
671 1709 463 49 actualissimam
1052 1709 163 49 et
1107 1709 163 49 per¬-

230 1782 394 50 fectissime
539 1782 422 50 existentem,
876 1782 169 50 et
961 1782 253 50 nullo
1101 1782 169 50 modo

237 1858 311 52 realiter
470 1858 388 52 contractam,
781 1858 155 52 ut
859 1858 285 52 patebit
1066 1858 233 52 infra
1195 1858 78 52 a

245 1934 268 42 Doctore
440 1934 220 42 dist.
586 1934 146 42 5.
659 1934 146 42 et
732 1934 171 42 26.
830 1934 146 42 et
903 1934 220 42 istae
1049 1934 195 42 duae
1147 1934 122 42 en-

225 1997 288 72 UllciesPe*
451 1997 226 72 lilkdbs
616 1997 164 72 sive
718 1997 226 72 naturae
883 1997 370 72 actualissimae,
1170 1997 103 72 aut

225 2078 126 72 tS
288 2078 231 72 ctio/e~
456 2078 168 72 sunt
561 2078 210 72 Husdem
708 2078 231 72 speciei
875 2078 378 72 specialissimae
1169 2078 105 72 aut

225 2159 164 55 alia
328 2159 369 55 e;Sen-aiterius
636 2159 246 55 speciei.
821 2159 144 55 Non
903 2159 246 55 secundo,
1087 2159 164 55 quia
1169 2159 103 55 una

218 2198 336 35 tiahter.
442 2198 84 35 r

239 2243 291 54 species
450 2243 371 54 necessario
742 2243 185 54 est
847 2243 371 54 perfectior
1112 2243 159 54 alia

240 2320 464 51 essentialiter,
627 2320 155 51 ut
704 2320 232 51 patet
859 2320 155 51 8.
936 2320 283 51 Metaph.
1116 2320 155 51 quia

238 2396 246 46 formae
411 2396 148 46 se
484 2396 246 46 habent
656 2396 221 46 sicut
804 2396 270 46 numeri,
1001 2396 148 46 et
1074 2396 172 46 sic
1148 2396 123 46 una

238 2472 247 47 illarum
417 2472 202 47 esset
551 2472 314 47 eminentior
798 2472 404 47 essentialiter,
1134 2472 135 47 et
1179 2472 90 47 si

235 2548 193 52 sic,
355 2548 217 52 esset
500 2548 241 52 contra
668 2548 457 52 praesuppositum,
1053 2548 193 52 quod
1150 2548 120 52 est

236 2624 188 56 quod
353 2624 188 56 ista
470 2624 164 56 duo
564 2624 258 56 necesse
752 2624 188 56 esse
870 2624 188 56 sint
964 2624 305 56 simpliciter

235 2701 475 51 eminentissima.
631 2701 158 51 Si
710 2701 264 51 primo,
894 2701 211 51 stat
1000 2701 264 51 argumen¬-

240 2782 167 52 tum
336 2782 310 52 Doctoris,
574 2782 191 52 quia
694 2782 215 52 istae
837 2782 191 52 duse
957 2782 263 52 naturae
1124 2782 143 52 rea¬-

237 2865 225 50 liter
387 2865 351 50 conveniunt
663 2865 150 50 in
738 2865 251 50 aliqua
913 2865 251 50 natura
1064 2865 200 50 speci¬-

238 2939 226 52 fica,
389 2939 226 52 sicut
539 2939 276 52 dicimus
740 2939 201 52 quod
866 2939 251 52 natura
1017 2939 251 52 Socratis

238 3016 167 44 et
322 3016 278 44 natura
517 3016 334 44 Platonis
767 3016 390 44 conveniunt
1073 3016 167 44 in
1129 3016 139 44 hu¬-

241 3089 318 52 manitate,
485 3089 147 52 et
559 3089 220 52 ultra
706 3089 171 52 hoc
804 3089 318 52 differunt
1049 3089 171 52 per
1122 3089 147 52 suas

242 3165 416 51 differentias,
584 3165 147 51 et
658 3165 171 51 sic
756 3165 294 51 Socrates
976 3165 269 51 constat
1148 3165 122 51 per

238 3239 211 43 suam
369 3239 396 43 humanitatem
686 3239 158 43 et
765 3239 422 43 differentiam
1081 3239 185 43 indi-

233 3317 363 49 vidualem.
512 3317 195 49 Sic
624 3317 168 49 in
708 3317 391 49 proposito,
1015 3317 279 49 natura
1182 3317 84 49 A

238 3391 318 51 convenit
476 3391 424 51 quidditative
821 3391 186 51 cum
927 3391 265 51 natura
1112 3391 159 51 B,
1165 3391 106 51 et

236 3468 232 51 ultra
391 3468 181 51 hoc
494 3468 284 51 differt
701 3468 155 51 ab
778 3468 207 51 ipso
908 3468 155 51 B,
985 3468 181 51 non
1088 3468 181 51 per
1166 3468 103 51 id

242 3545 185 56 quo
347 3545 343 56 convenit,
611 3545 185 56 sed
717 3545 185 56 per
822 3545 290 56 aliquam
1007 3545 264 56 rationem

1330 273 325 51 formalem
1573 273 460 51 distinguentem
1952 273 135 51 A
2006 273 135 51 a
2060 273 162 51 K,
2142 273 162 51 et
2196 273 162 51 tunc

1330 352 211 48 stat
1462 352 370 48 argumentum
1726 352 290 48 Doctoris.

1384 425 275 53 Secundo
1584 425 350 53 praemitto,
1859 425 200 53 quod
1983 425 225 53 licet
2133 425 125 53 a
2158 425 200 53 natura

1330 503 132 50 A
1382 503 159 50 et
1462 503 132 50 a
1515 503 265 50 natura
1700 503 132 50 B
1753 503 265 50 possit
1938 503 318 50 abstrahi
2150 503 212 50 conce¬-

1329 579 217 50 ptus
1465 579 326 50 communis
1709 579 271 50 entis,
1899 579 190 50 qui
2007 579 244 50 tamen
2143 579 217 50 conce¬-

1329 655 212 50 ptus
1462 655 186 50 est
1568 655 345 50 posterior
1834 655 212 50 ipso
1967 655 133 50 A
2020 655 159 50 et
2099 655 159 50 B,
2179 655 159 50 et
2232 655 133 50 per

1328 729 392 49 consequens
1636 729 252 49 nullo
1804 729 224 49 modo
1943 729 196 49 est
2055 729 252 49 ratio
2195 729 168 49 con¬-

1325 803 365 53 stituendi
1606 803 140 53 A
1662 803 168 53 et
1746 803 168 53 S,
1830 803 168 53 ut
1914 803 253 53 patet
2082 803 140 53 ;
2139 803 168 53 et
2195 803 168 53 quod

1331 879 215 52 talis
1474 879 310 52 conceptus
1713 879 167 52 sit
1809 879 334 52 posterior,
2071 879 263 52 patebit
2239 879 119 52 in¬-

1328 953 172 45 fra
1427 953 123 45 a
1476 953 270 45 Doctore
1672 953 147 45 d.
1745 953 147 45 8.
1819 953 147 45 et
1892 953 172 45 sic
1990 953 221 45 nullo
2137 953 196 45 modo
2235 953 123 45 est

1324 1031 227 51 ratio
1475 1031 403 51 constituendi
1803 1031 252 51 prius;
1979 1031 176 51 non
2080 1031 176 51 sic
2181 1031 176 51 est
2256 1031 101 51 de

1326 1108 317 52 conceptu
1563 1108 370 52 specifico,
1854 1108 238 52 talis
1985 1108 370 52 praesupponit

1322 1185 307 51 naturam
1545 1185 335 51 communem
1796 1185 390 51 individuis
2103 1185 167 51 et
2159 1185 195 51 prio¬-

1324 1259 168 51 rem
1420 1259 240 51 ipsis,
1588 1259 168 51 vel
1684 1259 168 51 est
1780 1259 192 51 ipsa
1899 1259 264 51 natura,
2091 1259 168 51 sic
2163 1259 192 51 essen¬-

1321 1335 318 49 tialiter
1559 1335 265 49 prior.
1745 1335 159 49 Et
1824 1335 186 49 sic
1930 1335 159 49 si
2010 1335 318 49 darentur
2222 1335 133 49 duo

1324 1406 216 49 prima
1468 1406 335 49 effectiva,
1731 1406 287 49 scilicet
1947 1406 120 49 A
1995 1406 144 49 et
2067 1406 168 49 /?,
2162 1406 192 49 illa
2258 1406 96 49 de

1321 1481 377 52 necessitate
1623 1481 377 52 convenirent
1924 1481 151 52 in
2000 1481 252 52 aliqua
2151 1481 201 52 natura

1319 1555 308 56 communi
1543 1555 280 56 priore
1739 1555 140 56 A
1795 1555 168 56 et
1880 1555 168 56 B,
1964 1555 168 56 et
2020 1555 336 56 distingue¬-

1315 1634 288 47 rentur
1517 1634 201 47 per
1632 1634 144 47 C
1689 1634 173 47 et
1776 1634 173 47 D,
1862 1634 173 47 et
1948 1634 201 47 cum
2063 1634 201 47 una
2150 1634 201 47 ratio

1319 1707 181 49 non
1422 1707 310 49 includat
1655 1707 361 49 formaliter
1938 1707 258 49 aliam,
2119 1707 155 49 si
2170 1707 181 49 illae

1319 1783 317 55 rationes
1557 1783 212 55 sunt
1689 1783 291 55 necesse
1900 1783 238 55 esse,
2059 1783 212 55 tunc
2165 1783 185 55 argu¬-

1318 1861 269 41 mentum
1506 1861 323 41 Doctoris
1748 1861 215 41 stat
1883 1861 161 41 in
1963 1861 188 41 suo
2044 1861 242 41 robore.

1372 1940 159 53 Si
1451 1940 291 53 dicatur
1662 1940 211 53 hic,
1794 1940 211 53 quod
1927 1940 185 53 non
2032 1940 317 53 sequitur
2244 1940 132 53 53.

1325 1997 168 74 quod
1430 1997 105 74 A
1472 1997 168 74 erit
1577 1997 231 74 necesse
1745 1997 168 74 esse
1850 1997 231 74 duplici
2019 1997 210 74 neces-
2145 1997 231 74 °1jecll0#

1320 2093 276 52 sitate,
1521 2093 201 52 quia
1647 2093 352 52 necessitas
1923 2093 402 52 praesupponit
2224 2093 126 52 en¬-

1318 2171 346 52 titatem;
1577 2171 202 52 sed
1693 2171 259 52 ipsum
1865 2171 144 52 A
1923 2171 259 52 habet
2096 2171 230 52 esse
2211 2171 144 52 per

1317 2245 239 52 istas
1477 2245 213 52 duas
1610 2245 319 52 rationes
1849 2245 319 52 formales
2088 2245 213 52 quae
2195 2245 159 52 sunt

1320 2323 295 49 rationes
1542 2323 295 49 formales
1763 2323 344 49 necessario
2033 2323 295 49 essendi,
2230 2323 123 49 ita

1320 2400 201 53 quod
1446 2400 226 53 sicut
1597 2400 176 53 una
1697 2400 176 53 non
1798 2400 226 53 dicit
1949 2400 226 53 totam
2074 2400 277 53 entitatem

1317 2476 252 52 ipsius
1493 2476 151 52 d,
1569 2476 303 52 sequitur
1796 2476 202 52 quod
1922 2476 177 52 nec
2023 2476 227 52 etiam
2149 2476 202 52 neces¬-

1316 2552 284 50 sitatem
1523 2552 388 50 simpliciter
1833 2552 258 50 ipsius
2014 2552 181 50 /(,
2117 2552 233 50 sicut
2247 2552 103 50 si

1315 2627 206 43 homo
1444 2627 335 43 diceretur
1702 2627 258 43 habere
1882 2627 283 43 necesse
2088 2627 206 43 esse
2191 2627 155 43 sal¬-

1311 2703 195 51 tem
1423 2703 335 51 secundum
1674 2703 251 51 quid,
1841 2703 195 51 non
1953 2703 363 51 diceretur
2204 2703 139 51 ne¬-

1315 2783 238 51 cesse
1473 2783 212 51 esse
1605 2783 185 51 per
1711 2783 317 51 rationem
1949 2783 344 51 animalis,
2187 2783 159 51 quia

1313 2859 155 53 si
1391 2859 206 53 sic,
1519 2859 258 53 posset
1700 2859 258 53 argui,
1880 2859 155 53 ut
1957 2859 258 53 Doctor
2112 2859 232 53 arguit,

1316 2936 211 52 quod
1448 2936 291 52 duplici
1659 2936 396 52 necessitate
1976 2936 238 52 esset
2108 2936 238 52 necesse

1322 3012 186 52 esse,
1446 3012 145 52 sic
1529 3012 124 52 in
1591 3012 289 52 proposito.
1818 3012 186 52 Dico,
1942 3012 165 52 quod
2045 3012 165 52 etsi
2128 3012 248 52 Responsio,

1315 3090 353 50 necessitas
1592 3090 403 50 praesupponal
1920 3090 353 50 entitatem,
2172 3090 176 50 tamen

1316 3165 239 50 sicut
1475 3165 186 50 est
1581 3165 398 50 impossibile
1899 3165 292 50 aliquid
2111 3165 212 50 esse
2217 3165 133 50 ens

1318 3241 270 51 duplici
1515 3241 295 51 enliiate
1736 3241 148 51 et
1810 3241 320 51 ultimata,
2056 3241 172 51 sic
2154 3241 172 51 est
2228 3241 123 51 im¬-

1316 3317 320 52 possibile
1562 3317 271 52 aliquid
1759 3317 197 52 esse
1882 3317 369 52 simpliciter
2153 3317 197 52 neces¬-

1318 3393 151 50 se
1393 3393 201 50 esse
1519 3393 276 50 duplici
1720 3393 377 50 necessitate
1996 3393 352 50 simpliciter,

1315 3468 230 52 quia
1459 3468 490 52 circumscripta
1862 3468 230 52 una,
2006 3468 259 52 adhuc
2150 3468 202 52 esset

1317 3547 277 55 necesse
1518 3547 201 55 esse
1644 3547 176 55 per
1745 3547 252 55 aliam;
1921 3547 151 55 et
1997 3547 151 55 ex
2072 3547 201 55 alia
2173 3547 176 55 parte
