2740 3979
330 279 143 55 Si
402 279 286 55 dicalur,
616 279 238 55 saltem
783 279 214 55 illud
926 279 119 55 a
973 279 167 55 quo
1045 279 262 55 accipitur

278 349 370 54 conceptus
562 349 256 54 entis
733 349 171 54 in
818 349 199 54 quo
932 349 341 54 convenit
1160 349 142 54 cum

272 418 319 54 creatura,
518 418 270 54 differt
714 418 147 54 ab
788 418 196 54 illo
910 418 123 54 a
959 418 172 54 quo
1033 418 270 54 accipitur

274 487 214 54 ratio
417 487 381 54 differentia}
727 487 167 54 qua
822 487 262 54 differt
1012 487 119 54 a
1036 487 262 54 creatura,

267 557 173 55 et
354 557 202 55 sic
469 557 346 55 formetur
728 557 403 55 argumentum
1045 557 173 55 ut
1102 557 202 55 prius

275 626 137 43 de
344 626 205 43 illis
458 626 228 43 duobus.'

325 697 350 55 Respondeo,
600 697 200 55 quod
725 697 150 55 si
800 697 400 55 singularitas
1100 697 200 55 essen-

246 765 114 51 ‘
292 765 183 51 tia3
406 765 252 51 divina)
589 765 206 51 esset
727 765 206 51 extra
864 765 206 51 illam
1001 765 252 51 formali
1162 765 137 51 ter,

238 835 295 56 ■forte
445 835 413 56 argumentum
770 835 325 56 haberet
976 835 325 56 aliqualem

266 904 414 58 apparentiam,
602 904 181 58 sed
706 904 310 58 essentia
938 904 258 58 divina
1119 904 181 58 est
1197 904 103 58 de

267 974 147 56 se
341 974 344 56 formaliter
611 974 245 56 lisec,
783 974 147 56 ut
856 974 221 56 patet
1004 974 221 56 infra
1151 974 147 56 d.
1200 974 98 56 5.

265 1045 291 57 quaest.
476 1045 159 57 2.
555 1045 159 57 et
635 1045 185 57 26.
741 1045 159 57 Et
820 1045 185 57 sic
926 1045 212 57 dico
1058 1045 212 57 quod
1164 1045 132 57 es¬-

265 1116 246 55 sentia
438 1116 246 55 divina
610 1116 246 55 seipsa
782 1116 246 55 tantum
954 1116 295 55 realiter
1151 1116 148 55 dif¬-

264 1187 197 54 fert
387 1187 123 54 a
437 1187 320 54 creatura,
682 1187 148 54 et
756 1187 320 54 conceptus
1002 1187 221 54 entis
1125 1187 172 54 acci¬-

270 1262 221 58 pitur
418 1262 147 58 ab
491 1262 196 58 ipsa
614 1262 147 58 ut
687 1262 172 58 est
785 1262 343 58 formaliter
1055 1262 221 58 haec,
1177 1262 123 58 qui

268 1333 361 56 conceptus,
552 1333 155 56 ut
629 1333 206 56 dixi
758 1333 258 56 supra,
939 1333 181 56 est
1016 1333 284 56 posterior

244 1406 150 50 ipsa.

312 1478 160 56 Ad
392 1478 239 56 aliud
552 1478 372 56 argumentum
844 1478 266 56 illius
1030 1478 213 56 dico
1137 1478 160 56 bre¬-

264 1553 221 56 viter
412 1553 148 56 de
486 1553 369 56 attributis,
781 1553 197 56 quod
904 1553 197 56 etsi
1002 1553 295 56 formaliter

262 1631 196 59 sint
385 1631 270 59 necesse
582 1631 221 59 esse,
729 1631 172 59 ita
827 1631 196 59 quod
950 1631 319 59 sapientia
1171 1631 123 59 sit

261 1710 264 56 necesse
453 1710 192 56 esse
573 1710 384 56 simpliciter,
886 1710 192 56 alia
982 1710 312 56 necessitate

256 1785 346 56 formaliter
528 1785 124 56 a
578 1785 322 56 bonitate,
825 1785 223 56 tamen
973 1785 173 56 non
1048 1785 247 56 sequitur

255 1863 198 57 quod
379 1863 420 57 circumscripta
725 1863 173 57 una
824 1863 296 57 illarum,
1046 1863 198 57 ipse
1145 1863 148 57 Deus

251 1943 234 45 esset
407 1943 285 45 necesse
614 1943 208 45 esse
744 1943 156 45 et
822 1943 182 45 non
926 1943 285 45 necesse
1107 1943 182 45 esse,

250 2013 203 58 quia
377 2013 228 58 sicut
529 2013 279 58 entitas
732 2013 178 58 Dei
833 2013 228 58 nullo
986 2013 203 58 modo
1112 2013 178 58 est
1189 2013 102 58 ab

248 2090 284 54 enlitate
461 2090 402 54 attributorum,
792 2090 166 54 cum
887 2090 166 54 sit
982 2090 213 54 prior
1100 2090 189 54 illis,

247 2165 145 57 ut
319 2165 218 57 patet
465 2165 121 57 a
513 2165 266 57 Doctore
706 2165 145 57 in
779 2165 242 57 primo,
948 2165 145 57 et
1021 2165 145 57 in
1069 2165 218 57 Quolib.

249 2236 141 59 Ha
320 2236 165 59 nec
414 2236 329 59 necessitas
673 2236 165 59 Dei
767 2236 165 59 est
861 2236 141 59 ab
931 2236 235 59 illis,
1096 2236 165 59 imo
1166 2236 118 59 si,

255 2317 181 58 per
359 2317 415 58 impossibile,
696 2317 233 58 omnia
851 2317 337 58 attributa
1085 2317 207 58 divina

257 2394 258 54 essent
438 2394 465 54 circumscripta,
826 2394 181 54 ita
929 2394 233 54 esset
1058 2394 233 54 necesse

260 2469 211 56 esse,
400 2469 211 56 sicut
541 2469 211 56 ipsis
682 2469 164 56 non
776 2469 446 56 circumscriptis.
1128 2469 164 56 Ratio

255 2545 224 59 ergo
395 2545 420 59 concluderet
731 2545 280 59 contra
928 2545 364 59 Doctorem,
1180 2545 112 59 si

255 2623 337 59 hujusmodi
515 2623 337 59 attributa
774 2623 259 59 essent
956 2623 311 59 rationes
1163 2623 130 59 ne¬-

255 2695 327 57 cessario
500 2695 300 57 essendi
718 2695 273 57 ipsius
909 2695 218 57 Dei,
1046 2695 218 57 quod
1155 2695 136 57 non

255 2771 182 57 est
359 2771 260 57 verum,
541 2771 182 57 imo
645 2771 208 57 etsi
775 2771 208 57 ipsa
904 2771 338 57 attributa
1138 2771 156 57 sint

252 2847 346 56 formaliter
524 2847 272 56 necesse
722 2847 223 56 esse,
871 2847 396 56 originaliter
1167 2847 124 56 ta¬-

254 2924 186 58 men
361 2924 160 58 et
441 2924 293 58 propter
654 2924 266 58 realem
840 2924 399 58 identitatem
1133 2924 160 58 quam

252 3000 281 55 habent
448 3000 196 55 cum
561 3000 337 55 essentia
813 3000 168 55 ab
897 3000 224 55 ipsa
1038 3000 224 55 sunt
1150 3000 140 55 ne¬-

261 3076 193 59 cesse
389 3076 193 59 esse,
518 3076 129 59 ut
583 3076 193 59 patet
712 3076 193 59 infra
841 3076 193 59 dist.
970 3076 129 59 8.
1034 3076 236 59 quaest.
1185 3076 107 59 pe-

255 3150 203 58 nult.
391 3150 135 58 et
459 3150 135 58 in
526 3150 248 58 Quolib.
707 3150 181 58 Quod
820 3150 203 58 dicit
955 3150 181 58 ipse
1068 3150 135 58 de
1113 3150 181 58 essen¬-

261 3227 164 59 tia
354 3227 140 59 et
424 3227 304 59 relatione
658 3227 257 59 patebit
845 3227 211 59 infra
986 3227 304 59 praesenti
1196 3227 94 59 d.

258 3304 207 62 quod
387 3304 285 62 relatio
594 3304 181 62 non
698 3304 181 62 est
801 3304 362 62 formaliter
1060 3304 233 62 necesse

260 3381 207 58 esse,
398 3381 161 58 sed
490 3381 184 58 lota
604 3381 321 58 necessitas
857 3381 230 58 illius
1018 3381 161 58 est
1086 3381 207 58 propter

257 3455 358 53 identitatem
544 3455 191 53 rea1
663 3455 143 53 em
735 3455 167 53 cum
830 3455 287 53 essentia
1021 3455 215 53 divina.

301 3533 169 65 Et
385 3533 282 65 quando
583 3533 254 65 dicit
753 3533 311 65 Occham,
978 3533 198 65 ubi
1063 3533 226 65 supra,

1354 282 196 54 quod
1476 282 147 54 si
1549 282 294 54 essentia
1769 282 171 54 est
1867 282 269 54 necesse
2063 282 220 54 esse,
2210 282 147 54 et
2259 282 122 54 re¬-

1350 358 206 56 latio
1487 358 297 56 similiter
1716 358 114 56 ;
1761 358 183 56 ergo
1876 358 206 56 datur
2013 358 160 56 ibi
2104 358 228 56 aliqua
2241 358 137 56 com¬-

1352 436 258 52 positio
1539 436 304 52 essentiae
1773 436 141 52 et
1843 436 351 52 relationis,
2124 436 164 52 cum
2195 436 187 52 essen¬-

1354 510 168 56 tia
1450 510 168 56 sit
1546 510 216 56 prior
1689 510 335 56 relatione,
1953 510 144 56 et
2025 510 168 56 per
2097 510 287 56 consequens

1353 585 256 55 videtur
1539 585 186 55 quod
1655 585 163 55 sit
1748 585 140 55 in
1818 585 279 55 potentia
2027 585 140 55 ad
2074 585 186 55 illam.

1404 660 238 56 Dico,
1562 660 211 56 dato
1694 660 211 56 quod
1826 660 290 56 relatio
2037 660 238 56 esset
2169 660 211 56 forma¬-

1349 735 222 51 liter
1498 735 272 51 necesse
1695 735 222 51 esse,
1843 735 222 51 adhuc
1992 735 296 51 essenlia
2189 735 198 51 divina

1349 812 172 56 non
1448 812 172 56 est
1546 812 245 56 aliquo
1718 812 196 56 modo
1840 812 147 56 in
1914 812 294 56 potentia
2135 812 147 56 ad
2184 812 196 56 illam,

1352 888 167 55 cum
1448 888 167 55 sit
1543 888 358 55 simpliciter
1830 888 143 55 in
1901 888 239 55 ultima
2045 888 334 55 actualitate,

1353 964 147 57 et
1426 964 220 57 magis
1573 964 269 57 relatio
1768 964 269 57 dicitur
1964 964 196 57 esse
2086 964 147 57 in
2160 964 196 57 actu
2258 964 122 57 per

1349 1039 342 55 essentiam
1612 1039 211 55 quam
1744 1039 132 55 e
1796 1039 290 55 contra,
2007 1039 158 55 et
2086 1039 158 55 de
2165 1039 184 55 hoc
2244 1039 132 55 vi¬-

1351 1114 143 58 de
1423 1114 262 58 diffuse
1614 1114 286 58 Doctorem
1828 1114 143 58 in
1900 1114 143 58 1.
1971 1114 215 58 dist.
2115 1114 143 58 1.
2162 1114 215 58 quaest.

1350 1192 144 55 2.
1422 1192 144 55 et
1494 1192 216 55 dist.
1637 1192 168 55 26.
1733 1192 144 55 et
1805 1192 144 55 in
1877 1192 263 55 Quolib.
2069 1192 144 55 Et
2140 1192 168 55 sic
2212 1192 168 55 patet

1349 1267 294 56 qualiter
1569 1267 342 56 argumentum
1838 1267 294 56 Doctoris
2058 1267 171 56 est
2131 1267 245 56 evidens.

1399 1337 172 58 (c)
1498 1337 270 58 Secundo
1694 1337 417 58 principaliter
2037 1337 245 58 arguit
2184 1337 196 58 Doctor

1344 1413 353 58 probando,
1616 1413 218 58 quod
1752 1413 190 58 non
1860 1413 299 58 possunt
2078 1413 218 58 esse
2187 1413 190 58 plura

1344 1489 239 58 prima
1504 1489 346 58 effectiva
1770 1489 186 58 ibi
1876 1489 133 58 :
1929 1489 292 58 Secundo
2115 1489 266 58 probatur

1342 1568 239 54 idem,
1502 1568 213 54 quia
1635 1568 213 54 duae
1768 1568 319 54 naturae,
2007 1568 213 54 etc.
2140 1568 159 54 Et
2193 1568 186 54 ratio

1345 1644 196 56 stat
1468 1644 147 56 in
1542 1644 196 56 hoc,
1665 1644 196 56 quia
1788 1644 221 56 sicut
1935 1644 246 56 unitas
2107 1644 246 56 addita
2254 1644 123 56 nu¬-

1341 1723 198 58 mero
1465 1723 248 58 variat
1639 1723 297 58 speciem,
1862 1723 273 58 (patet,
2060 1723 198 58 quia
2184 1723 149 58 si
2233 1723 149 58 ter¬-

1339 1798 240 54 nario
1499 1798 293 54 additur
1713 1798 187 54 una
1819 1798 293 54 unitas,
2032 1798 213 54 erit
2139 1798 240 54 numerus

1343 1875 418 56 quaternarius,
1687 1875 147 56 et
1761 1875 196 56 alia
1884 1875 270 56 species
2080 1875 123 56 a
2105 1875 270 56 ternario,

1344 1951 141 59 et
1414 1951 352 59 perfectior)
1696 1951 164 59 sic
1790 1951 141 59 in
1860 1951 282 59 gradibus
2048 1951 329 59 perfectiona-

1339 2028 222 60 libus
1487 2028 148 60 et
1561 2028 370 60 specificis.
1858 2028 197 60 Nota
1981 2028 222 60 tamen
2129 2028 197 60 quod
2228 2028 148 60 qui¬-

1341 2103 185 57 dam
1446 2103 211 57 sunt
1578 2103 264 57 gradus
1763 2103 476 57 perfectionales
2133 2103 238 57 indivi¬-

1341 2179 299 59 duorum,
1558 2179 163 59 id
1640 2179 217 59 est,
1775 2179 435 59 consequentes
2129 2179 217 59 esse
2237 2179 136 59 in-

1342 2255 345 60 dividuale,
1613 2255 148 60 et
1687 2255 222 60 talis
1835 2255 246 60 gradus
2007 2255 271 60 additus
2180 2255 197 60 alteri

1341 2338 162 60 non
1433 2338 231 60 variat
1595 2338 347 60 individuum,
1872 2338 300 60 patetquia
2104 2338 139 60 si
2150 2338 231 60 albed.ni

1338 2414 152 60 ut
1414 2414 203 60 duo,
1540 2414 279 60 addatur
1743 2414 228 60 alius
1895 2414 279 60 gradus,
2097 2414 203 60 erit
2199 2414 177 60 eadem

1340 2497 277 62 albedo,
1541 2497 176 62 sed
1642 2497 378 62 perfectior.
1945 2497 202 62 Alii
2071 2497 202 62 sunt
2171 2497 202 62 gradus

1341 2580 434 58 perfectionales
1702 2580 337 58 specifici,
1967 2580 145 58 id
2040 2580 193 58 est,
2136 2580 241 58 ultimate

1342 2665 410 59 constituentes
1679 2665 265 59 aliquid
1872 2665 145 59 in
1944 2665 193 59 esse
2065 2665 313 59 specifico
2282 2665 96 59 ut

1344 2747 223 56 ultima
1500 2747 335 56 differentia
1768 2747 268 56 hominis,
1969 2747 179 56 etsi
2081 2747 179 56 illi
2170 2747 201 56 ultimae

1343 2828 403 65 differentiae
1670 2828 327 65 adderetur
1922 2828 201 65 unus
2048 2828 227 65 alius
2174 2828 201 65 gradus

1342 2911 361 62 specificus,
1631 2911 168 62 vel
1727 2911 192 62 ipsi
1847 2911 265 62 homini,
2039 2911 168 62 jam
2136 2911 168 62 non
2208 2911 168 62 esset

1339 2986 245 61 homo,
1502 2986 190 61 sed
1611 2986 218 61 alia
1747 2986 299 61 species
1964 2986 381 61 perfectior
2236 2986 136 61 ho¬-

1339 3065 245 59 mine.
1502 3065 218 59 Isti
1639 3065 218 59 enim
1775 3065 273 59 gradus
1966 3065 273 59 semper
2130 3065 245 59 variant

1338 3147 300 60 species
1556 3147 272 60 quibus
1746 3147 381 60 adveniunt,
2046 3147 191 60 ita
2155 3147 218 60 quod
2264 3147 109 60 de

1341 3223 378 57 necessitate
1643 3223 176 57 una
1744 3223 201 57 erit
1869 3223 352 57 perfectior
2146 3223 227 57 alia.
2272 3223 101 57 Si

1340 3301 223 54 ergo
1480 3301 335 54 repugnat
1731 3301 223 54 duas
1871 3301 307 54 naturas
2094 3301 195 54 non
2178 3301 195 54 ulti¬-

1338 3381 212 62 mate
1470 3381 345 62 perfectas
1735 3381 212 62 esse
1868 3381 318 62 aequales
2106 3381 159 62 in
2159 3381 212 62 perfe¬-

1346 3457 303 57 ctionibus
1579 3457 326 57 specificis
1835 3457 350 57 distinctis,
2115 3457 117 57 a
2138 3457 233 57 fortiori

1341 3536 317 58 repugnat
1578 3536 211 58 quod
1710 3536 264 58 dentur
1895 3536 211 58 duae
2027 3536 290 58 naturae
2212 3536 158 58 emi-
