2740 3979
258 276 201 77 ctum
383 276 150 77 ut
459 276 276 77 totalis
659 276 251 77 causa,
835 276 150 77 de
910 276 176 77 hoc
1010 276 251 77 alias.
1161 276 125 77 Nec

258 360 209 67 yalet
397 360 255 67 dicere,
582 360 185 67 quod
698 360 139 67 si
768 360 116 67 A
814 360 162 67 est
907 360 116 67 a
953 360 139 67 B,
999 360 93 67 C.

255 424 278 78 tribus
450 424 278 78 causis
644 424 389 78 totalibus,
950 424 222 78 quod
1089 424 139 78 A
1116 424 167 78 ajj,

258 523 179 55 non
361 523 256 55 esset,
540 523 359 55 quia^/i&r'
822 523 333 55 effectus,
1079 523 154 55 et
1130 523 154 55 ipsa

248 606 292 50 .'emota
461 606 186 50 non
567 606 319 50 ponitur.
807 606 266 50 Posilo
993 606 213 50 ergo
1126 606 133 50 B
1152 606 133 50 po¬-

250 682 252 47 nitur
418 682 168 47 A,
502 682 280 47 remoto
698 682 140 47 B
754 682 364 47 removetur
1033 682 168 47 A;
1117 682 168 47 et
1173 682 112 47 ex

250 756 196 50 alia
373 756 221 50 parte
520 756 245 50 posito
692 756 123 50 C
741 756 270 50 ponitur
937 756 147 50 A,
1011 756 196 50 ergo
1134 756 123 50 A
1158 756 123 50 si¬-

250 834 183 40 mul
354 834 235 40 esset
511 834 157 40 et
590 834 183 40 non
668 834 209 40 esset.

300 920 213 52 Dico
433 920 213 52 quod
567 920 186 52 hoc
673 920 186 52 non
779 920 319 52 sequitur
1019 920 160 52 de
1072 920 213 52 causis

251 997 380 51 essentialiter
564 997 313 51 ordinatis,
810 997 179 51 quia
922 997 112 51 B
967 997 179 51 etsi
1079 997 157 51 sit
1146 997 134 51 cau¬-

245 1073 145 52 sa
317 1073 266 52 totalis
510 1073 145 52 et
583 1073 217 52 aeque
728 1073 290 52 perfecta
945 1073 145 52 in
1017 1073 169 52 suo
1090 1073 193 52 ordine

247 1151 212 49 sicut
389 1151 141 49 C,
459 1151 141 49 et
530 1151 118 49 C
577 1151 141 49 in
648 1151 188 49 suo,
765 1151 212 49 tamen
906 1151 165 49 est
977 1151 306 49 impossibile

247 1227 133 49 B
301 1227 292 49 causare
513 1227 452 49 circumscripto
885 1227 133 49 C
938 1227 159 49 et
1018 1227 133 49 D
1045 1227 239 49 propter

245 1301 284 52 ordinem
452 1301 387 52 essentialem
762 1301 258 52 earum,
942 1301 181 52 ita
1046 1301 207 52 quod
1149 1301 129 52 ef¬-

245 1378 286 50 fectus,
453 1378 312 50 scilicet
687 1378 156 50 A,
765 1378 182 50 non
868 1378 260 50 tantum
1024 1378 260 50 dependet

248 1454 144 50 in
320 1454 168 50 suo
416 1454 192 50 esse
536 1454 120 50 a
584 1454 144 50 B,
656 1454 144 50 C,
728 1454 144 50 D,
801 1454 144 50 ut
873 1454 120 50 a
921 1454 240 50 causis
1065 1454 216 50 totali¬-

241 1529 187 51 bus
348 1529 320 51 alterius
588 1529 320 51 ordinis,
828 1529 187 51 sed
935 1529 320 51 dependet
1149 1529 133 51 in;

244 1607 299 53 quantum
461 1607 190 53 una
570 1607 218 53 agit
706 1607 163 53 in
788 1607 299 53 virtute
978 1607 299 53 alterius.

241 1681 246 51 Esset
404 1681 246 51 tamen
568 1681 409 51 impossibile
896 1681 218 51 quod
1032 1681 218 51 idem
1142 1681 136 51 ef¬-

240 1757 281 52 fectus
436 1757 393 52 dependeret
745 1757 140 52 a
801 1757 281 52 duobus
969 1757 309 52 ordinibus

247 1833 302 51 causarum
473 1833 428 51 essentialiter
825 1833 402 51 ordinatarum,
1127 1833 151 51 quia

242 1910 288 52 posito
444 1910 201 52 uno
559 1910 288 52 ordine
760 1910 345 52 causarum
990 1910 288 52 respectu

249 1986 294 50 effectus
469 1986 147 50 A,
542 1986 245 50 slalim
714 1986 269 50 ponitur
910 1986 147 50 A,
983 1986 147 50 et
1057 1986 196 50 ipso
1155 1986 122 50 re¬-

245 2061 217 51 moto
381 2061 380 51 removetur;
679 2061 163 51 et
760 2061 271 51 posito
950 2061 217 51 alio
1059 2061 217 51 ordine

244 2137 307 52 ponitur
467 2137 167 52 A,
551 2137 223 52 ergo
690 2137 139 52 A
746 2137 251 52 simul
913 2137 251 52 esset
1081 2137 167 52 et
1137 2137 139 52 non

248 2213 245 52 esset,
419 2213 147 52 et
492 2213 171 52 sic
590 2213 220 52 debet
737 2213 245 52 Doctor
909 2213 343 52 intelligi.
1154 2213 122 52 Si-

235 2289 154 47 ldem
331 2289 174 47 effe-
447 2289 212 47 militer
601 2289 135 47 est
678 2289 289 47 impossibile
910 2289 154 47 quod
1006 2289 154 47 idem
1083 2289 193 47 effectus

234 2363 137 51 non
313 2363 196 51 potest
450 2363 137 51 sit
529 2363 98 51 a
568 2363 196 51 duabus
706 2363 196 51 causis
843 2363 255 51 totalibus
1039 2363 216 51 ejusdem
1177 2363 98 51 or-

231 2440 232 53 duabus
393 2440 209 53 dinis
532 2440 186 53 sive
648 2440 255 53 ejusdem
834 2440 278 53 speciei,
1043 2440 186 53 puta
1136 2440 139 53 quod

232 2520 222 48 libus.
387 2520 244 48 Joannes
564 2520 155 48 sit
653 2520 111 48 a
697 2520 288 48 Francisco
919 2520 133 48 et
986 2520 244 48 Antonio
1163 2520 133 48 ut
1207 2520 67 48 a

233 2575 291 74 ^UIsimuiem
462 2575 208 74 duabus
608 2575 208 74 causis
753 2575 291 74 totalibus,
982 2575 166 74 quia
1086 2575 166 74 bene
1169 2575 104 74 se-

233 2666 290 64 eSessetn°n
461 2666 207 64 yuitur
606 2666 228 64 Joannem
772 2666 166 64 fore
876 2666 187 64 simul
1000 2666 124 64 et
1063 2666 145 64 non
1125 2666 145 64 fore,

246 2745 196 52 quia
368 2745 244 52 posito
539 2745 318 52 Francisco
783 2745 293 52 ponitur,
1003 2745 171 52 non
1076 2745 196 52 posito

243 2822 180 52 non
346 2822 309 52 ponitur,
578 2822 154 52 et
655 2822 257 52 posilo
835 2822 283 52 Antonio
1015 2822 257 52 ponitur.

241 2898 159 42 Si
320 2898 239 42 tamen
479 2898 239 42 inter
638 2898 292 42 Francis
850 2898 186 42 cum
956 2898 159 42 et
1009 2898 265 42 Antonium

244 2973 221 53 esset
392 2973 196 53 ordo
514 2973 393 53 essentialis,
833 2973 196 53 quod
956 2973 172 53 est
1030 2973 245 53 impossi¬-

241 3050 239 46 bile,
400 3050 292 46 Joannes
612 3050 239 46 simul
771 3050 239 46 esset
930 3050 159 46 ab
1009 3050 265 46 illis.
1168 3050 106 46 Ad

240 3125 387 52 propositum,
550 3125 155 52 si
627 3125 258 52 essent
808 3125 181 52 duo
911 3125 232 52 fines
1040 3125 232 52 ultimi,

241 3201 197 51 illi
365 3201 246 51 essent
537 3201 271 51 ejusdem
734 3201 271 51 ordinis
931 3201 148 51 et
1005 3201 271 51 speciei
1177 3201 99 51 et

245 3276 415 52 perfectionis,
587 3276 147 52 et
660 3276 171 52 sic
758 3276 196 52 idem
880 3276 220 52 simul
1027 3276 220 52 esset
1149 3276 122 52 or¬-

244 3351 298 44 dinatum
461 3351 163 44 ad
542 3351 244 44 finem
705 3351 298 44 ultimum
922 3351 163 44 et
1004 3351 190 44 non
1085 3351 190 44 ordi¬-

244 3430 251 50 natum,
420 3430 201 50 quia
545 3430 251 50 posito
721 3430 201 50 uno,
846 3430 226 50 esset
997 3430 201 50 actu
1097 3430 176 50 ordi¬-

243 3504 227 49 natum
394 3504 151 49 ad
470 3504 252 49 illum,
646 3504 151 49 et
722 3504 202 49 alio
848 3504 252 49 remoto
1025 3504 177 49 non
1100 3504 177 49 esset

1333 232 371 77 ordinatum.
1624 232 159 77 Et
1704 232 159 77 ex
1783 232 186 77 hoc
1889 232 239 77 patet
2022 232 345 77 confirmatio

1325 312 196 56 __
1423 312 294 56 rmifl
1619 312 294 56 nulla
1815 312 228 56 duo
1945 312 359 56 possunt
2173 312 196 56 esse

1332 381 179 52 per
1435 381 153 52 se
1511 381 383 52 terminantia
1792 381 256 52 alicujus

1332 446 197 52 illa
1456 446 173 52 duo
1554 446 197 52 sunt
1678 446 370 52 terminantia
1973 446 271 52 ejusdem
2146 446 222 52 ordinis

1334 522 144 57 et
1406 522 263 57 ejusdem
1598 522 311 57 rationis,
1837 522 144 57 et
1909 522 287 57 arguatur
2124 522 144 57 ut
2172 522 192 57 prius.

1683 641 320 38 SCHOLIUM.

1382 757 184 47 Post
1497 757 276 47 ostensas
1704 757 368 47 proprietates
2002 757 299 47 relativas
2209 757 161 47 effi¬-

1336 821 274 45 cientiae,
1546 821 316 45 finalitatis
1799 821 126 45 et
1862 821 295 45 eminentiae
2093 821 189 45 primi
2199 821 168 45 entis,

1335 885 161 46 hic
1427 885 276 46 obtendit
1634 885 207 46 illud
1772 885 184 46 esse
1886 885 184 46 actu
2001 885 322 46 infinitum,
2231 885 138 46 pro¬-

1333 949 265 47 cedendo
1525 949 289 47 secundum
1742 949 192 47 tres
1862 949 240 47 dictas
2006 949 361 47 proprietates.

1336 1014 180 47 Sed
1439 1014 155 47 ut
1517 1014 387 47 praeambulum
1826 1014 232 47 primo
1980 1014 283 47 probat,
2161 1014 206 47 primum

1335 1078 298 46 efficiens
1564 1078 183 46 esse
1679 1078 344 46 intelligens
1954 1078 137 46 et
2022 1078 252 46 volens.
2183 1078 183 46 Primo,

1333 1139 193 47 quia
1453 1139 241 47 natura
1622 1139 169 47 est
1718 1139 217 47 agens
1863 1139 265 47 propter
2055 1139 217 47 finem
2175 1139 193 47 quate¬-

1333 1202 164 46 nus
1426 1202 305 46 dirigitur
1661 1202 117 46 a
1708 1202 375 46 cognoscente.
2013 1202 282 46 Secundo,
2201 1202 164 46 ipsum

1331 1266 227 47 agens
1482 1266 252 47 primum
1658 1266 202 47 agit
1784 1266 277 47 piopter
1986 1266 252 47 finem.
2137 1266 227 47 Tertio,

1331 1331 277 47 aliquid
1532 1331 302 47 causatur
1759 1331 428 47 contingenter;
2112 1331 202 47 ergo
2213 1331 151 47 pri¬-

1334 1395 164 47 mum
1427 1395 304 47 efficiens
1661 1395 164 47 sic
1755 1395 257 47 causat,
1942 1395 187 47 ergo
2035 1395 211 47 volens.

1388 1514 177 60 (a)
1489 1514 279 60 Ostendo
1692 1514 203 60 esse
1818 1514 152 60 de
1895 1514 456 60 proprietatibus
2249 1514 127 60 20.

1331 1604 332 57 relativis
1586 1604 230 57 primi
1739 1604 255 57 entis;
1917 1604 306 57 ulterius
2147 1604 153 57 ad
2223 1604 128 57 .
2249 1604 128 57 tum

1333 1664 326 75 ostendendum
1594 1664 326 75 infinitatem
1855 1664 217 75 illius
2007 1664 174 75 pri-
2094 1664 282 75 satere.exi"

1322 1752 221 63 mi,
1448 1752 189 63 ac
1542 1752 221 63 per
1668 1752 441 63 consequens
2015 1752 189 63 me
2109 1752 189 63 de
2172 1752 189 63 ente

1325 1828 345 62 infinito,
1591 1828 292 62 procedo
1803 1828 186 62 sic
1882 1828 80 62 :

1375 1905 328 63 Primo
1593 1905 437 63 ostendo,
1921 1905 291 63 quod
2067 1905 291 63 primum

1321 1981 364 63 efficiens
1601 1981 196 63 est
1713 1981 420 63 inteliigens
2048 1981 168 63 et
2104 1981 252 63 volens,

1323 2057 196 61 ita
1435 2057 224 61 quod
1575 2057 196 61 sua
1687 2057 420 61 intellectio
2022 2057 196 61 est
2106 2057 252 61 infini¬-

1317 2136 284 61 torum
1507 2136 442 61 distincte,
1855 2136 190 61 et
1949 2136 253 61 ipsa
2107 2136 221 61 est
2202 2136 158 61 sua

1320 2213 386 60 essentia,
1617 2213 178 60 et
1706 2213 238 60 quod
1855 2213 208 60 sua
1974 2213 356 60 essentia
2211 2213 149 60 est

1322 2289 548 57 repraesentativa
1784 2289 433 57 infinitorum
2101 2289 260 57 distin¬-

1316 2364 270 61 cte,
1485 2364 202 61 et
1586 2364 202 61 ex
1687 2364 236 61 hoc
1822 2364 371 61 secundo
2058 2364 304 61 tanquam

1316 2440 196 62 ex
1414 2440 326 62 quodam
1643 2440 326 62 medio,
1871 2440 391 62 adjuncto
2132 2440 228 62 tamen

1318 2516 214 54 cum
1441 2516 275 54 aliis
1624 2516 337 54 mediis,
1869 2516 459 54 concludetur
2206 2516 153 54 sua

1318 2589 415 55 infinitas.
1644 2589 237 55 Quod
1793 2589 267 55 autem
1971 2589 208 55 sit
2060 2589 296 55 intelli¬-

1320 2667 227 60 gens
1461 2667 170 60 et
1547 2667 312 60 voiens,
1774 2667 255 60 arguo
1944 2667 199 60 sic
2029 2667 85 60 :

1382 2742 248 58 Primum
1556 2742 224 58 agens
1705 2742 174 58 est
1805 2742 174 58 per
1904 2742 149 58 se
1978 2742 248 58 agens,
2152 2742 224 58 Ratio
2277 2742 99 58 1.

1326 2824 183 56 quia
1440 2824 183 56 Omni
1554 2824 205 56 causa
1691 2824 160 56 per
1783 2824 297 56 aceiclens
2011 2824 205 56 prior
2148 2824 205 56 text.
2262 2824 114 56 49.

1326 2874 150 82 est
1411 2874 214 82 aliqua
1561 2874 193 82 causa
1690 2874 150 82 per
1776 2874 150 82 se,
1862 2874 129 82 2.
1926 2874 236 82 Physic.
2097 2874 150 82 Sed
2162 2874 214 82 6l,#t75‘

1316 2973 268 60 omne
1484 2973 302 60 agens
1685 2973 235 60 per
1819 2973 201 60 se
1920 2973 268 60 agit
2054 2973 302 60 propter

1317 3042 288 62 finem,
1519 3042 173 62 ex
1605 3042 173 62 2.
1692 3042 317 62 Physic.
1923 3042 202 62 ubi
2038 3042 202 62 hoc
2124 3042 231 62 Philo¬-

1319 3120 305 65 sophus
1532 3120 244 65 vult
1684 3120 183 65 de
1776 3120 335 65 natura,
2020 3120 183 65 de
2111 3120 213 65 qua
2203 3120 152 65 mi¬-

1314 3198 235 63 nus
1448 3198 402 63 videtur;
1749 3198 268 63 ergo
1917 3198 335 63 primum
2118 3198 235 63 agens

1319 3274 234 60 agit
1465 3274 321 60 propter
1669 3274 234 60 finem.

1382 3351 153 65 Et
1458 3351 153 65 ex
1535 3351 179 65 hoc
1637 3351 306 65 arguitur
1866 3351 383 65 dupliciter.
2147 3351 230 65 Agenti»

1324 3416 237 75 Primo
1482 3416 184 75 sic
1587 3416 132 75 :
1639 3416 210 75 Omne
1771 3416 237 75 agens
1929 3416 316 75 naturale
2139 3416 237 75 rat^aha

1326 3500 293 64 praecise
1545 3500 415 64 consideratum,
1887 3500 147 64 ex
1961 3500 366 64 neces-Bgant
2229 3500 147 64 pro'
