2682 3979
366 438 442 70 Exemplum,
706 438 204 70 si
808 438 510 70 impossibile
1182 438 170 70 est

308 515 326 71 alicui
537 515 424 71 concipere
863 515 457 71 triangulum
1189 515 163 71 sub

312 590 327 71 propria
550 590 356 71 ratione,
817 590 297 71 potest
1025 590 267 71 tamen
1174 590 178 71 abs¬-

307 665 359 71 trahere
569 665 392 71 rationem
863 665 359 71 figurae
1124 665 163 71 a
1157 665 196 71 qua¬-

302 742 404 70 drangulo
605 742 202 70 et
706 742 235 70 eam
840 742 471 70 concipere.
1177 742 168 70 Im¬-

311 817 387 69 possibile
609 817 208 69 est
728 817 268 69 etiam
907 817 238 69 sibi
1026 817 327 69 concipere

310 892 460 71 primitatem,
678 892 184 71 ut
770 892 214 71 est
892 892 337 71 propria
1107 892 245 71 passio

311 968 418 71 trianguli,
640 968 239 71 quia
789 968 209 71 sic
909 968 209 71 non
998 968 359 71 concipitur

314 1044 225 69 nisi
455 1044 169 69 ut
539 1044 422 69 abstrahitur
877 1044 141 69 a
933 1044 394 69 triangulo,
1214 1044 141 69 ta¬-

313 1116 221 71 men
440 1116 316 71 potest
661 1116 442 71 primitatem
977 1116 379 71 abstrahere

317 1192 178 72 ab
406 1192 267 72 aliis
585 1192 505 72 primitatibus,
1001 1192 238 72 puta
1149 1192 178 72 in
1208 1192 149 72 nu¬-

323 1268 272 71 meris.
513 1268 218 71 Iste
649 1268 435 71 intellectus,
1003 1268 245 71 licet
1138 1268 218 71 posset

314 1342 359 73 formare
575 1342 261 73 hanc
738 1342 554 73 complexionem,
1162 1342 196 73 ali¬-

318 1421 202 70 qua
434 1421 289 70 figura
636 1421 202 70 est
751 1421 289 70 prima,
954 1421 231 70 quia
1069 1421 289 70 terminos

312 1496 262 72 ejus
476 1496 327 72 potest
705 1496 557 72 apprehendere,
1131 1496 229 72 tamen

315 1572 246 71 illa
469 1572 430 71 compositio
807 1572 338 71 formata
1053 1572 246 71 erit
1176 1572 184 71 sibi

315 1650 328 69 neutra,
554 1650 239 69 quia
703 1650 239 69 ista
853 1650 209 69 est
972 1650 358 69 mediata,
1211 1650 149 69 in¬-

317 1725 254 69 clusa
486 1725 169 69 in
571 1725 226 69 ista
712 1725 367 69 immediata
994 1725 141 69 :
1022 1725 339 69 triangulus

315 1802 209 66 est
435 1802 209 66 sic
554 1802 328 66 primus;
793 1802 179 66 et
882 1802 239 66 hanc
1002 1802 358 66 immediatam

311 1878 222 71 non
438 1878 318 71 potest
661 1878 509 71 intelligere,
1074 1878 254 71 quia
1201 1878 159 71 nec

312 1953 382 71 terminos
599 1953 287 71 ejus,
790 1953 255 71 ideo
949 1953 382 71 mediatam
1204 1953 159 71 non

315 2030 299 70 potest
524 2030 299 70 scire,
733 2030 239 70 quae
883 2030 179 70 ex
973 2030 209 70 hac
1062 2030 299 70 immedia¬-

314 2108 184 56 ta
406 2108 307 56 tantum
621 2108 276 56 habet
775 2108 399 56 evidentiam.

375 2181 210 70 Per
495 2181 210 70 hoc
615 2181 270 70 ^(o),
795 2181 180 70 ad
885 2181 450 70 argumentum,
1214 2181 150 70 ne¬-

315 2258 190 70 go
410 2258 381 70 majorem.
696 2258 190 70 Ad
791 2258 508 70 probationem,
1172 2258 190 70 dico

318 2335 238 67 quod
467 2335 238 67 illa
616 2335 417 67 necessaria
943 2335 238 67 sunt
1062 2335 298 67 mediata.

318 2409 184 72 Et
410 2409 215 72 cum
533 2409 307 72 dicis,
748 2409 307 72 igitur
964 2409 215 72 cum
1056 2409 307 72 possumus

317 2490 506 66 cognoscere
714 2490 434 66 extrema,
1004 2490 361 66 possumus

322 2556 423 69 concipere
648 2556 325 69 medium
875 2556 293 69 inter
1038 2556 325 69 extrema,

299 2632 157 69 •
361 2632 251 69 nego
518 2632 565 69 consequentiam;
989 2632 251 69 quia
1115 2632 251 69 medium

321 2708 295 71 inter
518 2708 361 71 extrema
780 2708 426 71 quandoque
1108 2708 229 71 est
1206 2708 164 71 es¬-

319 2783 477 71 sentialiter
701 2783 445 71 ordinatum,
1051 2783 255 71 puta
1178 2783 191 71 quod

318 2859 233 72 quid
464 2859 204 72 est
580 2859 350 72 alterius
843 2859 350 72 extremi,
1105 2859 204 72 vel
1193 2859 175 72 pas¬-

323 2934 203 73 sio
439 2934 262 73 prior
614 2934 349 73 respectu
875 2934 436 73 posterioris
1195 2934 174 73 pas¬-

324 3010 329 63 sionis,
563 3010 179 63 et
653 3010 239 63 tale
803 3010 209 63 est
922 3010 299 63 medium
1132 3010 179 63 ad
1192 3010 179 63 con¬-

313 3086 414 59 cludendum
632 3086 542 59 universaliter
1046 3086 319 59 extremum

313 3170 190 48 de
377 3170 316 48 extremo.

375 3237 331 70 Concedo
616 3237 211 70 (p)
736 3237 331 70 igitur,
977 3237 241 70 quod
1098 3237 271 70 quicum¬-

320 3313 204 71 que
436 3313 291 71 potest
640 3313 437 71 intelligere
990 3313 349 71 extrema,
1222 3313 146 71 po¬-

317 3388 241 69 test
467 3388 452 69 intelligere
829 3388 241 69 tale
979 3388 301 69 medium
1160 3388 211 69 inter

315 3464 296 70 talia
513 3464 395 70 extrema,
809 3464 263 70 quia
940 3464 428 70 intellectus

318 3540 240 69 ejus
468 3540 419 69 includitur
797 3540 180 69 in
887 3540 299 69 altero
1067 3540 299 69 extremo,

322 3618 174 70 si
409 3618 203 70 est
525 3618 319 70 passio,
757 3618 203 70 vel
872 3618 203 70 est
988 3618 232 70 idem
1104 3618 261 70 alteri,

324 3694 158 68 si
403 3694 185 68 est
508 3694 211 68 quod
640 3694 211 68 quid
772 3694 185 68 est
878 3694 317 68 alterius
1089 3694 264 68 extremi.

1393 418 201 73 Si
1494 418 302 73 autem
1696 418 436 73 mediumsit
1998 418 436 73 particulare

1390 498 412 63 contentum
1707 498 222 63 sub
1834 498 317 63 altero
2056 498 381 63 extremo,
2310 498 127 63 et

1393 572 215 63 non
1516 572 522 63 essentialiter
1946 572 399 63 ordinatum
2222 572 215 63 inter

1392 645 393 73 extrema,
1687 645 262 73 tunc
1851 645 229 73 non
1982 645 393 73 oportet,
2244 645 196 73 quod

1399 727 315 70 potens
1619 727 410 70 concipere
1934 727 347 70 extrema
2155 727 284 70 genera¬-

1394 800 246 74 lia,
1548 800 307 74 possit
1763 800 399 74 concipere
2070 800 307 74 medium
2254 800 184 74 par¬-

1398 874 346 71 ticulare
1658 874 173 71 ad
1744 874 231 71 illa
1888 874 317 71 extrema
2090 874 346 71 generalia.

1401 948 202 74 Ita
1517 948 202 74 est
1632 948 231 74 hic,
1777 948 202 74 nam
1893 948 231 74 ista
2037 948 376 74 quidditas
2297 948 145 74 sub

1400 1025 327 75 ratione
1638 1025 327 75 propria
1876 1025 179 75 et
1966 1025 446 75 particulari
2293 1025 149 75 ha¬-

1395 1101 261 75 bens
1559 1101 425 75 passionem
1885 1101 359 75 aliquam
2147 1101 261 75 sibi
2278 1101 163 75 im¬-

1399 1177 358 64 mediate
1660 1177 521 64 inhaerentem,
2084 1177 228 64 est
2181 1177 261 64 medium

1403 1254 367 71 inferius
1679 1254 183 71 ad
1770 1254 397 71 conceptum
2076 1254 245 71 sibi
2198 1254 245 71 commu¬-

1401 1329 238 74 nem,
1550 1329 178 74 de
1639 1329 208 74 quo
1758 1329 327 74 dicitur
1996 1329 238 74 illa
2145 1329 297 74 passio
2323 1329 119 74 in

1400 1407 348 71 communi
1654 1407 380 71 accepta,
1939 1407 190 71 et
2033 1407 253 71 ideo
2192 1407 222 71 non
2287 1407 158 71 est

1404 1482 297 69 medium
1612 1482 506 69 universaliter
2029 1482 357 69 inferens
2267 1482 178 69 pas¬-

1399 1558 349 65 sionem
1643 1558 209 65 de
1748 1558 418 65 communi,
2062 1558 244 65 sed
2166 1558 279 65 tantum

1403 1635 566 74 particulariter.
1880 1635 209 74 Hoc
1999 1635 268 74 patet
2178 1635 179 74 in
2237 1635 209 74 exem¬-

1403 1711 228 75 plo
1534 1711 293 75 illo,
1729 1711 260 75 quia
1892 1711 228 75 non
2022 1711 358 75 oportet
2250 1711 195 75 quod

1404 1785 315 75 potens
1625 1785 410 75 concipere
1941 1785 347 75 figuram
2193 1785 189 75 in
2256 1785 189 75 com¬-

1402 1861 278 74 muni
1576 1861 208 74 et
1680 1861 486 74 primitatem
2061 1861 208 74 in
2131 1861 312 74 communi

1402 1937 337 74 possit
1638 1937 439 74 concipere
1976 1937 472 74 triangulum
2313 1937 135 74 in

1405 2013 506 74 particulari,
1817 2013 253 74 quia
1975 2013 443 74 triangulus
2291 2013 158 74 est

1407 2090 317 67 medium
1629 2090 412 67 contentum
1946 2090 222 67 sub
2072 2090 348 67 figura,
2294 2090 158 67 me¬-

1400 2165 314 73 dium,
1610 2165 384 73 inquam,
1889 2165 210 73 ad
1959 2165 489 73 concludendum

1407 2239 442 76 primitatem
1755 2239 568 76 particulariter
2228 2239 189 76 de
2291 2239 158 76 fi¬-

1289 2295 1327 122 gura.
2026 2295 442 122 j

1466 2391 245 71 Haec
1619 2391 275 71 ratio
1803 2391 306 71 tertia
2017 2391 214 71 (q)
2109 2391 336 71 potissime

1412 2453 331 100 concludit
1666 2453 153 100 de
1743 2453 229 100 prima
1896 2453 357 100 substantia
2176 2453 178 100 im-
2252 2453 204 100 QuomoJ

1417 2529 346 97 materiali,
1689 2529 198 97 quia
1813 2529 198 97 ejus
1937 2529 272 97 tanquam
2110 2529 346 97 ob-noj^ucso3

1419 2620 212 69 iecti
1561 2620 330 69 beatifici,
1820 2620 330 69 potissimum
2079 2620 165 69 est
2173 2620 165 69 co-
2244 2620 212 69 piatur,

1416 2699 257 73 gnitio
1596 2699 385 73 necessaria.
1904 2699 154 73 Et
1981 2699 205 73 tunc
2109 2699 282 73 respon-
2288 2699 180 73 isto?

1410 2774 235 70 sio
1544 2774 268 70 ista
1711 2774 201 70 ad
1812 2774 503 70 objectionem
2180 2774 268 70 contra

1411 2852 325 72 ipsam,
1638 2852 389 72 supponit
1930 2852 260 72 quod
2092 2852 260 72 nunc
2222 2852 227 72 natu-

1412 2925 336 71 raliter
1657 2925 214 71 non
1779 2925 427 71 concipimus
2114 2925 275 71 Deum,
2267 2925 183 71 nisi

1410 3002 201 72 in
1511 3002 402 72 conceptu
1813 3002 402 72 generali
2115 3002 168 72 ,
2148 3002 302 72 communi

1417 3076 229 70 sibi
1561 3076 172 70 et
1647 3076 487 70 sensibilibus,
2048 3076 229 70 quod
2162 3076 287 70 inferius

1417 3152 232 72 dist.
1572 3152 155 72 3.
1649 3152 284 72 qucest.
1856 3152 155 72 1.
1933 3152 361 72 exponetur.
2217 3152 155 72 Si
2268 3152 181 72 etiam

1409 3227 358 75 negetur
1670 3227 293 75 illud
1865 3227 488 75 suppositum,
2223 3227 228 75 adhuc

1415 3304 335 74 oportet
1658 3304 305 74 dicere
1871 3304 426 74 conceptum,
2206 3304 213 74 qui
2298 3304 152 74 po¬-

1416 3377 217 64 test
1552 3377 244 64 fieri
1715 3377 163 64 de
1796 3377 217 64 Deo,
1932 3377 299 64 virtute
2122 3377 326 64 creaturae,

1410 3452 253 73 esse
1568 3452 506 73 imperfectum,
1979 3452 221 73 qui
2105 3452 284 73 autem
2263 3452 190 73 fie¬-

1415 3528 208 72 ret
1534 3528 326 72 virtute
1771 3528 296 72 ipsius
1979 3528 415 72 essentiae,
2275 3528 178 72 esse

1414 3587 422 92 perfectum.
1745 3587 271 92 Sicut
1926 3587 241 92 ergo
2076 3587 301 92 dictum
2287 3587 211 92 est
2378 3587 90 92 I

1412 3681 183 73 de
1503 3681 365 73 conceptu
1777 3681 365 73 generali
2050 3681 183 73 et
2111 3681 335 73 speciali,
