2653 3979
282 353 286 55 secundo
490 353 208 55 modo
620 353 234 55 verum
776 353 182 55 est
880 353 260 55 dictum
1036 353 286 55 Docloris,

284 430 158 57 sed
375 430 136 57 ut
443 430 158 57 sic
533 430 204 57 nihil
669 430 249 57 recipit
850 430 136 57 in
895 430 113 57 se.

333 502 175 55 Ad
420 502 349 55 secundum
682 502 291 55 dubium
886 502 233 55 dico
1002 502 320 55 breviter,

284 576 231 62 quod
428 576 259 62 prima
601 576 259 62 causa
774 576 202 62 non
890 576 231 62 agit
1034 576 173 62 in
1091 576 231 62 aliquo

288 653 285 56 priori,
495 653 181 56 sed
599 653 233 56 simul
755 653 181 56 cum
858 653 285 56 secunda
1066 653 259 56 causa.
1221 653 104 56 Et

288 728 141 60 si
359 728 283 60 dicatur,
571 728 189 60 quia
689 728 141 60 in
760 728 189 60 lib.
878 728 141 60 de
949 728 259 60 Causis,
1114 728 212 60 dicitur

286 803 208 62 quod
416 803 234 62 prima
572 803 234 62 cau*a
728 803 234 62 prius
884 803 208 62 agit
1014 803 208 62 quam
1118 803 208 62 secun¬-

289 878 165 65 da,
384 878 188 65 dico
501 878 188 65 quod
619 878 165 65 sic
713 878 212 65 debet
855 878 306 65 intelligi
1090 878 236 65 prius,
1232 878 94 65 id

283 958 208 58 est,
413 958 390 58 perfectius,
725 958 156 58 ut
803 958 234 58 patet
960 958 130 58 a
1012 958 234 58 Scoto
1168 958 156 58 in
1220 958 104 58 2.

283 1032 317 60 distinet.
526 1032 171 60 37.
624 1032 195 60 quia
746 1032 219 60 prima
892 1032 219 60 causa
1014 1032 317 60 independen-

282 1109 179 59 ter
385 1109 230 59 agit,
538 1109 153 59 et
614 1109 281 59 secunda
819 1109 408 59 dependentor,
1150 1109 153 59 et
1201 1109 128 59 ibi

284 1184 204 60 vide
411 1184 356 60 singularem
691 1184 280 60 glossam
894 1184 153 60 de
971 1184 204 60 ista
1073 1184 255 60 materia.

639 1326 318 40 SCHOLIUM.

339 1440 232 54 Contra
501 1440 232 54 illud,
663 1440 139 54 ex
733 1440 371 54 contingentia
1034 1440 209 54 rerum
1150 1440 185 54 colli¬-

292 1506 152 53 gi
368 1506 203 53 Deum
494 1506 279 53 causare
697 1506 431 53 contingenter,
1052 1506 228 53 ponit
1179 1506 152 53 tres

293 1567 316 53 instantias
542 1567 181 53 quas
655 1567 249 53 solvit,
836 1567 136 53 et
904 1567 294 53 redarguit
1107 1567 226 53 Philoso¬-

297 1633 199 48 phum
422 1633 149 48 in
496 1633 174 48 hoc
571 1633 274 48 errantem.

348 1729 230 67 (a)
479 1729 328 67 Contra
709 1729 295 67 istam
873 1729 460 67 responsionem

291 1804 411 69 instatur.
607 1804 190 69 Et
702 1804 284 69 primo
892 1804 316 69 contra
1081 1804 253 69 primam

290 1883 523 67 consequentiam
721 1883 369 67 arguitur
998 1883 215 67 sic
1121 1883 154 67 :
1151 1883 185 67 quia

290 1957 359 68 nostrum
552 1957 294 68 velle
748 1957 327 68 posset
977 1957 294 68 adhuc
1140 1957 196 68 ali¬-

295 2033 245 66 quid
449 2033 491 66 contingenter
847 2033 368 66 causare,
1123 2033 184 66 et
1185 2033 153 66 ita

292 2110 229 68 non
423 2110 457 68 requiritur
782 2110 261 68 quod
946 2110 294 68 prima
1109 2110 229 68 causa

300 2187 257 65 illud
471 2187 456 65 contingenter
813 2187 257 65 causet.

356 2261 305 67 Item,
559 2261 508 67 Philosophus
932 2261 407 67 antecedens

298 2338 443 66 concessit,
647 2338 380 66 scilicet
931 2338 253 66 quod
1058 2338 285 66 aliquid

297 2415 492 66 contingenter
697 2415 399 66 causatur,
1004 2415 184 66 et
1065 2415 277 66 negavit

299 2491 443 67 consequens
648 2491 507 67 intelligendo
1059 2491 190 67 de
1122 2491 222 67 velle

301 2567 232 69 Dei,
446 2567 348 69 scilicet
707 2567 232 69 quod
851 2567 261 69 prima
1025 2567 261 69 causa
1170 2567 174 69 con¬-

298 2643 401 69 tingenter
606 2643 339 69 causet;
853 2643 308 69 posuit
1069 2643 247 69 enim
1192 2643 154 69 non

299 2721 360 67 propter
561 2721 523 67 contingenter
986 2721 262 67 Deum
1117 2721 229 67 velle

303 2796 507 66 contingentium
721 2796 179 66 in
810 2796 507 66 inferioribus,
1198 2796 149 66 sed

305 2872 189 66 ex
400 2872 284 66 motu,
590 2872 221 66 qui
716 2872 442 66 necessario
1031 2872 316 66 causatur

304 2946 410 67 inquantum
620 2946 441 67 uniformis,
967 2946 221 67 sed
1061 2946 284 67 diffor-

305 3023 283 68 mitas
493 3023 377 68 sequitur
776 3023 189 68 in
870 3023 377 68 partibus
1122 3023 220 68 ejus,

305 3103 172 63 et
391 3103 200 63 ita
477 3103 429 63 contingentia.

375 3175 361 66 Contra
628 3175 433 66 secundam
917 3175 433 66 consequen¬-

304 3250 269 67 tiam,
483 3250 179 67 si
573 3250 299 67 causat
782 3250 508 67 contingenter,
1171 3250 179 67 ergo

304 3325 339 68 volens;
551 3325 246 68 ista
704 3325 493 68 consequentia
1105 3325 216 68 non
1197 3325 154 68 vi¬-

306 3401 277 66 detur
491 3401 339 66 tenere,
738 3401 247 66 quia
892 3401 308 66 aliqua
1077 3401 277 66 natura¬-

312 3477 261 67 liter
486 3477 232 67 mota
631 3477 319 67 possunt
862 3477 377 67 impediri,
1152 3477 174 67 et
1210 3477 145 67 ita

313 3554 399 67 oppositum
621 3554 492 67 contingenter
1020 3554 184 67 et
1081 3554 277 67 violen¬-

317 3633 198 65 ter
430 3633 283 65 potest
599 3633 283 65 evenire.

1422 347 225 67 (b)
1550 347 193 67 Ad
1647 347 321 67 primum
1871 347 385 67 dicendum
2160 347 257 67 est,
2289 347 128 67 Ad

1372 425 214 66 quod
1506 425 161 66 si
1587 425 214 66 Deus
1720 425 188 66 est
1828 425 268 66 primum
2015 425 268 66 movens
2176 425 241 66 primam,

1371 499 213 68 vel
1492 499 395 68 efliciens
1796 499 365 68 respectu
2039 499 365 68 voluntatis

1368 575 345 66 nostrae,
1627 575 230 66 idem
1771 575 345 66 sequitur
2030 575 173 66 de
2116 575 230 66 ipsa
2231 575 173 66 quod

1365 650 184 68 de
1457 650 306 68 aliis,
1672 650 245 68 quia
1825 650 245 68 sive
1978 650 398 68 immediate
2254 650 153 68 ne¬-

1365 726 391 60 cessario
1659 726 326 60 moveat
1887 726 261 60 eam,
2050 726 261 60 sive
2180 726 228 60 aliud

1369 802 415 60 immediate,
1696 802 178 60 et
1785 802 267 60 illud
1963 802 415 60 necessario
2260 802 148 60 mo¬-

1370 878 219 59 tum
1495 878 439 59 necessario
1840 878 282 59 movet
1997 878 407 59 voluntatem,

1374 952 215 69 quia
1509 952 242 69 movet
1670 952 161 69 ex
1751 952 188 69 hoc
1858 952 215 69 quod
1993 952 323 69 movetur,
2235 952 161 69 pe
2289 952 134 69 hoc

1377 1007 299 88 sequitur
1601 1007 249 88 tandem
1776 1007 199 88 quod
1901 1007 299 88 proximum
2100 1007 324 88 1Dd.S3Cyot'

1367 1104 424 55 voluntati
1694 1104 457 55 necessario
2053 1104 326 55 moveat
2249 1104 163 55 vo¬-

1371 1179 410 68 luntatem,
1686 1179 347 68 etiamsi
1938 1179 284 68 illud
2095 1179 315 68 proximum

1377 1256 196 68 sit
1489 1256 308 68 ipsamet
1713 1256 364 68 voluntas,
1992 1256 168 68 et
2076 1256 224 68 erit
2188 1256 224 68 volens

1374 1332 403 57 necessario
1691 1332 173 57 et
1777 1332 201 57 ita
1892 1332 403 57 necessario
2180 1332 230 57 volet.

1374 1408 183 68 Et
1466 1408 366 68 sequitur
1741 1408 366 68 ulterius
1985 1408 427 68 impossibile,

1377 1484 252 68 quod
1534 1484 440 68 necessario
1880 1484 314 68 causat
2068 1484 346 68 quodlibct

1375 1561 398 67 causatum,
1681 1561 184 67 et
1773 1561 214 67 non
1896 1561 214 67 est
2018 1561 337 67 aliquid
2232 1561 184 67 con¬

1349 1645 281 60 tingens.

1441 1697 165 85 (c)
1536 1697 141 85 Ad
1606 1697 283 85 secundum
1818 1697 212 85 dico,
1960 1697 188 85 quod
2078 1697 165 85 non
2148 1697 283 85 ^ldedSi3.’

1382 1791 205 69 voco
1510 1791 179 69 hic
1613 1791 410 69 contingenter
1946 1791 333 69 causatum,
2202 1791 230 69 quod-
2330 1791 102 69 ar

1382 1866 284 63 cumque
1581 1866 199 63 non
1694 1866 426 63 necessarium
2035 1866 199 63 vel
2149 1866 199 63 non
2234 1866 199 63 m0U09

1387 1941 398 68 sempiternum,
1711 1941 174 68 sed
1810 1941 224 68 cujus
1960 1941 324 68 oppositum
2209 1941 224 68 movet
2333 1941 100 68 ut

1392 2017 213 69 posset
1541 2017 213 69 fieri,
1690 2017 213 69 quando
1838 2017 191 69 illud
1966 2017 170 69 fit,
2072 2017 170 69 ideo
2179 2017 128 69 et
2243 2017 128 69 4.
2285 2017 149 69 dist.

1388 2090 205 71 dixi,
1525 2090 250 71 aliquid
1707 2090 364 71 contingenter
2003 2090 296 71 causatur,
2230 2090 137 71 et
2276 2090 159 71 quod'

1389 2175 163 65 non
1482 2175 209 65 dixi,
1621 2175 256 65 aliquid
1808 2175 163 65 est
1901 2175 349 65 contingens.
2180 2175 209 65 JNunc
2296 2175 140 65 pii.

1388 2240 225 74 dico,
1538 2240 175 74 (d)
1638 2240 200 74 quod
1763 2240 375 74 Philosophus
2062 2240 175 74 non
2162 2240 175 74 po-
2262 2240 125 74 a
2287 2240 150 74 p““a

1389 2316 195 75 test
1511 2316 244 75 negare
1681 2316 366 75 consequens,
1974 2316 293 75 salvando
2169 2316 268 75 moveatur-

1388 2400 414 68 antecedens
1714 2400 207 68 per
1832 2400 296 68 motum,
2039 2400 237 68 quia
2187 2400 178 68 si
2246 2400 178 68 iste

1386 2477 276 55 totus
1570 2477 276 55 motus
1754 2477 429 55 necessario
2091 2477 214 55 est
2214 2477 153 55 a
2244 2477 184 55 cau¬-

1390 2555 178 67 sa
1479 2555 237 67 sua,
1628 2555 386 67 quaelibet
1925 2555 237 67 pars
2073 2555 237 67 ejus
2192 2555 237 67 neces¬-

1387 2632 294 65 sario
1583 2632 424 65 causatur,
1910 2632 326 65 quando
2106 2632 326 65 causatur

1391 2706 173 67 et
1478 2706 549 67 inevitabiliter,
1940 2706 202 67 ita
2055 2706 231 67 quod
2171 2706 260 67 opposi¬-

1387 2782 229 68 tum
1518 2782 229 68 non
1649 2782 327 68 posset
1877 2782 294 68 tunc,
2074 2782 229 68 nec
2172 2782 261 68 aliter

1391 2860 357 65 causari;
1659 2860 179 65 et
1748 2860 357 65 ulterius
2016 2860 238 65 quod
2135 2860 298 65 causatur

1387 2937 252 66 per
1531 2937 504 66 quamcumque
1927 2937 360 66 partem
2142 2937 288 66 motus,

1391 3009 428 56 necessario
1728 3009 367 56 causatur
2004 3009 184 56 et
2065 3009 367 56 inevitabi¬-

1396 3086 267 68 liter.
1583 3086 187 68 Vel
1690 3086 267 68 igitur
1876 3086 240 68 nihil
2036 3086 187 68 fit
2116 3086 320 68 contingen¬-

1395 3162 230 63 ter,
1539 3162 173 63 id
1626 3162 230 63 est,
1770 3162 461 63 evitabiliter
2115 3162 317 63 causatur,

1392 3238 221 69 vel
1519 3238 316 69 primum
1740 3238 221 69 sic
1866 3238 316 69 causat
2055 3238 379 69 immediate,

1396 3317 253 66 quod
1554 3317 316 66 posset
1775 3317 284 66 etiam
1965 3317 221 66 non
2059 3317 316 66 causare.

1456 3391 203 67 (e)
1572 3391 174 67 Ad
1659 3391 318 67 tertium
1890 3391 260 67 dico,
2064 3391 232 67 quod
2208 3391 174 67 si
2266 3391 174 67 ali¬-

1399 3465 228 70 qua
1530 3465 358 70 potest.
1790 3465 391 70 impedire
2084 3465 326 70 istam,
2279 3465 163 70 hoc

1400 3542 209 69 non
1519 3542 298 69 potest
1728 3542 239 69 nisi
1877 3542 179 69 in
1967 3542 328 69 virtute
2176 3542 268 69 superi¬-

1407 3618 224 68 oris
1547 3618 307 68 causae,
1770 3618 168 68 et
1854 3618 196 68 ita
1966 3618 335 68 superior
2217 3618 168 68 in
2273 3618 168 68 vir-
