2653 3979
366 304 288 58 optimo.
575 304 183 58 Non
680 304 210 58 enim
811 304 288 58 aliquid
1021 304 262 58 unitur
1178 304 210 58 alteri

361 378 201 61 nisi
487 378 302 61 includat
713 378 377 61 relationem,
1015 378 176 61 qua
1090 378 302 61 formaliler

365 454 262 50 dicitur
556 454 214 50 uniri
699 454 333 50 leiminatam
960 454 143 50 ad
1032 454 214 50 illud
1175 454 167 50 cui
1246 454 143 50 uni¬-

364 533 175 57 tur
464 533 150 57 et
539 533 400 57 conjungitur.
864 533 200 57 Unde
989 533 250 57 Doctor
1139 533 250 57 expresse

360 612 283 56 quaesi.
566 612 180 56 13.
669 612 308 56 Quodlib.
900 612 206 56 vult
1028 612 206 56 quod
1131 612 257 56 operatio

354 684 320 49 beatifica
600 684 295 49 includat
822 684 148 49 de
895 684 369 49 necessitate
1166 684 221 49 relati¬-

350 763 237 56 onem
498 763 296 56 realem
706 763 415 56 terminatam
1032 763 178 56 ad
1091 763 296 56 objectum

350 836 156 47 ut
428 836 312 47 existens
662 836 208 47 est.
792 836 156 47 Et
870 836 156 47 in
949 836 182 47 hoc
1053 836 286 47 videtur
1235 836 156 47 sibi

356 910 409 59 contradicere,
693 910 193 59 quia
813 910 337 59 quaestione
1054 910 337 59 praeallegata

359 983 183 55 vult
474 983 183 55 quod
588 983 206 55 actus
726 983 321 55 beatificus
978 983 344 55 intellectus
1230 983 160 55 divi¬-

359 1060 151 49 ni
434 1060 251 49 nullam
610 1060 352 49 relationem
887 1060 302 49 includat
1088 1060 302 49 terminatam

357 1133 163 61 ad
438 1133 245 61 ipsam
602 1133 381 61 essentiam,
902 1133 218 61 qua}
1038 1133 191 61 est
1120 1133 272 61 objectum

361 1208 376 54 beatificum,
662 1208 150 54 et
737 1208 176 54 non
837 1208 251 54 tantum
1013 1208 351 54 relationem
1264 1208 125 54 re¬-

359 1285 226 59 alem,
510 1285 176 59 sed
610 1285 176 59 nec
710 1285 226 59 etiam
861 1285 351 59 relationem
1112 1285 276 59 rationis,

368 1363 158 58 et
447 1363 237 58 tamen
605 1363 184 58 hic
710 1363 316 58 concedit
947 1363 211 58 quod
1078 1363 211 58 vere
1183 1363 211 58 unitur

359 1441 145 56 et
431 1441 363 56 conjungitur
722 1441 266 56 objecto
915 1441 266 56 optimo,
1085 1441 145 56 etc.

333 1515 132 67 Q
385 1515 370 67 Respondeo,
677 1515 212 67 quod
809 1515 265 67 quando
994 1515 185 67 est
1100 1515 212 67 unio
1206 1515 185 67 inter

338 1590 227 56 Regula,
503 1590 206 56 aliqua
648 1590 247 56 realiter
833 1590 268 56 distincta
1039 1590 124 56 et
1101 1590 247 56 habentia
1266 1590 124 56 esse

354 1666 259 48 realis
535 1666 388 48 existentise
846 1666 337 48 includunt
1079 1666 311 48 relationem

359 1742 283 54 realem,
565 1742 154 54 et
642 1742 257 54 quando
822 1742 180 54 est
925 1742 231 54 inter
1079 1742 283 54 extrema
1259 1742 129 54 ha¬-

353 1816 279 55 bentia
549 1816 224 55 esse
688 1816 335 55 secundum
940 1816 224 55 quid
1080 1816 196 55 vel
1163 1816 224 55 saltem

351 1893 207 57 unum
480 1893 310 57 illorum,
713 1893 207 57 tunc
843 1893 181 57 non
946 1893 181 57 est
1050 1893 285 57 necesse
1231 1893 155 57 quod

355 1968 327 57 includant
606 1968 352 57 relationem
883 1968 276 57 realem,
1084 1968 151 57 ut
1159 1968 226 57 patet
1285 1968 101 57 de

359 2044 334 58 cognitione
621 2044 358 58 abstractiva
907 2044 191 58 quae
1027 2044 238 58 unitur
1170 2044 215 58 objecto

354 2120 298 56 habenti
571 2120 217 56 esse
707 2120 271 56 tantum
897 2120 326 56 secundum
1141 2120 244 56 quid,
1276 2120 109 56 ut

356 2195 237 55 patet
514 2195 132 55 a
567 2195 290 55 Doctore
778 2195 158 55 q.
857 2195 185 55 18.
962 2195 316 55 Quodlib.
1173 2195 211 55 Quando

357 2271 191 55 vero
477 2271 167 55 est
572 2271 215 55 inter
715 2271 263 55 extrema
906 2271 167 55 sic
1002 2271 287 55 realiter
1193 2271 191 55 eadem,

351 2344 217 56 quod
487 2344 217 56 unum
622 2344 298 56 illorum
839 2344 298 56 unitive
1056 2344 190 56 est
1165 2344 163 56 in
1219 2344 163 56 alio

347 2421 355 48 secundum
614 2421 385 48 omnimodam
910 2421 444 48 identitatem
1236 2421 148 48 re¬-

353 2498 202 55 alem,
487 2498 179 55 tunc
599 2498 157 55 ibi
689 2498 202 55 nulla
823 2498 157 55 est
913 2498 269 55 relatio,
1114 2498 157 55 nec
1181 2498 202 55 realis,

351 2574 160 51 nec
442 2574 297 51 rationis;
671 2574 137 51 et
739 2574 160 51 sic
830 2574 205 51 actus
967 2574 319 51 beatificus
1195 2574 183 51 intel¬-

350 2649 252 49 lectus
526 2649 252 49 divini
703 2649 252 49 nullam
880 2649 353 49 relationem
1132 2649 252 49 includit

348 2726 155 56 ad
426 2726 337 56 essentiam
685 2726 155 56 ut
762 2726 311 56 objectum
996 2726 388 56 beatificum,
1280 2726 104 56 ut

353 2803 257 54 Doctor
533 2803 283 54 exponit
739 2803 180 54 13.
841 2803 283 54 quaesi.
1047 2803 308 54 Quodlib.
1253 2803 128 54 Hic

356 2879 190 56 ergo
475 2879 214 56 debet
618 2879 310 56 intelligi
856 2879 190 56 unio
975 2879 310 56 potentiae
1213 2879 143 56 ad
1261 2879 119 56 ob¬-

343 2954 254 57 jectum
520 2954 178 57 pro
622 2954 254 57 unione
800 2954 432 57 fundamentali,
1130 2954 254 57 scilicet

353 3031 201 56 quod
479 3031 201 56 ipsa
604 3031 302 56 potentia
831 3031 176 56 per
931 3031 377 56 operationem
1208 3031 176 56 abso¬-

348 3108 245 55 lutam
511 3108 218 55 vere
647 3108 327 55 attingit
892 3108 299 55 optimum
1083 3108 299 55 objectum,

353 3182 238 55 sicut
511 3182 238 55 etiam
669 3182 264 55 Doctor
854 3182 211 55 vult
986 3182 317 55 expresse
1224 3182 158 55 in
1276 3182 106 55 4.

352 3259 226 55 dist.
503 3259 176 55 10.
603 3259 151 55 et
679 3259 176 55 49.
779 3259 151 55 et
854 3259 151 55 q.
930 3259 176 55 13.
1030 3259 302 55 Quodlib.
1231 3259 151 55 quod

352 3332 229 56 ultima
513 3332 298 56 perfectio
742 3332 298 56 potentiae
971 3332 390 56 intellectivae
1269 3332 115 56 est

355 3409 212 53 illa
487 3409 185 53 qua
593 3409 265 53 unitur
778 3409 291 53 optimo,
990 3409 159 53 et
1069 3409 238 53 illam
1202 3409 185 53 vocat

349 3484 408 55 operationem
675 3484 381 55 absolutam;
974 3484 163 55 et
1056 3484 163 55 si
1137 3484 163 55 ad
1192 3484 190 55 ipsam

357 3560 383 60 consequatur
664 3560 256 60 aliqua
843 3560 281 60 relatio
1048 3560 153 60 ad
1099 3560 281 60 objectum,

1446 312 151 56 ex
1521 312 176 56 hoc
1622 312 201 56 est,
1748 312 201 56 quia
1874 312 227 56 lalis
2025 312 302 56 operatio
2226 312 252 56 realiter

1444 388 382 56 distinguitur
1755 388 143 56 ab
1826 388 287 56 objecto,
2041 388 143 56 et
2113 388 167 56 sic
2208 388 215 56 patet
2328 388 143 56 quo¬-

1441 465 200 42 modo
1566 465 175 42 non
1666 465 175 42 est
1741 465 375 42 contradictio.

1494 535 163 58 (c)
1587 535 257 58 Secunda
1774 535 233 58 ratio.
1937 535 187 58 Quia
2054 535 210 58 dixit
2171 535 303 58 Aristoteles

1440 611 202 57 quod
1566 611 151 57 si
1641 611 378 57 intelligere
1944 611 227 57 primi
2095 611 227 57 esset
2246 611 227 57 aliud
2372 611 101 57 ab

1439 687 218 57 ipso,
1584 687 218 57 esset
1729 687 314 57 laboriosa
1971 687 194 57 ejus
2092 687 387 57 continuatio,
2382 687 97 57 et

1440 762 265 57 Doctor,
1633 762 169 57 ubi
1729 762 241 57 supra,
1897 762 289 57 assignat
2114 762 313 57 rationem,
2331 762 144 57 quia

1438 839 312 54 potentia
1672 839 338 54 solummodo
1932 839 338 54 receptiva
2191 839 182 54 est
2269 839 208 54 poten¬-

1445 914 164 55 tia
1538 914 468 55 contradictionis,
1936 914 140 55 ut
2006 914 234 55 patet,
2170 914 187 55 quia
2287 914 140 55 si
2334 914 140 55 tan¬-

1440 988 190 59 tum
1548 988 163 59 se
1630 988 244 59 habet
1793 988 380 59 receptive,
2092 988 326 59 sequitur
2309 988 163 59 quod

1441 1063 252 56 nullam
1617 1063 403 56 necessitatem
1944 1063 227 56 dicat
2095 1063 302 56 respectu
2297 1063 176 56 rece¬-

1445 1139 180 53 pti,
1557 1139 135 53 ut
1624 1139 202 53 patet
1759 1139 112 53 a
1804 1139 247 53 Doctore
1983 1139 135 53 in
2051 1139 247 53 prolog.
2230 1139 247 53 quaest.
2387 1139 90 53 de

1445 1213 274 54 subjecto
1650 1213 342 54 Theologiae,
1924 1213 137 54 et
1992 1213 160 54 sic
2083 1213 342 54 intellectus
2334 1213 137 54 pri¬-

1444 1290 151 56 mi
1519 1290 252 56 posset
1695 1290 201 56 esse
1821 1290 327 56 aliquando
2073 1290 402 56 inlelligens,
2374 1290 101 56 et

1448 1364 314 56 aliquando
1690 1364 194 56 non,
1811 1364 145 56 et
1883 1364 169 56 hoc
1980 1364 169 56 est
2077 1364 194 56 quod
2173 1364 194 56 dicit.

1491 1439 181 57 (d)
1595 1439 258 57 Aliter
1775 1439 362 57 ostenditur
2060 1439 388 57 propositum.
2344 1439 129 57 Hic

1438 1516 234 53 ponit
1594 1516 311 53 rationem
1827 1516 156 53 D.
1905 1516 259 53 Thomse
2087 1516 156 53 in
2165 1516 234 53 dist.
2320 1516 156 53 3.
2372 1516 104 53 et

1441 1589 230 55 iEgid.
1602 1589 207 55 dist.
1739 1589 138 55 2.
1808 1589 230 55 primi,
1969 1589 138 55 et
2038 1589 207 55 ratio
2176 1589 184 55 stat
2290 1589 138 55 in
2336 1589 138 55 hoc,

1438 1666 213 55 quia
1571 1666 319 55 objectum
1811 1666 159 55 et
1890 1666 319 55 potentia
2103 1666 372 55 intellectiva

1437 1742 197 56 sunt
1561 1742 222 56 idem;
1708 1742 197 56 ergo
1832 1742 370 56 intellectio
2127 1742 172 56 qua
2226 1742 222 56 talis
2349 1742 123 56 in¬-

1442 1818 305 55 tellectus
1676 1818 328 55 intelligit
1934 1818 211 55 illud
2074 1818 305 55 objectum.
2285 1818 188 55 Doctor

1438 1892 239 52 dicit
1597 1892 212 52 hanc
1729 1892 318 52 rationem
1968 1892 186 52 non
2074 1892 398 52 concludere,
2365 1892 106 52 et

1440 1969 206 56 palet
1577 1969 298 56 instantia
1806 1969 137 56 de
1875 1969 320 56 intellectu
2127 1969 229 56 Angeli
2287 1969 137 56 et
2333 1969 137 56 ejus

1439 2045 311 54 essentia,
1678 2045 191 54 quae
1798 2045 263 54 quamvis
1989 2045 191 54 sint
2109 2045 287 54 realiter
2301 2045 168 54 idem,

1438 2119 161 44 non
1530 2119 207 44 tamen
1668 2119 344 44 intellectio
1943 2119 275 44 realiter
2127 2119 344 44 identificatur

1428 2193 128 40 illis.

1486 2270 176 56 (e)
1587 2270 202 56 Haec
1713 2270 328 56 conclusio
1965 2270 303 56 secunda,
2192 2270 202 56 etc.
2293 2270 176 56 Primo

1432 2345 296 54 sequitur
1655 2345 198 54 quod
1778 2345 296 54 voluntas
2001 2345 173 54 sit
2099 2345 198 54 idem
2198 2345 272 54 essentiae

1436 2420 276 55 divinae.
1643 2420 184 55 Tum,
1758 2420 184 55 quia
1873 2420 138 55 si
1942 2420 230 55 velle,
2102 2420 161 55 est
2171 2420 299 55 simpliciter

1433 2497 377 55 incausabile
1735 2497 151 55 ut
1810 2497 226 55 supra
1961 2497 277 55 patuit;
2162 2497 201 55 ergo
2288 2497 126 55 a
2313 2497 151 55 for¬-

1439 2574 205 54 tiori
1576 2574 137 54 et
1645 2574 297 54 voluntas,
1873 2574 205 54 cujus
2010 2574 160 54 est
2101 2574 183 54 tale
2215 2574 251 54 velle-,
2375 2574 91 54 si

1436 2650 187 55 enim
1553 2650 304 55 posterius
1787 2650 164 55 est
1880 2650 351 55 simpliciter
2137 2650 328 55 incausabile,

1435 2726 206 58 ergo
1564 2726 154 58 et
1641 2726 257 58 prius;
1821 2726 180 58 cum
1924 2726 206 58 ergo
2053 2726 180 58 sit
2156 2726 257 58 tantum
2311 2726 154 58 unum

1433 2801 378 58 simpliciter
1735 2801 378 58 incausabile
2037 2801 151 58 ut
2113 2801 227 58 supra
2238 2801 227 58 patuit,

1436 2876 282 58 sequitur
1647 2876 188 58 quod
1764 2876 141 58 si
1834 2876 282 58 voluntas
2046 2876 164 58 sit
2116 2876 352 58 incausabilis,

1435 2952 197 59 quod
1558 2952 197 59 illa
1681 2952 197 59 erit
1804 2952 295 59 realiter
2025 2952 197 59 ipsa
2148 2952 221 59 prima
2271 2952 197 59 natura

1435 3028 247 54 omnino
1608 3028 592 54 incausabilis.Secundo
2126 3028 296 54 sequitur
2324 3028 148 54 quod

1437 3103 346 57 intelligere
1714 3103 208 57 primi
1853 3103 277 57 respectu
2060 3103 162 57 sui
2153 3103 162 57 sit
2245 3103 185 57 idem
2337 3103 139 57 illi

1436 3180 289 55 noturae,
1653 3180 193 55 quia
1774 3180 362 55 simpliciter
2063 3180 265 55 necesse
2256 3180 193 55 esse
2352 3180 121 55 pa¬-

1439 3256 187 57 tet,
1555 3256 187 57 quia
1672 3256 140 57 si
1742 3256 210 57 velle
1883 3256 164 57 sit
1976 3256 257 57 necesse
2163 3256 210 57 esse,
2303 3256 117 57 a
2327 3256 140 57 for¬-

1443 3331 219 56 tiori
1589 3331 365 56 intelligere
1880 3331 122 56 ,
1929 3331 170 56 cum
2026 3331 243 56 omnino
2172 3331 292 56 praesuppo-

1433 3409 244 54 natur
1595 3409 217 54 ipsi
1731 3409 271 54 velle,
1920 3409 190 54 sed
2029 3409 271 54 tantum
2218 3409 190 54 est
2300 3409 162 54 unum

1439 3485 250 53 necesse
1621 3485 250 53 esse.ut
1803 3485 205 53 supia
1940 3485 250 53 patuit;
2122 3485 137 53 si
2167 3485 296 53 intelligere

1432 3561 163 57 sit
1525 3561 257 57 necesse
1712 3561 210 57 esse,
1852 3561 210 57 erit,
1991 3561 280 57 realiter
2201 3561 187 57 ipsa
2295 3561 163 57 prima
