2740 3979
283 350 227 53 fcet;
434 350 202 53 ergo
561 350 227 53 prius
712 350 202 53 ipso
839 350 303 53 causato,
1066 350 202 53 quod
1167 350 152 53 tan¬-

286 428 180 51 tum
389 428 231 51 habet
543 428 206 51 esse
646 428 309 51 possibile.

335 501 311 54 Secundo,
568 501 207 54 quia
698 501 207 54 omne
827 501 233 54 aliud
982 501 129 54 a
1034 501 259 54 primo,
1190 501 129 54 de¬-

286 580 259 50 pendet
467 580 129 50 a
519 580 233 50 primo
675 580 155 50 ut
752 580 129 50 a
804 580 259 50 causa,
985 580 155 50 ut
1063 580 233 50 supra
1193 580 129 50 pa¬-

291 653 172 52 tet
390 653 123 52 ;
439 653 172 52 sed
537 653 245 52 primum
709 653 172 52 non
807 653 172 52 est
905 653 344 52 sufficiens
1150 653 172 52 causa

287 729 269 53 alicujus
489 729 180 53 nisi
601 729 404 53 praeintelligat
937 729 224 53 illud,
1095 729 135 53 ut
1139 729 180 53 supra,

284 806 224 54 ergo
424 806 196 54 cum
536 806 252 54 causa
704 806 392 54 formaliter
1012 806 280 54 sumpta
1180 806 140 54 sit

284 881 368 52 naturaliter
579 881 221 52 prior
727 881 295 52 effectu,
948 881 147 52 et
1021 881 221 52 etiam
1144 881 172 52 quod¬-

282 957 239 52 libet
442 957 371 52 necessario
733 957 371 52 requisitum
1025 957 159 52 ad
1078 957 239 52 causam,

288 1035 275 52 sequitur
494 1035 183 52 quod
609 1035 344 52 intellectio
884 1035 275 52 effectus
1090 1035 160 52 sit
1159 1035 160 52 prior

286 1112 352 50 naturaliter
567 1112 188 50 ipso
685 1112 282 50 effectu.
896 1112 235 50 Tertia
1061 1112 211 50 ratio
1178 1112 141 50 pro¬-

280 1189 202 51 bat
396 1189 346 51 secundam
655 1189 173 51 et
742 1189 317 51 quartam
944 1189 375 51 particulam,

289 1264 192 53 quia
409 1264 265 53 artifex
602 1264 313 53 perfectus
842 1264 313 53 distincte
1058 1264 265 53 cognoscit

285 1340 233 53 omnia
441 1340 259 53 agenda
622 1340 311 53 antequam
855 1340 259 53 fiant,
1037 1340 259 53 aliter
1192 1340 130 53 non

289 1413 276 53 perfecte
496 1413 345 53 operaretur,
772 1413 184 53 quia
886 1413 276 53 cognitio
1070 1413 253 53 artificis

285 1488 196 53 est
397 1488 308 53 mensura
621 1488 224 53 sive
761 1488 336 53 exemplar
1014 1488 252 53 juxta
1154 1488 168 53 quod

284 1564 365 53 operatur,
565 1564 169 53 id
649 1564 225 53 est,
790 1564 197 53 cui
902 1564 422 53 conformatur
1212 1564 112 53 in

286 1640 336 51 operando,
545 1640 155 51 ut
622 1640 233 51 patet
778 1640 155 51 in
855 1640 285 51 quaest.
1062 1640 155 51 de
1114 1640 207 51 praxi,

288 1713 202 55 quia
414 1713 278 55 habitus
616 1713 303 55 perfecte
843 1713 328 55 practicus
1071 1713 253 55 perfecte

287 1793 312 51 dirigit,
521 1793 156 51 et
599 1793 182 51 cum
703 1793 208 51 ipso
832 1793 182 51 non
936 1793 208 51 stat
1066 1793 260 51 error,
1222 1793 104 51 et

283 1866 182 53 per
387 1866 364 53 consequens
673 1866 338 53 distincte
933 1866 260 53 dictat
1115 1866 156 53 de
1167 1866 156 53 ope-

284 1940 287 53 rabili,
492 1940 208 53 quod
623 1940 182 53 non
727 1940 182 53 est
831 1940 208 53 nisi
961 1940 234 53 talis
1092 1940 234 53 notitia

284 2016 240 51 esset
445 2016 374 51 distincta.
738 2016 187 51 Cum
845 2016 214 51 ergo
979 2016 214 51 Deus
1112 2016 187 51 sit
1192 2016 134 51 om¬-

286 2090 203 51 nium
413 2090 279 51 artifex
616 2090 152 51 et
692 2090 483 51 perfectissimum,
1073 2090 254 51 sequitur

287 2167 208 51 quod
417 2167 234 51 omnia
574 2167 234 51 prius
730 2167 156 51 et
808 2167 339 51 distincte
1042 2167 287 51 cognoscat

291 2242 214 50 quam
398 2242 295 50 producat.

341 2328 173 54 (b)
440 2328 247 54 Contra
613 2328 222 54 istam
761 2328 321 54 instatur.
1009 2328 198 54 Haec
1108 2328 222 54 littera

288 2404 253 53 ponit
457 2404 366 53 exemplum.
738 2404 225 53 Dico
879 2404 281 53 tamen,
1076 2404 225 53 quod
1188 2404 141 53 non

290 2481 329 47 concludit
543 2481 253 47 contra
720 2481 228 47 istam
872 2481 278 47 tertiam
1049 2481 278 47 rationem,

291 2557 198 51 quia
415 2557 173 51 ars
514 2557 371 51 universalis
811 2557 173 51 non
910 2557 297 51 sufficit
1133 2557 149 51 ad
1182 2557 149 51 sin¬-

284 2634 295 51 gularia
499 2634 402 51 producenda,
821 2634 161 51 ut
901 2634 241 51 patet
1062 2634 134 51 a
1089 2634 241 51 Doctore

286 2710 149 51 in
361 2710 223 51 primo
509 2710 273 51 Metaph.
707 2710 273 51 quaest.
906 2710 149 51 5.
980 2710 149 51 et
1054 2710 173 51 per
1129 2710 198 51 Philo¬-

285 2785 269 52 sophum
473 2785 161 52 in
554 2785 296 52 Prolog.
769 2785 403 52 Metaphysic.
1091 2785 188 52 ubi
1172 2785 161 52 vult

290 2861 226 52 quod
431 2861 339 52 expertus
685 2861 310 52 certius
911 2861 339 52 operetur
1136 2861 198 52 circa

290 2937 334 52 singulare,
552 2937 286 52 artifice
767 2937 334 52 inexperto,
1005 2937 143 52 etc.

343 3012 203 52 Sed
459 3012 174 52 in
546 3012 203 52 hoc
662 3012 232 52 quod
807 3012 290 52 dicit,
1011 3012 232 52 quod
1127 3012 203 52 omnis

287 3087 374 51 intellectus
586 3087 174 51 est
686 3087 249 51 ipsius
860 3087 224 51 entis
985 3087 349 51 communissime

291 3163 267 51 sumpti,
485 3163 267 51 videtur
679 3163 194 51 sibi
800 3163 412 51 contradicere,
1140 3163 194 51 quia
1237 3163 97 51 in

288 3235 287 53 Quolib.
497 3235 287 53 quaest.
706 3235 183 53 14.
810 3235 313 53 expresse
1045 3235 235 53 tenet
1175 3235 157 53 quod

284 3314 425 40 intellectus
623 3314 311 40 creatus
850 3314 255 40 habet
1020 3314 283 40 tantum
1189 3314 142 40 ens

287 3389 286 51 creatum
495 3389 182 51 pro
599 3389 286 51 objecto
780 3389 312 51 adaequato.

339 3463 229 51 Dico,
491 3463 204 51 quod
619 3463 306 51 loquitur
848 3463 178 51 ibi
950 3463 153 51 de
1026 3463 280 51 objecto
1205 3463 127 51 at-

290 3539 301 51 tingibili
522 3539 139 51 ab
591 3539 325 51 intellectu
846 3539 232 51 creato
1008 3539 139 51 ex
1078 3539 232 51 causis
1217 3539 116 51 na¬-

286 3616 374 50 turalibus,
580 3616 187 50 hic
687 3616 241 50 autem
848 3616 321 50 loquitur
1088 3616 160 50 de
1142 3616 187 50 obje¬

1373 349 181 51 cto
1477 349 155 51 ad
1554 349 207 51 quod
1684 349 388 51 intellectus
1995 349 233 51 habet
2124 349 285 51 naturalem

1370 427 468 51 inclinationem,
1760 427 130 51 a
1812 427 338 51 quocumque
2072 427 312 51 causetur
2280 427 130 51 co¬-

1372 502 249 51 gnitio
1546 502 224 51 talis
1695 502 298 51 objecti,
1919 502 149 51 ut
1993 502 224 51 satis
2143 502 273 51 exposui
2317 502 99 51 in

1373 577 272 51 quaest.
1571 577 173 51 14.
1670 577 223 51 Prol.
1819 577 149 51 et
1893 577 223 51 etiam
2042 577 223 51 patet
2165 577 248 51 expresse

1371 657 153 51 in
1447 657 229 51 Quot,
1600 657 178 51 ubi
1701 657 255 51 supra.
1880 657 331 51 Sequentia
2134 657 229 51 clara
2261 657 153 51 sunt

1709 779 321 37 SCHOLIUM.

1425 901 265 46 Positis
1618 901 265 46 quatuor
1811 901 434 46 conclusionibus
2149 901 265 46 praeambu-

1374 965 180 47 lis,
1487 965 271 47 ostendit
1690 965 203 47 primi
1826 965 203 47 entis
1961 965 338 47 infinitatem
2209 965 203 47 quatuor

1374 1027 196 38 viis.
1505 1027 196 38 Prima
1635 1027 152 38 est
1722 1027 369 38 efficientiae.
2026 1027 239 38 Secunda
2178 1027 239 38 efficien¬-

1375 1091 170 45 tiae
1481 1091 339 45 cognoscentis
1757 1091 297 45 distincte.
1990 1091 212 45 Tertia
2117 1091 297 45 finalitatis.

1372 1155 237 46 Quarta
1538 1155 356 46 eminentiae.
1823 1155 142 46 Et
1894 1155 237 46 primo,
2060 1155 237 46 probat
2203 1155 213 46 infini¬-

1371 1218 214 46 tatem
1514 1218 380 46 efficientiae
1822 1218 166 46 per
1917 1218 214 46 locum
2060 1218 356 46 Aristotelis
2321 1218 95 46 de

1373 1281 332 47 infinitate
1634 1281 332 47 effectuum,
1895 1281 142 47 in
1966 1281 190 47 quos
2084 1281 237 47 potest
2226 1281 190 47 primum

1370 1345 267 46 agens,
1557 1345 214 46 item
1691 1345 214 46 quia
1825 1345 241 46 habet
1985 1345 267 46 omnium
2146 1345 267 46 causarum

1371 1408 330 48 virtutem,
1625 1408 203 48 quod
1752 1408 229 48 varie
1904 1408 305 48 explicat
2133 1408 152 48 et
2183 1408 229 48 arguit;

1373 1472 272 48 adducit
1571 1472 297 48 rationem
1794 1472 297 48 Henrici,
2017 1472 248 48 eamque
2165 1472 248 48 rejicit.

1429 1558 336 60 Ostensis
1681 1558 196 60 (a)
1793 1558 280 60 igitur
1990 1558 196 60 his
2102 1558 308 60 praeam-
2298 1558 140 60 25.

1366 1633 295 60 bulis
1563 1633 295 60 arguo
1760 1633 492 60 infinitatem
2121 1633 295 60 quatuor

1349 1709 169 48 viis.

1431 1786 290 59 Primo,
1634 1786 203 59 per
1750 1786 232 59 viam
1895 1786 492 59 efficientiae,
2271 1786 145 59 ubi

1370 1861 390 61 probatur
1663 1861 455 61 propositum
1988 1861 423 61 dupliciter.

1366 1938 362 60 Primo,
1619 1938 289 60 quia
1800 1938 326 60 ipsum
2017 1938 253 60 est
2126 1938 289 60 primum

1371 2014 391 47 efficiens
1641 2014 271 47 omnium.

1431 2089 357 61 Secundo,
1699 2089 238 61 quia
1848 2089 208 61 est
1967 2089 208 61 sic
2057 2089 357 61 efficiens,

1368 2165 263 60 puta
1532 2165 427 60 distincte
1861 2165 460 60 cognoscens
2189 2165 230 60 omnia

1352 2241 326 47 factibilia.

1431 2317 329 60 Tertio,
1670 2317 418 60 ostenditur
1999 2317 388 60 infinitas
2268 2317 149 60 per

1374 2393 236 47 viam
1491 2393 236 47 finis.

1430 2469 351 59 Quarto,
1686 2469 224 59 per
1813 2469 255 59 viam
1941 2469 415 59 eminentiae.

1439 2543 244 61 Primam
1609 2543 195 61 viam
1731 2543 146 61 ex
1804 2543 219 61 parte
1951 2543 317 61 efficien-
2194 2543 171 61 78.
2292 2543 146 61 «i
2341 2543 98 61 M.

1374 2620 196 60 tis
1486 2620 280 60 tangit
1682 2620 420 60 Philosophus
2018 2620 168 60 8.
2102 2620 196 60 Phy
2214 2620 224 60 sic.
2326 2620 112 60 A2

1378 2692 151 81 et
1453 2692 177 81 12.
1554 2692 278 81 Metaph.
1756 2692 151 81 et
1832 2692 252 81 arguit
2009 2692 177 81 sic
2110 2692 126 81 :
2160 2692 202 81 Pri-
2261 2692 177 81 qu^r;

1378 2772 190 59 mum
1487 2772 245 59 movet
1650 2772 217 59 motu
1786 2772 353 59 infinito;
2057 2772 217 59 ergo
2193 2772 245 59 habet
2329 2772 109 59 3-

1370 2849 457 60 potentiam
1721 2849 492 60 infinitam.
2108 2849 281 60 Haec
2248 2849 176 60 ra¬-

1373 2924 222 61 tio
1500 2924 540 61 (b)-coloratuv
1945 2924 349 61 quantum
2199 2924 191 61 ad
2262 2924 159 61 an¬-

1376 3000 358 60 tecedens
1645 3000 239 60 sic,
1794 3000 239 60 quia
1943 3000 269 60 aeque
2093 3000 328 60 concludi¬-

1373 3075 229 60 tur
1504 3075 458 60 propositum
1864 3075 196 60 si
1962 3075 327 60 possit
2158 3075 262 60 movere

1377 3151 203 59 per
1493 3151 406 59 infinitum,
1812 3151 261 59 sicut
1985 3151 174 59 si
2072 3151 319 59 moveret
2275 3151 145 59 per

1375 3227 430 60 infinitum,
1713 3227 246 60 quia
1867 3227 277 60 aeque
2051 3227 338 60 oportet
2266 3227 154 60 ip¬-

1377 3302 214 60 sum
1500 3302 245 60 esse
1653 3302 183 60 in
1744 3302 275 60 actu,
1928 3302 214 60 sed
2050 3302 275 60 illud
2203 3302 214 60 posse

1371 3379 314 59 patet
1581 3379 210 59 de
1685 3379 314 59 primo
1895 3379 384 59 quantum
2174 3379 245 59 est
2279 3379 140 59 ex

1373 3454 244 60 se.
1513 3454 314 60 Licet
1722 3454 279 60 ergo
1896 3454 349 60 primum
2140 3454 244 60 non
2245 3454 174 60 mo¬-

1372 3529 246 55 veat
1526 3529 246 55 motu
1680 3529 400 55 infinito,
1988 3529 277 55 sicut
2142 3529 277 55 Aristo¬-

1375 3604 276 62 teles
1559 3604 338 62 probat,
1805 3604 276 62 tamen
1989 3604 184 62 si
2051 3604 368 62 accipiatur
