2740 3979
239 325 218 74 Agens
384 325 170 74 quo
481 325 194 74 sibi
602 325 315 74 propriam,
845 325 218 74 illud
966 325 315 74 concluditur

241 404 199 69 piura
374 404 199 69 simui
506 404 177 69 esse
617 404 310 69 pe?tectius
861 404 133 69 ex
927 404 332 69 pluralitate
1170 404 111 69 ta-

240 466 438 82 anPeoCJer-lium,
609 466 138 82 6X
678 466 161 82 hoc
771 466 185 82 quod
886 466 231 82 potest
1047 466 138 82 in
1093 466 185 82 plura,

237 537 288 86 ksotms?
446 537 183 86 ^or
551 537 366 86 consequens
838 537 340 86 infinitum
1100 537 157 86 si
1152 537 131 86 si¬-

248 630 195 69 mul
360 630 278 69 potest
554 630 167 69 in
638 630 362 69 infinita;
916 630 167 69 et
972 630 306 69 ulterius,

241 707 189 64 si
336 707 315 64 natura
557 707 378 64 effectus
841 707 221 64 non
935 707 347 64 permittat

241 787 486 54 simultatem
623 787 347 54 eorum,
866 787 312 54 tamen
1039 787 243 54 causa

246 857 336 67 quantum
491 857 214 67 est
613 857 183 67 ex
704 857 183 67 se
796 857 305 67 posset
1009 857 275 67 simul
1162 857 122 67 in

244 932 397 68 infinita,
550 932 275 68 adhuc
733 932 367 68 sequitur
1008 932 244 68 quod
1130 932 153 68 sit

246 1009 396 64 infinitum
550 1009 183 64 ex
642 1009 366 64 infinita
886 1009 396 64 pluralitate

244 1085 357 63 talium,
503 1085 195 63 et
601 1085 227 63 ita
730 1085 357 63 videtur
990 1085 195 63 de
1055 1085 227 63 primo

247 1159 314 69 agente
467 1159 252 69 esse
624 1159 503 69 concedendum,
1033 1159 252 69 quod
1158 1159 126 69 si

247 1234 296 70 posset
455 1234 325 70 causare
691 1234 355 70 infinita
958 1234 266 70 simul
1105 1234 178 70 quod

246 1313 267 65 esset
424 1313 296 65 virtus
632 1313 237 65 ejus
780 1313 385 65 infinita,
1076 1313 178 65 et
1136 1313 148 65 per

233 1385 150 69 7
293 1385 421 69 consequens
624 1385 180 69 si
714 1385 271 69 simul
894 1385 331 69 haberet
1105 1385 180 69 vir-

238 1461 255 62 Scotus
416 1461 230 62 tutem
569 1461 306 62 causandi
799 1461 332 62 infinita,
1054 1461 179 62 ita
1130 1461 153 62 quod

239 1537 146 69 q.
312 1537 170 69 io!
409 1537 195 69 late
531 1537 268 69 quantum
725 1537 170 69 est
823 1537 146 69 ex
896 1537 146 69 se
969 1537 243 69 posset
1115 1537 170 69 simul

240 1598 136 84 et
308 1598 295 84 Quocii.i2
535 1598 318 84 producere,
785 1598 204 84 licet
921 1598 227 84 natura
1057 1598 227 84 effectus

245 1688 214 68 non
368 1688 428 68 permittat,
704 1688 275 68 adhuc
888 1688 367 68 sequitur
1132 1688 153 68 in¬-

246 1767 318 65 finitas
477 1767 347 65 virtutis
738 1767 347 65 ejusdem.
998 1767 231 65 Hsec
1114 1767 173 65 con¬-

245 1839 422 69 sequentia
569 1839 325 69 ultima
796 1839 422 69 probatur,
1088 1839 195 69 quia

248 1914 305 68 potens
461 1914 335 68 causare
705 1914 274 68 simul
888 1914 274 68 album
1071 1914 183 68 et
1132 1914 152 68 ni¬-

246 1990 284 67 grum,
435 1990 221 67 non
561 1990 221 67 est
687 1990 284 67 minus
876 1990 410 67 perfectum
1159 1990 126 67 si

246 2067 214 67 non
369 2067 306 67 potest
583 2067 183 67 ea
674 2067 275 67 simul
858 2067 367 67 causare,
1103 2067 183 67 quia

249 2142 282 56 ista)
437 2142 219 56 non
562 2142 251 56 sunt
719 2142 282 56 simul
876 2142 407 56 causabilia,

248 2220 231 64 quia
393 2220 231 64 haec
537 2220 202 64 non
653 2220 347 64 simultas
912 2220 202 64 est
1028 2220 173 64 ex
1086 2220 202 64 repu¬-

245 2293 347 66 gnantia
498 2293 315 66 eorum,
718 2293 189 66 et
813 2293 221 66 non
939 2293 189 66 ex
1002 2293 284 66 defectu

244 2369 391 67 agentis,
538 2369 261 67 quia
701 2369 293 67 agens
896 2369 293 67 simul
1059 2369 228 67 habet

244 2444 368 67 virtutem
520 2444 368 67 respectu
796 2444 337 67 amborum
1042 2444 184 67 si
1103 2444 184 67 illa

247 2520 168 66 ex
331 2520 168 66 se
415 2520 281 66 essent
612 2520 505 66 compossibilia.
1033 2520 196 66 Sit
1117 2520 168 66 igi¬-

245 2599 214 64 tur
368 2599 244 64 illa
520 2599 275 64 major
704 2599 153 64 :
765 2599 428 64 Quodcumque
1070 2599 214 64 agens

244 2675 284 62 habet
434 2675 410 62 virtutem,
749 2675 252 62 quae
907 2675 347 62 quantum
1127 2675 158 62 est

248 2747 164 68 de
330 2747 164 68 se
411 2747 273 68 posset
603 2747 164 68 in
684 2747 328 68 infinita
930 2747 273 68 simul,
1094 2747 191 68 licet

246 2823 641 68 incompossibilitas
796 2823 397 68 effectuum
1070 2823 214 68 impe¬-

248 2901 224 64 diat
388 2901 224 64 ista
528 2901 252 64 simul
696 2901 252 64 poni,
865 2901 224 64 tale
1005 2901 252 64 agens
1145 2901 140 64 est

247 2974 385 66 infinitae
544 2974 385 66 virtutis,
840 2974 296 66 primum
1048 2974 208 66 est
1137 2974 148 66 hu¬-

241 3051 369 68 jusmodi;
518 3051 277 68 ergo,
703 3051 246 68 etc.
856 3051 277 68 Major
1041 3051 215 68 est
1133 3051 154 68 de¬-

250 3126 316 66 clarata
480 3126 230 66 jam,
624 3126 230 66 quia
768 3126 402 66 pluralitas
1055 3126 230 66 talium

244 3200 436 66 concludit
580 3200 369 66 majorem
815 3200 470 66 perfectionem

247 3278 189 63 in
341 3278 315 63 causa,
562 3278 252 63 quae
719 3278 347 63 quantum
971 3278 221 63 est
1097 3278 189 63 ex
1160 3278 126 63 se

251 3351 279 69 potest
447 3351 251 69 simul
614 3351 168 69 in
698 3351 251 69 illa;
865 3351 223 69 ergo
977 3351 307 69 infinitas

248 3430 335 62 illorum
491 3430 183 62 in
583 3430 244 62 quae
735 3430 305 62 potest
949 3430 335 62 quantum
1162 3430 122 62 ex

251 3504 177 63 se
339 3504 295 63 simul,
546 3504 384 63 concludit
841 3504 384 63 infinitam
1106 3504 177 63 ejus

217 3585 336 48 virtutem.

1381 333 189 66 Ex
1475 333 283 66 istis
1664 333 220 66 (f)
1790 333 315 66 potest
1978 333 378 66 propositum

1328 409 180 65 sic
1431 409 283 65 ostendi
1637 409 129 65 :
1689 409 155 65 Si
1766 409 258 65 primum
1946 409 283 65 haberet
2127 409 258 65 probatur

1330 485 237 57 omnem
1488 485 422 57 causalitatem
1830 485 237 57 omnis
1989 485 264 57 causae
2147 485 237 57 prunum,

1326 558 403 62 possibilis
1643 558 403 62 formaliter
1959 558 173 62 et
2046 558 288 62 simul,
2218 558 144 62 li¬-

1322 636 221 62 cet
1449 636 221 62 non
1575 636 348 62 possent
1828 636 442 62 causabilia
2144 636 221 62 simul

1327 709 238 68 poni
1476 709 178 68 in
1565 709 238 68 esse
1714 709 268 68 esset
1892 709 416 68 infinitum,
2190 709 178 68 quia

1325 786 316 67 simul,
1547 786 348 67 quantum
1799 786 221 67 est
1926 786 190 67 ex
2020 786 221 67 se,
2115 786 253 67 posset

1327 861 357 66 infinita
1595 861 416 66 producere,
1922 861 178 66 et
2011 861 268 66 posse
2160 861 208 66 simul

1324 937 326 66 plura,
1552 937 424 66 concludit
1878 937 358 66 majorem
2106 937 261 66 poten¬-

1325 1012 237 68 tiam
1474 1012 415 68 intensive;
1800 1012 237 68 ergo
1949 1012 178 68 si
2038 1012 267 68 habet
2186 1012 178 68 per¬-

1321 1083 382 66 fectius
1599 1083 278 66 quam
1773 1083 208 66 si
1877 1083 382 66 haberet
2120 1083 243 66 omnem

1326 1161 474 68 causalitatem
1712 1161 445 68 formaliter,
2068 1161 267 68 magis
2216 1161 148 68 se¬-

1328 1238 287 62 quitur
1529 1238 374 62 infinitas
1817 1238 402 62 intensiva,
2133 1238 201 62 sed
2219 1238 144 62 ha¬-

1320 1313 244 70 bet
1459 1313 313 70 omnem
1668 1313 557 70 causalitatem
2086 1313 278 70 cujus-

1323 1390 337 68 cumque
1559 1390 236 68 rei
1694 1390 404 68 secundum
1997 1390 303 68 totum
2166 1390 202 68 quod

1322 1465 236 64 est
1457 1465 202 64 in
1558 1465 304 64 ipsa,
1761 1465 202 64 et
1862 1465 236 64 hoc
1963 1465 405 64 eminentius

1328 1541 244 65 quam
1480 1541 183 65 si
1571 1541 274 65 esset
1754 1541 183 65 in
1846 1541 244 65 ipso
1968 1541 396 65 formaliter;

1328 1617 231 65 ergo
1473 1617 202 65 est
1588 1617 376 65 infinitae
1877 1617 376 65 potentiae
2137 1617 231 65 inten¬

1307 1690 179 46 sive.

1382 1765 295 70 Licet
1579 1765 262 70 ergo
1742 1765 556 70 omnipotentiam
2168 1765 196 70 pro¬-

1328 1841 251 62 prie
1485 1841 314 62 dictam
1704 1841 377 62 secundum
1955 1841 408 62 intentionem

1323 1917 521 64 Theologorum
1740 1917 486 64 tantummodo
2087 1917 278 64 credi¬-

1331 1994 207 65 tam
1449 1994 266 65 esse,
1626 1994 177 65 et
1714 1994 207 65 non
1832 1994 354 65 naturali
2068 1994 295 65 ratione,

1328 2070 306 68 credam
1542 2070 306 68 cuidam
1756 2070 275 68 posse
1940 2070 367 68 probari,
2185 2070 183 68 sic¬-

1332 2145 173 59 ut
1419 2145 316 59 dicetur
1649 2145 259 59 dist.
1821 2145 201 59 42.
1936 2145 345 59 Probatur
2167 2145 201 59 tamen

1331 2220 357 71 infinita
1599 2220 357 71 potentia
1867 2220 238 71 quae
2015 2220 268 71 simul
2164 2220 208 71 quan¬-

1326 2297 236 59 tum
1461 2297 236 59 est
1596 2297 202 59 ex
1697 2297 236 59 se,
1831 2297 303 59 habet
2000 2297 370 59 eminenter

1326 2374 324 65 omnem
1542 2374 576 65 causalitatem
2010 2374 252 65 qua
2118 2374 252 65 simul

1335 2449 287 61 posset
1536 2449 172 61 in
1622 2449 373 61 infinita,
1910 2449 172 61 si
1996 2449 258 61 simul
2139 2449 230 61 essent

1310 2524 323 48 factibilia.

1386 2599 196 67 Si
1484 2599 425 67 objicitur
1811 2599 261 67 (g),
1974 2599 359 67 primum,
2203 2599 163 67 non

1333 2678 259 69 posse
1506 2678 173 69 ex
1592 2678 173 69 se
1678 2678 259 69 simul
1851 2678 173 69 in
1937 2678 374 69 infinita,
2196 2678 173 69 quia

1324 2751 313 59 licet
1533 2751 347 59 habeat
1776 2751 486 59 eminentius
2123 2751 243 59 omnem

1328 2828 488 70 causalitatem
1725 2828 305 70 causae
1939 2828 366 70 secundae
2183 2828 183 70 quam

1329 2903 227 62 sit
1458 2903 195 62 in
1556 2903 292 62 causa
1750 2903 389 62 secunda,
2042 2903 292 62 tamen
2204 2903 162 62 non

1329 2981 324 61 potest
1556 2981 195 61 ex
1653 2981 195 61 se
1750 2981 195 61 in
1847 2981 389 61 effectus
2107 2981 259 61 omnium

1325 3058 417 65 causarum
1638 3058 521 65 secundarum,
2055 3058 278 65 quia
2194 3058 174 65 non

1328 3130 208 65 est
1447 3130 356 65 probatum
1714 3130 237 65 quod
1862 3130 208 65 sit
1981 3130 326 65 totalis
2189 3130 178 65 cau¬-

1332 3205 172 50 sa
1390 3205 401 50 infinitorum.

1391 3281 193 74 Hoc
1502 3281 248 74 nihil
1667 3281 303 74 obstat,
1888 3281 221 74 quia
2026 3281 165 74 si
2108 3281 248 74 causa
2246 3281 138 74 2s.

1328 3358 301 63 primo
1528 3358 368 63 haberet
1796 3358 301 63 simul
1997 3358 268 63 unde
2131 3358 234 63 esset

1330 3434 325 61 totalis
1566 3434 295 61 causa,
1772 3434 207 61 hoc
1890 3434 236 61 est,
2038 3434 236 61 unde
2156 3434 207 61 esset

1330 3509 426 70 formaliter
1664 3509 274 70 causa
1847 3509 274 70 sicut
2029 3509 213 70 est
2121 3509 243 70 prima,

1327 3586 282 67 nihil
1515 3586 439 67 perfectius
1860 3586 282 67 esset
2048 3586 251 67 quam
2173 3586 188 67 nunc
