2682 3979
299 242 463 74 competentibus,
685 242 231 74 «pii»
839 242 231 74 etiam
994 242 180 74 hoc
1097 242 231 74 negat
1225 242 103 74 de

299 320 201 72 ipso
424 320 276 72 Angelo,
625 320 151 72 ut
701 320 226 72 patet
851 320 151 72 q.
926 320 176 72 11.
1027 320 276 72 Quoiib.
1203 320 126 72 Hoc

297 396 211 72 etiam
437 396 211 72 patet
577 396 164 72 per
671 396 211 72 illud
811 396 187 72 quod
928 396 211 72 dicit
1069 396 164 72 ibi
1162 396 117 72 :
1186 396 140 72 Con¬-

295 470 168 63 tra
391 470 192 63 tres
511 470 288 63 rationes
727 470 240 63 simul,
895 470 192 63 etc.
1015 470 168 63 sed
1087 470 240 63 intendit

292 548 310 69 probare,
525 548 207 69 quod
654 548 181 69 via
757 548 310 69 naturali
990 548 181 69 non
1068 548 258 69 possumus

287 622 410 71 concludere,
615 622 219 71 quod
751 622 246 71 prima
915 622 383 71 substantia
1188 622 137 71 sit

292 698 252 70 ultimus
475 698 206 70 finis
613 698 252 70 noster,
796 698 160 70 sub
887 698 206 70 illis
1002 698 320 70 proprietati¬-

289 776 185 68 bus
394 776 132 68 ,
447 776 211 68 quae
579 776 211 68 sibi
711 776 264 68 tantum
896 776 396 68 conveniunt,
1187 776 132 68 cum

285 851 279 70 omnino
481 851 363 70 ignoremus
760 851 279 70 illas,
956 851 168 70 ut
1040 851 224 70 puta
1151 851 168 70 quod

290 926 335 69 beatificat
553 926 143 69 ut
625 926 143 69 in
696 926 239 69 tribus
864 926 311 69 personis,
1103 926 167 69 vel
1175 926 143 69 quod

284 1002 361 68 beatificat
568 1002 258 68 tantum
749 1002 439 68 contingenter.
1110 1002 155 68 Si
1161 1002 155 68 enim

286 1078 377 65 naturaliter
587 1078 377 65 concludimus
888 1078 201 65 hoc,
1014 1078 226 65 etiam
1139 1078 176 65 natu¬-

280 1153 307 69 raliter
503 1153 335 69 possumus
754 1153 390 69 concludere
1061 1153 139 69 ,
1089 1153 223 69 primam

280 1224 407 61 substantiam
606 1224 217 61 esse
742 1224 217 61 unam
877 1224 163 61 in
959 1224 272 61 tribus
1149 1224 136 61 ,
1176 1224 136 61 vel

278 1300 232 69 agere
433 1300 207 69 mere
562 1300 439 69 contingenter,
924 1300 232 69 licet
1079 1300 181 69 non
1156 1300 155 69 pos¬-

280 1376 220 69 simus
426 1376 367 69 naturaliter
719 1376 220 69 illam
866 1376 342 69 cognoscere
1135 1376 147 69 in
1184 1376 122 69 se,

276 1454 155 67 et
354 1454 181 67 hoc
457 1454 181 67 est
560 1454 207 67 quod
690 1454 258 67 Doctor
871 1454 310 67 intendit
1103 1454 155 67 in
1155 1454 155 67 ista

279 1530 240 65 tertia
447 1530 288 65 ratione.
663 1530 144 65 Si
735 1530 192 65 enim
854 1530 216 65 Deus,
998 1530 144 65 ut
1070 1530 144 65 in
1118 1530 192 65 tribus

278 1605 234 71 tantum
442 1605 352 71 beatificat,
723 1605 258 71 oportet
910 1605 211 71 prius
1051 1605 211 71 scire
1168 1605 141 71 quod

274 1682 227 66 prima
425 1682 354 66 substantia
703 1682 177 66 sit
804 1682 227 66 trina
956 1682 152 66 et
1032 1682 202 66 una,
1133 1682 177 66 licet

273 1758 186 68 hoc
380 1758 159 68 in
459 1758 159 68 se
539 1758 186 68 non
645 1758 398 68 cognoscatur
964 1758 133 68 ;
1017 1758 159 68 et
1070 1758 239 68 secundo

271 1834 224 69 quod
411 1834 168 69 ut
495 1834 224 69 sic,
635 1834 196 69 sit
747 1834 336 69 objectum
971 1834 336 69 conveniens

272 1910 328 69 creaturae
524 1910 328 69 rationali
777 1910 152 69 ut
853 1910 354 69 hujusmodi.
1130 1910 152 69 Et
1181 1910 126 69 sic

274 1984 227 70 primo
425 1984 327 70 adducitur
677 1984 227 70 prima
828 1984 227 70 ratio
979 1984 176 70 ibi
1079 1984 126 70 :
1105 1984 201 70 Cogni¬-

276 2060 180 68 tio
379 2060 437 68 substantiarum
739 2060 386 68 separatarum
1048 2060 180 68 est
1125 2060 180 68 nobi¬-

278 2137 270 55 lissima,
457 2137 135 55 etc.

336 2213 139 70 Ut
405 2213 185 70 ista
521 2213 208 70 ratio
660 2213 254 70 clarius
845 2213 393 70 intelligatur,
1145 2213 162 70 pran¬-

275 2290 151 72 su
350 2290 226 72 Apono
501 2290 251 72 primo,
677 2290 201 72 quod
803 2290 276 72 ultimus
1004 2290 226 72 finis
1129 2290 176 72 homi¬-

277 2366 156 56 nis
366 2366 156 56 est
455 2366 402 56 beatificativus
790 2366 156 56 sub
880 2366 246 56 ratione
1036 2366 268 56 nobilissi¬-

271 2443 177 67 ma.
372 2443 303 67 Cognitio
599 2443 202 67 enim
725 2443 378 67 nobilissima
1028 2443 227 67 debet
1154 2443 151 67 esse

271 2518 151 69 de
346 2518 377 69 nobilissimo
647 2518 276 69 objecto
848 2518 176 69 sub
949 2518 276 69 ratione
1124 2518 176 69 nobi¬-

269 2595 302 68 lissima.
495 2595 252 68 Patet,
672 2595 201 68 quia
798 2595 277 68 ponimus
974 2595 327 68 cognitionem

267 2671 440 68 substantiarum
629 2671 388 68 separatarum
940 2671 207 68 esse
1043 2671 259 68 nobilis¬-

264 2749 272 68 simam,
454 2749 218 68 quia
590 2749 245 68 circa
754 2749 435 68 nobilissimum
1080 2749 218 68 genus,

267 2820 141 65 ut
337 2820 211 65 patet
478 2820 141 65 6.
548 2820 188 65 Met.
665 2820 141 65 t.
736 2820 141 65 c.
806 2820 141 65 2.
853 2820 446 65 Honorabilissimam,

267 2893 283 68 inquit,
473 2893 335 68 scientiam
731 2893 283 68 oportet
937 2893 232 68 circa
1065 2893 232 68 honora¬-

263 2971 372 67 bilissimum
556 2971 239 67 genus
715 2971 239 67 esse.
875 2971 213 67 Haec
1008 2971 239 67 ille.
1141 2971 159 67 Ergo

267 3045 192 68 erit
387 3045 144 68 de
459 3045 216 68 prima
603 3045 336 68 substantia
866 3045 408 68 principaliter
1178 3045 120 68 sub

262 3120 285 70 ratione
469 3120 414 70 nobilissima,
805 3120 207 70 quod
935 3120 181 70 est
1038 3120 233 70 ipsam
1168 3120 129 70 co¬-

261 3195 318 69 gnoscere
499 3195 133 69 ,
552 3195 186 69 non
658 3195 318 69 praecise
897 3195 159 69 in
950 3195 345 69 conceptibus

259 3271 381 59 communibus
558 3271 245 59 nobis
721 3271 163 59 et
803 3271 462 59 sensibilibus,
1156 3271 136 59 sed

260 3347 454 67 proprietatibus,
643 3347 191 67 quae
762 3347 239 67 tantum
929 3347 143 67 ei
977 3347 311 67 conveniunt,

260 3422 147 68 et
334 3422 319 68 praecipue
579 3422 221 68 ipsam
727 3422 344 68 cognoscere
997 3422 172 68 sub
1070 3422 221 68 ratione

262 3497 273 67 propria,
467 3497 136 67 ut
535 3497 250 67 patebit
717 3497 227 67 infra,
876 3497 250 67 quaesi.
1035 3497 91 67 3.

1431 249 306 71 Secundo
1654 249 445 71 praesuppono,
2015 249 222 71 quod
2126 249 278 71 voluntas

1377 326 276 62 hominis
1578 326 150 62 si
1653 326 226 62 recte
1803 326 201 62 vult
1929 326 401 62 beatificari,
2229 326 176 62 debet

1375 401 231 66 velle
1530 401 231 66 illum
1684 401 231 66 finem
1838 401 180 66 sub
1941 401 206 66 illa
2070 401 309 66 ratione,
2275 401 129 66 qua

1374 479 206 66 vere
1503 479 181 66 est
1606 479 490 66 beatificativus.
2019 479 181 66 Sed
2122 479 181 66 non
2200 479 206 66 potest

1375 554 221 68 ipsum
1523 554 221 68 velle
1670 554 172 68 sub
1768 554 196 68 tali
1891 554 295 68 ratione,
2112 554 196 68 nisi
2235 554 147 68 ut
2284 554 123 68 sic

1373 631 466 69 praecognoscatur
1766 631 147 69 et
1840 631 442 69 praeostendatur
2208 631 196 69 sibi
2306 631 98 69 ab

1374 706 350 68 intellectu;
1654 706 163 68 sed
1747 706 350 68 intellectus
2027 706 163 68 pro
2120 706 210 68 statu
2237 706 163 68 isto,

1366 782 201 67 non
1481 782 287 67 potest
1682 782 402 67 cognoscere
1999 782 316 67 ultimum
2200 782 201 67 finem

1369 857 176 69 sub
1470 857 277 69 ratione
1671 857 403 69 nobilissima;
1998 857 201 69 ergo
2124 857 151 69 ad
2200 857 201 69 hoc,
2300 857 101 69 ut

1366 931 302 70 voluntas
1592 931 252 70 possit
1769 931 227 70 agere
1920 931 277 70 propter
2121 931 252 70 illum,
2272 931 126 70 est

1368 1009 140 69 ei
1438 1009 328 69 necessaria
1695 1009 281 69 cognitio
1906 1009 211 69 talis
2046 1009 234 69 finis.
2186 1009 211 69 Et.quod

1366 1086 168 67 non
1462 1086 240 67 possit
1630 1086 240 67 haberi
1797 1086 168 67 via
1893 1086 311 67 naturali,
2133 1086 216 67 patet
2252 1086 144 67 pro¬-

1366 1158 211 69 batio
1506 1158 141 69 in
1576 1158 258 69 littera
1764 1158 281 69 Doctoris
1974 1158 258 69 duplici
2162 1158 187 69 via.
2255 1158 141 69 Pri¬-

1363 1234 168 70 ma,
1459 1234 191 70 quia
1578 1234 144 70 si
1650 1234 263 70 propria
1842 1234 359 70 substantiae
2105 1234 287 70 separatae,

1361 1311 177 69 via
1462 1311 304 69 naturali
1690 1311 278 69 possent
1892 1311 329 69 cognosci,
2120 1311 278 69 praecipue

1362 1386 204 71 talis
1498 1386 272 71 cognitio
1702 1386 249 71 tradita
1883 1386 204 71 esset
2019 1386 136 71 in
2064 1386 317 71 Metaphysica.

1361 1463 164 67 Sed
1454 1463 164 67 hoc
1548 1463 188 67 non,
1665 1463 141 67 ut
1736 1463 234 67 claret
1900 1463 141 67 ex
1970 1463 258 67 littera
2134 1463 258 67 Doctoris,

1358 1540 213 67 quia
1491 1540 346 67 hujusmodi
1757 1540 293 67 propria
1970 1540 186 67 non
2050 1540 346 67 includuntur

1359 1615 352 72 virtualiter
1640 1615 141 72 in
1711 1615 211 72 primo
1851 1615 282 72 subjecto
2039 1615 352 72 Metaphysicae,

1360 1691 141 70 ut
1430 1691 258 70 patebit
1618 1691 235 70 infra,
1782 1691 258 70 quepst.
1970 1691 305 70 praesenti
2182 1691 211 70 tractat

1351 1767 237 69 enim
1500 1767 178 69 de
1589 1767 326 69 omnibus
1826 1767 178 69 in
1915 1767 356 69 communi,
2181 1767 208 69 non
2270 1767 119 69 in

1338 1844 305 58 particulari.

1414 1921 184 71 Sed
1519 1921 184 71 hic
1624 1921 315 71 occurrit
1860 1921 289 71 dubium,
2071 1921 210 71 quia
2176 1921 210 71 Doctor

1360 1990 157 87 vult
1459 1990 157 87 quod
1557 1990 256 87 subjectum
1753 1990 314 87 Metaphysicae
2009 1990 138 87 sit
2088 1990 138 87 ens
2147 1990 256 87 Dubfl!l'ti0

1358 2073 295 72 inquanlum
1585 2073 182 72 ens,
1699 2073 136 72 ut
1767 2073 250 72 patebit
1949 2073 227 72 infra,
2108 2073 136 72 d.
2176 2073 136 72 3.
2244 2073 136 72 q,
2289 2073 91 72 2.

1353 2149 154 71 et
1430 2149 154 71 in
1508 2149 180 71 sua
1611 2149 412 71 Metaphysica.
1945 2149 206 71 Tunc
2074 2149 232 71 arguo
2229 2149 180 71 sic
2306 2149 77 71 :

1353 2223 320 73 Perfectus
1600 2223 394 73 Metaphysicus
1920 2223 296 73 perfecte
2117 2223 271 73 cognoscit

1351 2299 356 72 subjectum
1624 2299 465 72 Metaphysicae;
2008 2299 219 72 ergo
2117 2299 274 72 perfecte

1350 2375 356 70 cognoscit
1624 2375 192 70 ens
1733 2375 356 70 inquantum
2007 2375 219 70 ens.
2117 2375 274 70 Probatur

1349 2451 492 69 consequentia,
1754 2451 231 69 quia
1898 2451 202 69 per
2014 2451 347 69 Doctorem
2245 2451 145 69 ubi

1352 2528 246 72 supra
1516 2528 137 72 :
1570 2528 219 72 Quod
1707 2528 191 72 csl
1817 2528 356 72 subjectum
2063 2528 328 72 adaequatum

1353 2602 420 73 Metaphysicae,
1699 2602 173 73 est
1798 2602 296 73 objectum
2020 2602 346 73 adaequatum
2267 2602 123 73 in¬-

1356 2679 321 72 tellectus.
1608 2679 183 72 Tunc
1723 2679 229 72 ultra,
1883 2679 137 72 si
1952 2679 344 72 naturaliter
2204 2679 183 72 potest

1350 2758 361 70 cognoscere
1634 2758 181 70 ens
1737 2758 336 70 inquantum
1996 2758 181 70 ens
2099 2758 129 70 ;
2151 2758 207 70 ergo
2254 2758 129 70 na¬-

1352 2831 311 73 turaliter
1591 2831 239 73 potest
1759 2831 335 73 cognoscere
2022 2831 311 73 quodlibet
2237 2831 144 73 con-

1349 2909 286 62 ten-tum,
1564 2909 143 62 ut
1635 2909 215 62 supra
1754 2909 215 62 deduxi.

1410 2976 279 82 Respondeo
1624 2976 172 82 quod
1732 2976 129 82 eo
1796 2976 172 82 modo
1904 2976 150 82 quo
1990 2976 172 82 quis
2097 2976 150 82 est
2162 2976 236 82 ResPonsio

1346 3057 344 74 perfectus
1610 3057 450 74 Metaphysicus,
1981 3057 159 74 eo
2060 3057 212 74 modo
2166 3057 212 74 cogno¬-

1346 3134 201 73 scit
1472 3134 327 73 subjectum
1723 3134 428 73 Metaphysicae;
2076 3134 151 73 et
2151 3134 176 73 cum
2227 3134 151 73 per¬-

1343 3209 246 73 fectus
1515 3209 393 73 Metaphysicus
1835 3209 295 73 versetur
2056 3209 319 73 praecipue
2277 3209 98 73 in

1341 3285 362 67 cognitione
1625 3285 233 67 valde
1781 3285 439 67 universalium,
2142 3285 207 67 ideo
2246 3285 129 67 Me¬-

1341 3360 360 71 taphysicus
1624 3360 335 71 cognoscit
1882 3360 180 71 ens
1985 3360 335 71 inquantum
2217 3360 154 71 ens,

1340 3436 422 69 demonstrando
1683 3436 158 69 de
1762 3436 211 69 ipso
1894 3436 343 69 passiones
2131 3436 238 69 univer¬-

1339 3511 231 71 sales
1493 3511 206 71 sive
1622 3511 411 71 incomplexas,
1956 3511 154 71 ut
2033 3511 231 71 unum,
2161 3511 206 71 bonum,
