2653 3979
245 332 358 57 Qualitatis,
532 332 143 57 ut
603 332 215 57 patet
747 332 334 57 subtiliter
1009 332 119 57 a
1033 332 239 57 [Doclore

243 412 241 49 quaesi.
419 412 154 49 13.
485 412 220 49 quodlib.

292 485 233 52 Circa
447 485 181 52 hoc
551 485 233 52 tamen
706 485 310 52 occurrit
912 485 362 52 difficultas,

242 561 197 55 quia
366 561 197 55 tunc
489 561 271 55 videtur
686 561 222 55 sequi
834 561 197 55 quod
957 561 222 55 visio
1081 561 197 55 animae

247 637 281 55 Christi,
458 637 188 55 quae
575 637 211 55 simul
715 637 234 55 potest
879 637 188 55 esse
973 637 305 55 infinitorum

247 713 360 53 objectorum,
535 713 144 53 ut
607 713 216 53 patet
751 713 120 53 a
798 713 264 53 Doclore
990 713 144 53 in
1062 713 144 53 3.
1110 713 168 53 dist.

252 789 159 53 14.
343 789 250 53 quaest.
525 789 136 53 2.
593 789 227 53 possit
752 789 182 53 esse
866 789 250 53 formali
1048 789 159 53 ter
1116 789 159 53 infi¬-

244 864 239 56 nita.
404 864 212 56 Dico
536 864 212 56 quod
669 864 186 56 hoc
775 864 186 56 non
881 864 345 56 sequitur,
1120 864 159 56 quia

246 944 181 50 non
350 944 362 50 necessario
634 944 155 50 ex
711 944 388 50 perfectione
1022 944 181 50 sua
1099 944 181 50 esset

245 1017 381 52 objectorum
544 1017 490 52 secundariorum,
953 1017 272 52 posset
1117 1017 163 52 enim

246 1094 212 53 esse
379 1094 239 53 visio
538 1094 239 53 unius
697 1094 292 53 objecti
910 1094 265 53 tantum
1095 1094 159 53 et
1148 1094 133 53 non

248 1170 319 52 alterius,
494 1170 172 52 sed
592 1170 221 52 visio
739 1170 245 52 divina
910 1170 147 52 ex
959 1170 319 52 perfectione

247 1248 172 48 sua
346 1248 172 48 est
444 1248 345 48 necessario
715 1248 172 48 sui
814 1248 148 48 et
888 1248 296 48 aliorum,
1110 1248 148 48 et
1159 1248 123 48 sic

247 1320 325 52 respondet
497 1320 250 52 Doctor
672 1320 150 52 in
747 1320 150 52 3.
822 1320 175 52 ubi
897 1320 200 52 supra.

302 1396 172 51 Sed
401 1396 196 51 ista
523 1396 319 51 responsio
768 1396 270 51 videtur
940 1396 343 51 contradicere

248 1471 370 53 probationi,
544 1471 197 53 quia
668 1471 247 53 probat
840 1471 370 53 intelligere
1111 1471 173 53 primi

249 1547 197 53 esse
373 1547 345 53 infinitum;
644 1547 148 53 in
718 1547 247 53 tertio
890 1547 197 53 enim
1014 1547 222 53 dicit
1137 1547 148 53 quod

251 1624 144 49 ex
323 1624 360 49 perfectione
611 1624 168 49 sua
707 1624 336 49 necessario
971 1624 168 49 est
1043 1624 240 49 aliorum,

250 1699 141 52 et
321 1699 165 52 per
415 1699 329 52 consequens
674 1699 377 52 infinitorum,
980 1699 141 52 et
1051 1699 165 52 hic
1121 1699 165 52 dicit

251 1775 193 54 quod
371 1775 193 54 ideo
492 1775 169 54 est
588 1775 313 54 infinitae
829 1775 409 54 perfectionis,
1142 1775 144 54 quia

252 1851 169 54 est
348 1851 362 54 infinitorum
614 1851 314 54 objectorum.

301 1929 228 52 Dico,
452 1929 202 52 quod
579 1929 177 52 non
680 1929 177 52 est
781 1929 405 52 contradictio
1085 1929 202 52 aliqua

252 2004 145 52 si
324 2004 217 52 recte
469 2004 410 52 inlelligatur.
806 2004 169 52 Nam
902 2004 241 52 quando
1071 2004 217 52 dicit
1192 2004 96 52 in

254 2080 258 52 tertio,
441 2080 188 52 quod
559 2080 141 52 ex
629 2080 352 52 perfectione
911 2080 211 52 talis
1051 2080 235 52 actus,
1192 2080 94 52 de

251 2157 388 53 necessitate
562 2157 181 53 est
665 2157 285 53 aliorum
873 2157 388 53 objectorum,
1158 2157 129 53 sic

254 2232 221 56 debet
402 2232 320 56 intelligi
648 2232 197 56 quod
771 2232 197 56 ille
894 2232 221 56 actus
1042 2232 221 56 etiam
1165 2232 123 56 per

251 2311 328 51 possibile
503 2311 177 51 vel
604 2311 404 51 impossibile,
907 2311 379 51 circumscripto

254 2387 187 51 omni
370 2387 187 51 alio
487 2387 397 51 intelligibili
813 2387 117 51 a
860 2387 163 51 se,
953 2387 233 51 nullam
1093 2387 187 51 imper¬-

248 2460 356 53 fectionem
522 2460 356 53 includit,
796 2460 192 53 imo
905 2460 274 53 summam
1070 2460 219 53 perfe¬-

254 2539 303 52 ctionem,
481 2539 177 52 cum
582 2539 378 52 intelligere
884 2539 252 52 primi,
1061 2539 202 52 quod
1162 2539 126 52 est

252 2614 293 52 optimum
465 2614 213 52 ens,
598 2614 186 52 sit
705 2614 293 52 penitus
918 2614 213 52 idem
1051 2614 186 52 cum
1130 2614 160 52 ipso

251 2692 267 50 primo,
438 2692 160 50 et
518 2692 160 50 ex
598 2692 213 50 tali
731 2692 400 50 perfectione
1024 2692 267 50 sequitur

255 2766 197 53 quod
379 2766 173 53 sit
477 2766 247 53 omnium
650 2766 494 53 intelligibilium,
1070 2766 173 53 ita
1144 2766 148 53 quod

254 2843 152 52 si
330 2843 304 52 darentur
558 2843 253 52 aliqua
735 2843 456 52 inlelligibilia
1115 2843 152 52 et
1165 2843 127 52 non

259 2920 239 50 esset
418 2920 318 50 illorum,
656 2920 159 50 ad
736 2920 239 50 ipsum
868 2920 424 50 concomilaretur

253 2993 260 52 aliqua
435 2993 416 52 imperfectio,
773 2993 156 52 ut
850 2993 286 52 patebit
1058 2993 156 52 in
1110 2993 182 52 primo

255 3069 239 50 dist.
415 3069 186 50 39.
521 3069 186 50 Hic
628 3069 213 50 vero
761 3069 266 50 probat
921 3069 372 50 perfectionem

260 3146 207 51 primi
398 3146 345 51 intelligere
674 3146 230 51 lanium
834 3146 115 51 a
880 3146 345 51 posteriori,
1133 3146 161 51 sicut

260 3221 227 51 etiam
411 3221 303 51 probatur
639 3221 329 51 perfectio
892 3221 227 51 primi
1018 3221 278 51 effectivi

258 3295 173 51 sic
357 3295 124 51 :
407 3295 296 51 Infinita
629 3295 395 51 producibilia
950 3295 272 51 possunt
1123 3295 173 51 simul

259 3372 253 52 produci
443 3372 115 52 a
489 3372 207 52 primo
627 3372 299 52 effectivo
856 3372 115 52 ;
902 3372 184 52 ergo
1017 3372 161 52 est
1086 3372 207 52 infini¬-

264 3448 150 51 ta}
349 3448 365 51 perfectionis.
650 3448 150 51 Sic
736 3448 279 51 similiter
951 3448 258 51 infinita
1122 3448 172 51 intel-

257 3531 330 50 ligibilia
510 3531 228 50 simul
662 3531 203 50 actu
789 3531 203 50 sunt
916 3531 355 50 intellecta
1169 3531 127 50 per

263 3613 335 52 intelligere
531 3613 201 52 primi
665 3613 112 52 ;
710 3613 179 52 ergo
822 3613 201 52 illud
956 3613 156 52 est
1023 3613 268 52 infinitum.

1378 339 137 53 Si
1447 339 252 53 dicatur
1630 339 183 53 quod
1745 339 183 53 ha?c
1859 339 275 53 probatio
2065 339 252 53 videtur
2249 339 115 53 a
2271 339 115 53 99.

1328 397 233 71 priori,
1497 397 169 71 quia
1603 397 148 71 per
1688 397 233 71 causam;
1857 397 148 71 tum
1942 397 169 71 quia
2047 397 190 71 actus
2153 397 233 71 0'jectio-

1323 489 403 55 intelligendi
1650 489 403 55 specificatur
1978 489 151 55 ab
2054 489 302 55 objecto,
2255 489 101 55 ut

1325 568 215 49 patet
1468 568 119 49 a
1516 568 263 49 Doclore
1707 568 143 49 in
1779 568 239 49 primo,
1946 568 143 49 d.
2018 568 143 49 3.
2089 568 263 49 quaest.
2256 568 96 49 7.

1326 644 176 51 tum
1426 644 226 51 etiam
1577 644 201 51 quia
1703 644 302 51 objectum
1929 644 327 51 concurrit
2156 644 201 51 active

1328 718 159 52 ad
1407 718 503 52 intellectionem,
1831 718 159 52 ut
1910 718 238 52 patet
2069 718 132 52 a
2122 718 238 52 Scoto
2254 718 106 52 in

1323 795 238 50 prolog.
1497 795 173 50 q.\.
1605 795 130 50 et
1670 795 173 50 ult.
1778 795 130 50 et
1843 795 195 50 dist.
1973 795 130 50 3.
2038 795 130 50 q.
2103 795 130 50 7.
2168 795 130 50 et
2211 795 152 50 alibi

1315 881 157 38 saepe.

1383 941 174 55 Dico
1492 941 283 55 breviter,
1710 941 174 55 quod
1819 941 153 55 hoc
1906 941 196 55 verum
2037 941 153 55 est
2124 941 131 55 de
2168 941 218 55 Solutio,

1328 1021 276 50 objecto
1528 1021 150 50 ex
1604 1021 251 50 natura
1779 1021 200 50 rei,
1904 1021 351 50 pertinente
2180 1021 150 50 ad
2230 1021 125 50 me¬-

1328 1097 253 50 moriam
1505 1097 202 50 quod
1631 1097 177 50 est
1733 1097 278 50 motivum
1935 1097 405 50 intellectus;
2239 1097 127 50 sed

1330 1173 313 53 hujusmodi
1571 1173 433 53 inlelligibilia
1932 1173 289 53 respectu
2124 1173 241 53 intelle¬-

1331 1249 207 52 ctus
1460 1249 285 52 divini,
1667 1249 181 52 non
1771 1249 207 52 sunt
1900 1249 285 52 objecta
2107 1249 155 52 ex
2159 1249 207 52 natura

1328 1326 213 50 rei,
1461 1326 186 50 nec
1568 1326 186 50 per
1674 1326 372 50 consequens
1967 1326 293 50 possunt
2153 1326 213 50 movere

1333 1402 351 41 intellectum
1614 1402 281 41 divinum.
1824 1402 187 41 Sola
1941 1402 187 41 enim
2058 1402 281 41 essentia
2246 1402 140 41 Sola

1336 1476 233 52 divina
1499 1476 210 52 movet
1639 1476 350 52 intellectum
1919 1476 257 52 divinum
2106 1476 187 52 (lo-
2199 1476 187 52 divina

1335 1556 245 49 quendo
1506 1556 147 49 de
1579 1556 269 49 motione
1775 1556 245 49 tantum
1946 1556 342 49 extensiva,
2190 1556 196 49 lectum

1338 1630 175 60 quia
1447 1630 153 60 non
1535 1630 240 60 proprie
1709 1630 218 60 movet)
1862 1630 131 60 ad
1928 1630 327 60 cognitionem
2168 1630 218 60 qUOmodo.

1333 1707 172 49 sui
1432 1707 147 49 et
1505 1707 294 49 aliorum,
1726 1707 147 49 ut
1800 1707 221 49 clare
1947 1707 221 49 patet
2094 1707 147 49 ex
2143 1707 221 49 Doclore

1334 1782 144 51 in
1406 1782 263 51 prologo
1597 1782 263 51 quaesi,
1789 1782 263 51 penult.
1980 1782 215 51 dist■
2124 1782 144 51 20
2172 1782 191 51 primi.

1388 1857 249 51 Secundo
1570 1857 317 51 dubiiatur,
1819 1857 181 51 quia
1933 1857 159 51 non
2023 1857 249 51 videtur
2182 1857 204 51 Dubium,

1333 1933 221 53 sequi
1481 1933 196 53 quod
1603 1933 147 53 si
1677 1933 368 53 intelligere
1971 1933 221 53 primi
2119 1933 172 53 est
2192 1933 172 53 infi¬-

1329 2010 293 54 nitorum
1542 2010 399 54 objectorum;
1862 2010 213 54 ergo
1995 2010 186 54 est
2075 2010 293 54 infinitae

1331 2086 441 53 perfectionis.
1694 2086 233 53 Sicut
1850 2086 233 53 etiam
2005 2086 311 53 secundum
2212 2086 156 53 mul¬-

1334 2163 186 51 tos
1441 2163 186 51 non
1547 2163 345 51 sequitur,
1812 2163 265 51 primum
1998 2163 371 51 effectivum
2263 2163 106 51 ut

1338 2237 217 53 causa
1483 2237 314 53 aequivoca
1724 2237 217 53 simul
1869 2237 362 53 virtualiter
2135 2237 241 53 continet

1336 2313 314 52 infinitos
1577 2313 290 52 homines;
1795 2313 193 52 ergo
1915 2313 169 52 est
2012 2313 314 52 infinitae
2229 2313 145 52 per¬-

1334 2391 361 51 fectionis?
1618 2391 181 51 non
1721 2391 336 51 sequitur,
1980 2391 155 51 ut
2057 2391 207 51 dixi
2160 2391 207 51 supra.

1339 2465 327 54 Oporteret
1590 2465 201 54 ergo
1716 2465 176 54 hic
1816 2465 276 54 probare
2017 2465 201 54 quod
2118 2465 251 54 intelli¬-

1336 2542 202 55 gere
1462 2542 227 55 primi
1613 2542 378 55 virtualiter
1916 2542 303 55 continet
2143 2542 177 55 vel
2219 2542 151 55 emi¬-

1336 2617 258 50 nenter
1517 2617 335 50 infinitas
1775 2617 490 50 intellectiones,
2162 2617 206 50 quarum

1342 2691 318 57 quaelibet
1586 2691 318 57 specialem
1831 2691 294 57 includit
2027 2691 342 57 perfectionem

1341 2769 138 52 in
1410 2769 344 52 intelligere
1685 2769 229 52 primi,
1846 2769 138 52 et
1914 2769 161 52 hoc
2006 2769 161 52 non
2098 2769 229 52 potest
2235 2769 138 52 esse

1341 2842 184 53 nisi
1456 2842 207 53 illae
1594 2842 413 53 intellectiones
1938 2842 230 53 specie
2076 2842 298 53 distinguan¬-

1340 2919 202 50 tur.
1466 2919 177 50 Nam
1567 2919 152 50 si
1643 2919 253 50 tantum
1820 2919 278 50 numero,
2022 2919 278 50 videtur
2199 2919 177 50 sequi

1343 2994 192 57 quod
1463 2994 144 57 si
1535 2994 360 57 intelligere
1823 2994 216 57 primi
1968 2994 168 57 sit
2064 2994 312 57 perfectum
2280 2994 96 57 ut

1341 3074 206 54 octo
1470 3074 155 54 et
1548 3074 310 54 perfecte
1780 3074 181 54 sit
1883 3074 232 54 unius
2038 3074 310 54 hominis,
2244 3074 129 54 ita

1340 3150 284 53 videtur
1547 3150 206 53 quod
1676 3150 232 53 etiam
1830 3150 387 53 infinitorum
2114 3150 258 53 hominum,

1343 3224 252 56 patet,
1519 3224 201 56 quia
1645 3224 402 56 intellectio,
1972 3224 201 56 puta
2072 3224 302 56 Francisci,

1339 3301 213 51 nata
1472 3301 186 51 est
1579 3301 213 51 esse
1712 3301 159 51 ut
1791 3301 319 51 qualuor,
2030 3301 159 51 et
2084 3301 292 51 similiter

1340 3376 278 55 Joannis
1542 3376 152 55 ut
1618 3376 303 55 quatuor,
1845 3376 152 55 et
1921 3376 177 55 sic
2022 3376 152 55 de
2098 3376 253 55 aliis;
2250 3376 126 55 non

1342 3451 172 57 sic
1441 3451 246 57 quando
1613 3451 246 57 specie
1785 3451 442 57 distinguuntur,
2153 3451 196 57 quia
2251 3451 123 57 una

1346 3533 313 53 necessario
1592 3533 156 53 est
1681 3533 313 53 perfectior
1905 3533 156 53 alia.

1401 3600 261 65 Respondeo
1602 3600 322 65 pariformiler
1863 3600 121 65 ad
1924 3600 181 65 dicta
2044 3600 181 65 supe-
2145 3600 241 65 Responsio.
