2740 3979
300 297 226 57 rius,
450 297 201 57 quod
576 297 226 57 major
727 297 326 57 perfectio
978 297 351 57 requiritur
1229 297 100 57 in

303 372 251 60 aliqua
478 372 451 60 intellectione,
855 372 201 60 quse
980 372 150 60 ex
1055 372 251 60 natura
1206 372 125 60 sua

304 447 210 56 seque
444 447 304 56 distincte
678 447 140 56 et
748 447 210 56 seque
888 447 280 56 perfecte
1098 447 210 56 simul
1215 447 117 56 est

301 521 278 56 duorum
496 521 390 56 objectorum
802 521 223 56 solo
941 521 278 56 numero
1108 521 223 56 diffe¬-

301 599 317 53 rentium,
539 599 238 53 sicut
697 599 185 53 est
803 599 238 53 unius
962 599 291 53 tantum,
1173 599 159 53 et
1226 599 106 53 si

304 672 360 58 infinitorum
592 672 216 58 seque
736 672 312 58 perfecte,
976 672 192 58 erit
1072 672 264 58 infinita?

304 749 428 58 perfectionis;
656 749 277 58 quamvis
857 749 201 58 ergo
983 749 201 58 unum
1084 749 252 58 intelli¬-

304 826 201 57 gere
430 826 201 57 quod
555 826 252 57 potest
731 826 201 57 esse
857 826 277 57 plurium
1033 826 302 57 objectorum

304 909 185 53 non
409 909 238 53 aeque
568 909 317 53 perfecte
806 909 238 53 sicut
965 909 238 53 unius
1097 909 238 53 tantum,

304 985 185 57 non
409 985 318 57 requirat
648 985 371 57 necessario
939 985 291 57 majorem
1124 985 212 57 perfe¬-

305 1059 326 58 ctionem,
549 1059 190 58 non
658 1059 244 58 tamen
821 1059 190 58 sic
930 1059 190 58 est
1038 1059 272 58 quando
1201 1059 136 58 ita

307 1134 192 54 bene
427 1134 144 54 et
499 1134 168 54 ita
595 1134 312 54 perfecte,
835 1134 144 54 et
907 1134 168 54 ita
1003 1134 312 54 distincte
1219 1134 120 54 est

308 1209 276 59 plurium
509 1209 226 59 sicut
659 1209 226 59 unius
809 1209 276 59 tantum;
1010 1209 150 59 in
1060 1209 276 59 proposito

307 1287 245 58 autem
470 1287 408 58 intelligere
796 1287 245 58 primi
959 1287 245 58 seque
1122 1287 218 58 bene
1231 1287 109 58 et

310 1361 206 57 seque
447 1361 297 57 perfecte,
676 1361 137 57 et
744 1361 206 57 seque
881 1361 297 57 distincte
1110 1361 160 57 est
1178 1361 160 57 infi¬-

308 1437 276 57 nitorum
509 1437 476 57 intelligibilium
910 1437 201 57 solo
1035 1437 251 57 numero
1186 1437 150 57 dif¬-

308 1511 334 62 ferentium
565 1511 231 62 sicut
719 1511 231 62 unius
873 1511 282 62 tantum;
1052 1511 180 62 ergo.

360 1589 223 58 Dico
500 1589 335 58 secundo,
750 1589 223 58 quod
890 1589 195 58 non
1001 1589 307 58 haberem
1197 1589 139 58 pro

311 1665 427 59 inconvenienti
663 1665 201 59 quod
788 1665 377 59 intelligere
1090 1665 226 59 primi
1215 1665 126 59 sil

312 1741 195 58 actu
434 1741 366 58 infinitorum
726 1741 341 58 objectorum
995 1741 244 58 specie
1141 1741 195 58 diffe¬-

308 1817 316 52 rentium,
545 1817 237 52 etiam
703 1817 369 52 sustinendo
993 1817 211 52 viam
1099 1817 237 52 natura¬-

308 1893 238 57 lium,
466 1893 212 57 quia
599 1893 159 57 in
678 1893 291 57 numeris
890 1893 185 57 est
996 1893 344 57 processus
1234 1893 106 57 in

306 1967 345 58 infinitum
571 1967 133 58 ,
624 1967 159 58 et
703 1967 318 58 quilibet
942 1967 292 58 numerus
1127 1967 212 58 specie

308 2044 392 56 distinguitur
627 2044 147 56 ab
701 2044 196 56 alio
823 2044 270 56 numero;
1019 2044 147 56 et
1093 2044 172 56 cum
1166 2044 172 56 infi¬-

308 2120 192 60 niti
428 2120 240 60 numeri
595 2120 192 60 sint
715 2120 335 60 successive
955 2120 383 60 intelligibiles

311 2195 134 59 ab
378 2195 313 59 intellectu
623 2195 246 59 creato,
802 2195 290 59 infinitae
1025 2195 201 59 erunt
1137 2195 201 59 species

307 2275 335 55 numerorum
565 2275 206 55 actu
694 2275 490 55 intelligibiles,
1107 2275 181 55 imo
1184 2275 155 55 actu

311 2347 367 49 intellectae
604 2347 147 49 ab
678 2347 343 49 intellectu
947 2347 269 49 divino.
1143 2347 171 49 Sed
1217 2347 122 49 hoc

316 2424 333 59 differatur
578 2424 214 59 usque
720 2424 143 59 ad
791 2424 214 59 dist.
934 2424 166 59 39.
1029 2424 214 59 hujus
1148 2424 190 59 primi.

312 2501 211 54 Vide
443 2501 237 54 tamen
601 2501 211 54 quse
733 2501 290 54 exposui
944 2501 158 54 in
1023 2501 290 54 secundo
1207 2501 132 54 Me-

318 2579 210 56 laph.
458 2579 303 56 Doctoris,
691 2579 280 56 scilicet
901 2579 257 56 quomodo
1064 2579 280 56 intelligi-

318 2655 175 55 lur
418 2655 200 55 quod
543 2655 175 55 non
644 2655 276 55 possunt
844 2655 200 55 esse
969 2655 326 55 infinitae
1195 2655 150 55 spe¬-

319 2732 225 54 cies,
469 2732 175 54 nec
569 2732 251 54 simul,
745 2732 175 54 nec
845 2732 376 54 successive,
1146 2732 200 54 quia
1246 2732 100 54 in

320 2805 313 56 infinitum,
565 2805 313 56 perfectior
811 2805 201 56 esset
945 2805 246 56 formali
1124 2805 156 56 ter
1191 2805 156 56 infi¬-

317 2883 221 55 nita,
465 2883 147 55 et
538 2883 147 55 an
612 2883 172 55 hoc
710 2883 393 55 inlelligalur
1030 2883 147 55 de
1079 2883 270 55 speciebus

285 2971 348 32 numerorum.

372 3035 176 55 (d)
472 3035 402 55 Consimiliter
799 3035 226 55 etiam
950 3035 151 55 de
1025 3035 201 55 ipsa
1126 3035 226 55 ratione

323 3110 396 54 intelligendi,
649 3110 186 54 etc.
765 3110 163 54 Hic
859 3110 233 54 Doctor
1022 3110 280 54 intendit
1208 3110 140 54 pro¬-

320 3183 216 57 bare,
464 3183 192 57 quod
584 3183 216 57 etiam
728 3183 216 57 ratio
871 3183 384 57 intelligendi
1159 3183 192 57 respe¬-

327 3258 149 46 ctu
412 3258 319 46 intellectus
667 3258 213 46 divini
816 3258 149 46 sit
901 3258 298 46 formaliter
1114 3258 234 46 infinita.

321 3335 172 55 Sed
420 3335 221 55 primo
567 3335 270 55 declaro
763 3335 196 55 quid
885 3335 172 55 sit
983 3335 221 55 ratio
1106 3335 245 55 intelli¬-

316 3410 296 56 gendi,
524 3410 266 56 eodem
701 3410 237 56 modo
849 3410 296 56 potest
1027 3410 325 56 declarari

324 3485 226 56 ratio
475 3485 427 56 intelligendi,
826 3485 226 56 sicut
977 3485 351 56 declaratum
1228 3485 126 56 est

324 3561 154 56 de
401 3561 282 56 ratione
607 3561 282 56 formali
812 3561 334 56 subjecti.
1069 3561 257 56 Quando
1223 3561 128 56 hic

1385 300 174 56 dicit
1500 300 96 56 :
1539 300 193 56 llatio
1674 300 231 56 formalis
1848 300 309 56 intelligendi
2098 300 174 56 debet
2214 300 174 56 Ratio
2310 300 116 56 for¬-

1383 380 133 58 sic
1459 380 209 58 accipi,
1611 380 247 58 videlicet
1801 380 133 58 pro
1877 380 209 58 ratione
2028 380 209 58 formali
2161 380 266 58 intelligendi

1384 427 225 80 objecti
1547 427 389 80 intelligibilis,
1875 427 184 80 sicut
1997 427 246 80 dicimus,
2181 427 164 80 homo
2263 427 164 80 qslj[?

1384 531 153 53 est
1472 531 262 53 objectum
1668 531 393 53 intelligibile.
1996 531 131 53 Si
2061 531 306 53 quaeratur,
2280 531 131 53 quae

1383 603 175 54 est
1483 603 225 54 ratio
1633 603 301 54 formalis
1859 603 401 54 constituendi
2185 603 225 54 ipsum
2310 603 100 54 in

1386 677 182 57 tali
1500 677 205 57 esse?
1637 677 296 57 oportebit
1864 677 251 57 dicere,
2047 677 182 57 quod
2161 677 182 57 erit
2252 677 159 57 quid-

1386 754 210 58 ditas
1526 754 280 58 propria;
1736 754 210 58 ratio
1876 754 187 58 ergo
1993 754 280 58 formalis
2180 754 234 58 intelli¬-

1386 829 211 58 gendi
1526 829 164 58 est
1620 829 211 58 ratio
1760 829 281 58 formalis
1970 829 257 58 objecti
2134 829 281 58 intelligi¬-

1383 905 246 57 bilis,
1556 905 148 57 et
1629 905 172 57 hoc
1728 905 246 57 potest
1900 905 344 57 dupliciter
2146 905 270 57 intelligi

1386 982 396 58 conformiter
1703 982 159 58 ad
1782 982 343 58 objectum.
2046 982 238 58 Primo
2178 982 238 58 dicitur

1385 1058 216 57 ratio
1529 1058 288 57 formalis
1745 1058 456 57 reprsesentativa
2130 1058 288 57 objecti,
2322 1058 96 57 id

1388 1137 192 57 est,
1508 1137 192 57 quae
1628 1137 216 57 facit
1771 1137 287 57 objectum
1987 1137 192 57 esse
2107 1137 287 57 praesens
2298 1137 120 57 po¬-

1391 1212 269 57 tentiae
1586 1212 147 57 in
1660 1212 269 57 ratione
1855 1212 294 57 objecti,
2076 1212 220 57 sicut
2198 1212 220 57 dicimus

1391 1288 183 57 quod
1505 1288 251 57 species
1688 1288 411 57 intelligibilis
2031 1288 160 57 est
2122 1288 206 57 ratio
2236 1288 183 57 forma¬-

1383 1364 191 55 lis
1492 1364 491 55 repraesentandi
1901 1364 300 55 hominem
2119 1364 164 55 in
2174 1364 245 55 ratione

1389 1439 252 57 objecti
1572 1439 435 57 intelligibilis,
1938 1439 137 57 et
2007 1439 160 57 hoc
2099 1439 137 57 in
2144 1439 275 57 cognitione

1387 1515 392 57 abslractiva;
1706 1515 147 57 in
1780 1515 343 57 cognitione
2049 1515 196 57 vero
2147 1515 270 57 intuitiva

1389 1592 276 55 dicimus
1590 1592 201 55 quod
1716 1592 226 55 ratio
1866 1592 302 55 formalis
2067 1592 352 55 reprsesenla-

1389 1667 192 55 tiva
1509 1667 263 55 hominis
1700 1667 192 55 erit
1820 1667 263 55 propria
2012 1667 335 55 existentia
2251 1667 168 55 homi¬-

1390 1743 183 55 nis,
1505 1743 160 55 vel
1596 1743 206 55 forte
1733 1743 252 55 propria
1916 1743 298 55 quidditas
2145 1743 275 55 hominis,
2328 1743 92 55 in

1387 1818 197 54 esse
1510 1818 221 54 tamen
1658 1818 246 54 reali,
1830 1818 172 54 non
1928 1818 221 54 autem
2076 1818 148 54 in
2150 1818 197 54 esse
2248 1818 172 54 obje-

1389 1894 264 55 clivo,
1574 1894 212 55 sive
1706 1894 317 55 secundum
1944 1894 238 55 quid,
2103 1894 159 55 de
2182 1894 185 55 hoc
2261 1894 159 55 vide

1387 1970 197 56 quae
1511 1970 271 56 prolixe
1708 1970 296 56 tractavi
1929 1970 148 56 in
2003 1970 222 56 quol.
2151 1970 172 56 ubi
2250 1970 148 56 de
2299 1970 123 56 hac

1386 2047 274 54 materia
1585 2047 199 54 sunt
1710 2047 349 54 singularia
1959 2047 199 54 dubia.

1440 2122 178 52 Nota
1551 2122 222 52 tamen,
1707 2122 178 52 quod
1818 2122 200 52 ratio
1951 2122 400 52 repraesentandi
2284 2122 178 52 102.
2373 2122 67 52 •

1392 2199 138 56 est
1471 2199 217 56 duplex,
1629 2199 138 56 tam
1709 2199 119 56 in
1768 2199 277 56 cognitione
1985 2199 297 56 abslractiva
2203 2199 237 56 repraesen-

1393 2273 187 64 quamin
1524 2273 262 64 cognitione
1730 2273 262 64 intuitiva,
1936 2273 243 64 videlicet
2123 2273 150 64 for-
2216 2273 131 64 est
2273 2273 168 64 duplex,

1392 2349 163 57 malis
1500 2349 109 57 et
1555 2349 253 57 virtualis,
1754 2349 109 57 ut
1808 2349 163 57 patet
1916 2349 90 57 a
1953 2349 199 57 Doctore
2097 2349 109 57 q.
2152 2349 127 57 14.
2206 2349 235 57 vsrosksn-a-

1394 2413 229 74 quodlib.
1565 2413 229 74 Formalis
1737 2413 114 74 in
1794 2413 267 74 cognitione
2004 2413 286 74 abslractiva
2213 2413 229 74 estc^-aab_

1397 2501 136 56 est
1474 2501 213 56 species
1629 2501 348 56 intelligibilis
1919 2501 213 56 causata
2074 2501 116 56 ab
2132 2501 213 56 objecto
2287 2501 136 56 sen
2345 2501 97 56 is-

1394 2576 210 57 cujus
1534 2576 187 57 est,
1651 2576 187 57 vela
1768 2576 351 57 phantasmate
2048 2576 257 57 illius.
2212 2576 210 57 Virtua¬-

1394 2651 154 55 lis
1482 2651 154 55 est
1570 2651 242 55 species
1746 2651 396 55 intelligibilis
2077 2651 242 55 causata
2253 2651 132 55 ab
2297 2651 132 55 ali¬-

1399 2728 188 55 quo,
1516 2728 352 55 virtualiler
1798 2728 329 55 continente
2056 2728 305 55 enlilatem
2268 2728 164 55 obje¬-

1399 2804 165 56 cti
1494 2804 212 56 cujus
1635 2804 165 56 est
1729 2804 212 56 talis
1870 2804 353 56 species.Sed
2152 2804 282 56 formalis
2340 2804 94 56 in

1400 2881 322 55 cognitione
1653 2881 299 55 intuitiva
1883 2881 161 55 est
1974 2881 253 55 propria
2135 2881 299 55 enlitas(sub

1397 2956 259 55 ratione
1586 2956 165 55 qua
1680 2956 189 55 actu
1798 2956 283 55 exislit)
2011 2956 259 55 objecti
2176 2956 259 55 intuitive

1398 3032 456 56 cognoscibilis.
1778 3032 177 56 Sed
1879 3032 329 56 virtualis
2132 3032 177 56 est
2208 3032 228 56 entilas

1400 3108 362 45 virtualiler
1689 3108 193 45 sive
1810 3108 314 45 eminenter
2051 3108 314 45 continens
2268 3108 169 45 enti-

1400 3184 217 55 tatem
1544 3184 289 55 alterius
1761 3184 265 55 objecti
1954 3184 313 55 intuitive
2170 3184 265 55 cognosci¬-

1399 3261 246 55 bilis,
1572 3261 197 55 quia
1695 3261 197 55 tunc
1818 3261 320 55 immediate
2064 3261 246 55 potest
2212 3261 221 55 causare

1406 3336 295 76 cognitionem
1642 3336 275 76 inluitivam
1859 3336 177 76 talis
1977 3336 236 76 objecti,
2154 3336 118 76 et
2213 3336 138 76 sic
2272 3336 177 76 QUomodo

1406 3409 236 49 essentia
1583 3409 197 49 divina
1721 3409 138 49 est
1800 3409 177 49 ratio
1918 3409 236 49 formalis
2095 3409 138 49 non
2174 3409 157 49 lan-
2252 3409 197 49 essentia

1403 3486 153 57 tum
1490 3486 414 57 reprsesentativa
1839 3486 153 57 sui
1927 3486 131 57 in
1992 3486 240 57 ratione
2166 3486 262 57 objecti,
2341 3486 109 57 sit

1402 3562 156 59 sed
1491 3562 201 59 etiam
1625 3562 335 59 cujuscumque
1892 3562 290 59 alterius,
2115 3562 156 59 tam
2205 3562 156 59 re-
2272 3562 178 59 malis.
