2740 3979
331 336 154 60 ut
408 336 231 60 causa
562 336 410 60 principalis,
895 336 205 60 ergo
1023 336 282 60 videtur
1202 336 154 60 quod

330 411 185 58 sit
435 411 370 58 infinitus.
726 411 238 58 Patet
884 411 422 58 consequenda,
1201 411 158 58 quia

334 487 250 58 entitas
516 487 296 58 specifica
744 487 410 58 intellectionis
1062 487 296 58 principali¬-

332 561 168 57 ter
428 561 191 57 erit
547 561 144 57 ab
619 561 335 57 intellectu
882 561 168 57 cum
978 561 168 57 sit
1074 561 215 57 causa
1194 561 168 57 prin¬

314 639 205 56 cipalis.

389 712 216 60 Dico
524 712 270 60 primo,
713 712 216 60 quod
848 712 189 60 non
956 712 189 60 est
1064 712 243 60 verum
1199 712 162 60 nisi

328 788 172 57 de
414 788 258 57 causa
587 788 316 57 totali.
816 788 316 57 Secundo
1046 788 258 57 dico,
1190 788 172 57 quod

333 864 270 56 quamvis
530 864 368 56 intellectus
824 864 172 56 sit
922 864 368 56 principalis
1191 864 172 56 causa

335 939 465 57 intellectionis,
726 939 147 57 et
799 939 269 57 quantum
995 939 147 57 ad
1044 939 318 57 substantiam

333 1015 258 56 illius
514 1015 155 56 et
591 1015 283 56 quantum
797 1015 155 56 ad
874 1015 412 56 intensionem,
1184 1015 180 56 tamen

337 1086 234 58 unitas
500 1086 304 58 specifica
734 1086 421 58 intellectionis
1085 1086 164 58 est
1155 1086 210 58 princi¬-

332 1164 292 57 paliter
545 1164 159 57 ab
624 1164 318 57 objecto,
863 1164 159 57 ut
943 1164 239 57 patet
1102 1164 133 57 a
1128 1164 239 57 Doctore

332 1237 155 59 in
410 1237 155 59 1.
487 1237 233 59 dist.
642 1237 155 59 3.
720 1237 284 59 qucest.
927 1237 155 59 1.
1004 1237 181 59 ubi
1108 1237 207 59 vult
1211 1237 155 59 quod

336 1313 377 58 intellectio
637 1313 402 58 specificetur
964 1313 151 58 ab
1039 1313 302 58 objecto,
1240 1313 126 58 imo

333 1391 223 56 vult
472 1391 334 56 expresse
723 1391 279 56 Doctor
918 1391 167 56 in
1002 1391 167 56 2.
1085 1391 251 56 dist.
1225 1391 139 56 25.

334 1467 163 45 et
415 1467 163 45 in
497 1467 163 45 3.
578 1467 244 45 dist.
741 1467 190 45 21.
849 1467 163 45 et
930 1467 163 45 in
1012 1467 163 45 4.
1093 1467 244 45 dist.
1228 1467 136 45 49.

338 1544 196 56 quod
461 1544 196 56 alia
584 1544 147 56 et
657 1544 196 56 alia
780 1544 343 56 praesentia
1049 1544 270 56 objecti
1221 1544 147 56 cau-

336 1619 181 57 sat
440 1619 233 57 alium
595 1619 155 57 et
672 1619 233 57 alium
827 1619 233 57 actum
982 1619 258 57 specie
1137 1619 233 57 distin¬-

334 1696 245 57 ctum.
497 1696 191 57 Nam
606 1696 163 57 si
688 1696 327 57 objectum
933 1696 191 57 est
1042 1696 163 57 in
1124 1696 163 57 se
1178 1696 191 57 prae¬-

338 1770 226 57 sens,
489 1770 252 57 causat
665 1770 377 57 cognitionem
967 1770 352 57 intuitivam
1243 1770 126 57 ;
1268 1770 101 57 si

338 1845 196 56 vero
461 1845 172 56 est
559 1845 246 56 tantum
731 1845 295 56 praesens
952 1845 147 56 in
1026 1845 246 56 specie
1174 1845 196 56 intel-

340 1920 293 57 ligibili
559 1920 244 57 causat
730 1920 366 57 cognitionem
999 1920 366 57 abstractivam,

340 1996 196 56 quae
463 1996 368 56 cognitiones
758 1996 246 56 specie
930 1996 442 56 distinguuntur,
1274 1996 98 56 ut

339 2074 221 55 patet
487 2074 123 55 a
536 2074 270 55 Doctore
732 2074 221 55 dist.
879 2074 172 55 25.
977 2074 294 55 secundi,
1198 2074 147 55 et
1247 2074 123 55 ta¬-

337 2150 201 55 men
452 2150 287 55 semper
653 2150 316 55 remanet
882 2150 229 55 idem
997 2150 373 55 intellectus

342 2225 281 56 respectu
553 2225 305 56 utriusque
787 2225 445 56 intellectionis;
1139 2225 234 56 specifi¬-

337 2300 222 57 catio
485 2300 197 57 ergo
609 2300 444 57 intellectionis
978 2300 173 57 est
1077 2300 148 57 ab
1151 2300 197 57 ipso
1250 2300 123 57 ob¬-

334 2376 228 57 jecto
486 2376 457 57 principaliter.
867 2376 178 57 Hoc
968 2376 203 57 vide
1095 2376 279 57 clarius
1273 2376 102 57 in

339 2451 266 56 secundo
532 2451 217 56 dist.
677 2451 145 56 2.
749 2451 266 56 qucest.
918 2451 121 56 10.

682 2591 318 37 SGHOL1UM.

391 2705 229 47 Probat
551 2705 343 47 infinitatem
825 2705 160 47 per
917 2705 251 47 tertiam
1100 2705 183 47 viam
1191 2705 183 47 finis,

344 2771 201 46 quia
470 2771 302 46 voluntas
696 2771 252 46 nostra
873 2771 277 46 aliquid
1074 2771 252 46 jmajus
1225 2771 151 46 omni

351 2833 213 47 finito
500 2833 256 47 appetit,
692 2833 128 47 et
756 2833 128 47 si
820 2833 277 47 infinitum
1034 2833 192 47 esset
1140 2833 235 47 oppositum

348 2896 157 46 suo
437 2896 269 46 objecto,
639 2896 134 46 id
706 2896 179 46 e>t,
818 2896 201 46 bono,
952 2896 201 46 illud
1086 2896 224 46 odiret
1220 2896 157 46 natu¬-

348 2960 287 44 raliter,
563 2960 215 44 sicut
707 2960 191 44 odit
826 2960 167 44 non
922 2960 215 44 esse,
1065 2960 287 44 secundum
1256 2960 120 44 Au¬-

346 3025 319 48 gustinum,
592 3025 196 48 quod
714 3025 221 48 tamen
861 3025 172 48 est
959 3025 245 48 contra
1106 3025 270 48 experien¬

330 3087 148 37 tiam.

307 3205 197 61 3i.
419 3205 197 61 (a)
532 3205 281 61 Tertia
729 3205 197 61 via
841 3205 169 61 ex
926 3205 253 61 parte
1095 3205 253 61 finis
1235 3205 141 61 ar¬-

343 3281 303 58 guitur
555 3281 212 58 sic
676 3281 152 58 :
737 3281 364 58 Voluntas
1010 3281 303 58 nostra
1192 3281 182 58 omni

340 3356 305 62 finito
553 3356 335 62 aliquid
797 3356 274 62 majus
980 3356 305 62 potest
1163 3356 213 62 appe¬-

341 3435 251 52 tere
497 3435 188 52 et
591 3435 313 52 amare,
811 3435 282 52 sicut
968 3435 407 52 intellectus

344 3509 446 61 intelligere,
707 3509 167 61 et
790 3509 223 61 quod
930 3509 223 61 plus
1069 3509 223 61 est,
1181 3509 195 61 vide¬-

340 3586 213 49 tur
461 3586 426 49 inclinatio
796 3586 396 49 naturalis
1101 3586 183 49 ad
1162 3586 213 49 summe

1397 334 396 47 amandum
1685 334 324 47 bonum
1901 334 505 47 infinitum.
2262 334 180 47 Nam

1406 408 237 61 inde
1554 408 355 61 arguitur
1821 408 414 61 inclinatio
2117 408 325 61 naturalis

1405 484 173 61 ad
1492 484 317 61 aliquid
1722 484 173 61 in
1809 484 404 61 voluntate,
2126 484 231 61 quia
2270 484 173 61 ex
2328 484 115 61 se

1404 559 245 62 sine
1557 559 306 62 habitu
1772 559 337 62 prompte
2017 559 184 62 et
2078 559 367 62 delectabi¬-

1407 634 274 47 liter
1589 634 244 47 vult
1742 634 274 47 illud
1924 634 365 47 voluntas
2168 634 274 47 libera.

1404 708 243 61 Ita
1543 708 382 61 videtur
1821 708 278 61 quod
1995 708 452 61 experimur
2308 708 139 61 de

1401 784 287 52 actu
1581 784 359 52 amandi
1832 784 323 52 bonum
2012 784 431 52 infinitum,

1407 860 221 48 imo
1533 860 221 48 non
1659 860 347 48 videtur
1911 860 378 48 voluntas
2194 860 189 48 in
2257 860 189 48 alio

1410 935 346 60 perfecte
1670 935 375 60 quietari,
1958 935 173 60 et
2044 935 317 60 quomodo
2246 935 202 60 illud

1410 1011 202 59 non
1525 1011 432 59 naturaliter
1871 1011 288 59 odiret
2073 1011 173 59 si
2160 1011 259 59 esset
2304 1011 144 59 op¬-

1412 1087 346 60 positum
1663 1087 220 60 sui
1789 1087 378 60 objecti,
2072 1087 283 60 sicut
2230 1087 220 60 natu¬-

1411 1157 357 54 raliter
1670 1157 259 54 odit
1832 1157 227 54 non
1962 1157 292 54 esse,
2124 1157 324 54 secundum

1414 1231 372 60 Augustinum
1707 1231 186 60 cie
1813 1231 213 60 lib.
1946 1231 266 60 arbit.
2132 1231 213 60 cap.
2265 1231 159 60 2.
2318 1231 133 60 Vi¬-

1407 1306 293 60 detur
1603 1306 261 60 enim
1766 1306 261 60 quod
1929 1306 195 60 si
2026 1306 195 60 in
2092 1306 358 60 infinitum

1411 1382 454 60 repugnaret
1768 1382 292 60 bono,
1962 1382 260 60 quod
2124 1382 292 60 nullo
2287 1382 162 60 mo¬-

1409 1458 195 59 do
1507 1458 390 59 voluntas
1800 1458 488 59 quietaretur
2190 1458 195 59 in
2255 1458 195 59 bono

1414 1533 208 55 sub
1533 1533 327 55 ratione
1771 1533 386 55 infiniti,
2068 1533 208 55 nec
2187 1533 178 55 in
2246 1533 208 55 illud

1415 1607 365 57 faciliter
1696 1607 365 57 tenderet,
1977 1607 253 57 sicut
2145 1607 197 57 nec
2257 1607 169 57 in
2314 1607 140 57 re¬-

1419 1684 328 60 pugnans
1658 1684 209 60 suo
1747 1684 298 60 objecto.

1470 1759 491 48 Confirmatur
1863 1759 262 48 ista
2027 1759 295 48 ratio
2223 1759 196 48 in
2288 1759 164 48 se¬-

1418 1835 279 61 quenti
1614 1835 195 61 via
1725 1835 195 61 per
1837 1835 279 61 simile
2032 1835 168 61 de
2088 1835 363 61 intellectu.

1657 1965 509 45 COMMENTARIUS.

1479 2075 173 58 (a)
1578 2075 247 58 Tertia
1751 2075 197 58 via.
1874 2075 173 58 Hic
1973 2075 247 58 Doctor
2145 2075 173 58 per
2244 2075 222 58 rati-
2367 2075 99 58 E.

1417 2151 229 58 onem
1561 2151 258 58 finis
1732 2151 286 58 probat
1933 2151 286 58 primum
2104 2151 344 58 effectivum

1422 2227 192 57 esse
1542 2227 312 57 infinitae
1782 2227 408 57 perfectionis,
2119 2227 144 57 et
2191 2227 216 57 ratio
2311 2227 144 57 stat

1421 2304 159 57 in
1501 2304 212 57 hoc,
1634 2304 212 57 quia
1766 2304 345 57 appetitus
2032 2304 345 57 naturalis
2270 2304 186 57 nullo

1422 2379 207 57 modo
1552 2379 181 57 est
1655 2379 156 57 ad
1733 2379 415 57 impossibile,
2070 2379 156 57 ut
2148 2379 233 57 patet
2303 2379 130 57 a
2329 2379 130 57 Do¬-

1423 2456 222 42 ctore
1572 2456 148 42 in
1646 2456 148 42 1.
1720 2456 148 42 d.
1794 2456 173 42 45.
1893 2456 173 42 Sed
1992 2456 296 42 voluntas
2189 2456 272 42 naturalis

1423 2531 401 57 naturaliter
1744 2531 294 57 appetit
1958 2531 347 57 infinitum
2225 2531 240 57 bonum
2358 2531 107 57 ut

1425 2609 246 57 patet,
1598 2609 197 57 quia
1721 2609 197 57 dato
1844 2609 320 57 quocumque
2090 2609 197 57 bono
2188 2609 271 57 infinito,

1422 2685 192 56 non
1531 2685 247 56 summe
1696 2685 384 56 quietatur,
1997 2685 192 56 nam
2107 2685 164 56 si
2189 2685 247 56 bonum
2326 2685 137 56 in¬-

1423 2761 293 43 finitum
1636 2761 186 43 non
1743 2761 240 43 esset
1903 2761 373 43 conveniens
2169 2761 293 43 voluntati

1425 2837 337 56 naturali,
1684 2837 259 56 statim
1866 2837 233 56 illud
2021 2837 363 56 refugeret,
2281 2837 181 56 cujus

1425 2912 328 56 oppositum
1677 2912 354 56 experimur.
1955 2912 227 56 Dicit
2107 2912 227 56 etiam
2233 2912 227 56 loquen¬-

1425 2987 152 57 do
1501 2987 152 57 de
1576 2987 328 57 voluntate
1829 2987 354 57 rationali,
2107 2987 177 57 sic
2182 2987 278 57 experimur

1423 3061 173 57 in
1510 3061 259 57 nobis
1682 3061 230 57 quod
1826 3061 230 57 sine
1970 3061 374 57 quocumque
2229 3061 230 57 habitu

1425 3137 321 57 acquisito
1672 3137 173 57 vel
1771 3137 247 57 infuso
1943 3137 222 57 valde
2066 3137 395 57 delectabiliter

1428 3213 263 57 appetit,
1626 3213 132 57 et
1692 3213 176 57 vult
1801 3213 176 57 actu
1911 3213 242 57 elicito
2087 3213 132 57 in
2153 3213 176 57 ente
2240 3213 220 57 infinito

1428 3288 310 58 quietari,
1667 3288 191 58 quia
1786 3288 191 58 dato
1905 3288 310 58 quocumque
2144 3288 191 58 ente
2239 3288 215 58 finito,

1427 3364 211 58 adhuc
1567 3364 422 58 delectabiliter
1919 3364 258 58 appetit
2083 3364 282 58 infinitum.

1480 3441 185 57 Nec
1585 3441 291 57 judicio
1797 3441 185 57 meo
1902 3441 291 57 solvunt
2114 3441 317 57 rationem
2325 3441 132 57 Do-

1423 3517 291 57 ctoris,
1634 3517 212 57 illi
1767 3517 185 57 qui
1873 3517 265 57 dicunt
2058 3517 397 57 respondendo
2349 3517 106 57 ad

1423 3595 212 57 hanc
1555 3595 344 57 rationem,
1820 3595 212 57 quod
1952 3595 291 57 oportet
2164 3595 238 57 prius
2296 3595 159 57 pro-
