2653 3979
297 328 413 63 stractive,
621 328 236 63 ergo
769 328 531 63 perfectissimum
1182 328 148 63 co¬-

296 404 402 57 gnoscibile
612 404 374 57 exist.it.
900 404 172 57 De
957 404 374 57 differentia

296 479 504 50 intellectionis
716 479 392 50 intuitivse
1024 479 168 50 et
1080 479 252 50 abstra-

291 554 347 61 ctivse,
544 554 189 61 et
638 554 347 61 quomodo
891 554 410 61 intuitiva
1174 554 158 61 est

297 629 420 62 perfectior,
633 629 336 62 tangetur
884 629 364 62 distinet.
1164 629 168 62 3.
1220 629 112 62 et

295 706 271 59 alias
475 706 301 59 quando
686 706 271 59 locum
836 706 301 59 habebit.

562 889 474 43 COMMENTARIUS.

356 1033 168 53 (a)
452 1033 240 53 Quarta
620 1033 168 53 via
716 1033 144 53 ex
788 1033 216 53 parte
931 1033 360 53 eminentiae.
1195 1033 144 53 IUec

301 1109 208 51 ratio
439 1109 185 51 stat
555 1109 139 51 in
624 1109 162 51 uno
717 1109 346 51 principali,
994 1109 300 51 videlicet
1201 1109 139 51 quod

299 1185 315 52 infinitas
541 1185 315 52 intensiva
784 1185 170 52 non
881 1185 291 52 repugnat
1075 1185 267 52 entilati,

299 1261 182 52 quo
403 1261 468 52 prsesupposito,
793 1261 312 52 sequitur
1027 1261 208 52 quod
1131 1261 208 52 primum

298 1336 482 51 eminentissimum
700 1336 187 51 non
807 1336 214 51 erit
914 1336 428 51 perfectissimum

303 1411 166 52 ens
398 1411 189 52 nisi
516 1411 166 52 sit
611 1411 331 52 infinitum,
871 1411 189 52 quia
989 1411 260 52 finitum
1155 1411 189 52 potest

305 1487 240 52 excedi
473 1487 144 52 ab
545 1487 313 52 infinito,
786 1487 144 52 et
858 1487 168 52 sic
954 1487 168 52 non
1050 1487 192 52 erit
1147 1487 192 52 perfe¬-

307 1563 322 51 ctissimum,
560 1563 138 51 et
629 1563 207 51 patet
767 1563 276 51 littera.
975 1563 138 51 Et
1044 1563 184 51 quod
1136 1563 207 51 infini¬-

307 1640 168 50 tas
403 1640 168 50 non
499 1640 288 50 repugnet
715 1640 312 50 entitati,
955 1640 240 50 Doctor
1123 1640 168 50 sic
1195 1640 144 50 per¬-

306 1714 230 50 suadet
467 1714 161 50 ibi
559 1714 115 50 :
604 1714 207 50 Minor
742 1714 207 50 hujus
880 1714 413 50 consequentiae,
1201 1714 138 50 etc.

303 1788 149 51 Et
378 1788 223 51 dicit
526 1788 248 51 primo,
699 1788 198 51 quod
823 1788 173 51 non
922 1788 248 51 potest
1095 1788 272 51 ostendi
1269 1788 74 51 a

304 1858 260 53 priori
486 1858 208 53 quod
616 1858 338 53 infinitas
876 1858 312 53 competat
1110 1858 208 53 enti
1214 1858 130 53 vel

305 1935 193 51 quod
426 1935 169 51 non
522 1935 290 51 repugnet
740 1935 314 51 entitati;
982 1935 218 51 palet
1127 1935 145 51 in
1175 1935 169 51 simi¬-

302 2010 165 53 li,
397 2010 189 53 quia
515 2010 212 53 sicut
656 2010 354 53 repugnantia
940 2010 142 53 ex
1011 2010 189 53 suis
1105 2010 236 53 rationi¬-

304 2086 183 51 bus
408 2086 313 51 propriis
643 2086 365 51 repugnant,
930 2086 183 51 nec
1034 2086 287 51 possunt
1217 2086 130 51 per

304 2160 267 53 aliquid
498 2160 364 53 manifestius
789 2160 267 53 probari
982 2160 242 53 (patet
1152 2160 145 53 de
1201 2160 145 53 con¬-

305 2237 310 52 trariis,
538 2237 233 52 quare
693 2237 207 52 enim
822 2237 181 52 duo
925 2237 336 52 contraria
1158 2237 181 52 repu¬-

302 2312 254 55 gnant
471 2312 254 55 simul
640 2312 169 55 in
725 2312 282 55 eodem,
923 2312 198 55 hoc
1036 2312 198 55 non
1120 2312 226 55 potest

306 2387 273 52 probari
505 2387 174 52 per
604 2387 273 52 aliquid
802 2387 248 52 notius
976 2387 198 52 quam
1100 2387 174 52 per
1174 2387 174 52 rati¬-

306 2463 199 50 ones
431 2463 373 50 terminorum,
729 2463 149 50 ut
804 2463 224 50 puta,
953 2463 199 50 quia
1077 2463 249 50 albedo
1227 2463 124 50 est

308 2537 203 52 talis
444 2537 248 52 naturae
625 2537 135 52 et
692 2537 248 52 nigredo
873 2537 226 52 talis,
1031 2537 181 52 quod
1144 2537 135 52 ad
1189 2537 158 52 invi¬-

303 2614 187 54 cem
410 2614 348 54 repugnant
678 2614 160 54 in
758 2614 294 54 eodem,)
972 2614 187 54 sic
1079 2614 187 54 non
1159 2614 187 54 repu¬-

300 2691 288 54 gnantia
509 2691 209 54 sive
640 2691 445 54 compossibilia
1006 2691 183 54 non
1084 2691 262 54 videntur

300 2767 175 53 per
400 2767 275 53 aliquid
600 2767 250 53 notius
775 2767 275 53 probari
974 2767 200 53 quam
1099 2767 175 53 per
1174 2767 175 53 rati¬-

302 2843 205 50 ones
430 2843 384 50 terminorum,
738 2843 230 50 puta,
891 2843 205 50 quia
1019 2843 179 50 hoc
1122 2843 179 50 est
1198 2843 154 50 tale

306 2918 146 50 et
379 2918 219 50 illud
525 2918 195 50 tale
647 2918 122 50 ;
695 2918 171 50 ens
793 2918 219 50 autem
939 2918 171 50 per
1036 2918 219 50 nihil
1158 2918 195 50 notius

308 2993 374 53 explicatur,
607 2993 149 53 et
682 2993 324 53 infinitum
931 2993 398 53 intelligimus
1229 2993 125 53 per

308 3069 279 51 finitum,
517 3069 139 51 ut
587 3069 209 51 patet
726 3069 139 51 in
796 3069 279 51 littera,
1005 3069 139 51 et
1074 3069 163 51 sic
1144 3069 209 51 deducit

307 3146 374 53 principale
601 3146 347 53 intentum,
868 3146 214 53 quia
1002 3146 214 53 omne
1109 3146 240 53 compos-

306 3221 275 52 sibile
499 3221 193 52 est
609 3221 330 52 ponendum
857 3221 248 52 cujus
1022 3221 193 52 non
1104 3221 248 52 apparet

308 3297 546 52 incompossibilitas,
779 3297 174 52 sed
879 3297 198 52 quod
1003 3297 298 52 entilati
1201 3297 149 52 com¬-

308 3371 223 55 petat
457 3371 323 55 infinitas
705 3371 174 55 non
805 3371 273 55 apparet
1003 3371 248 55 aliqua
1152 3371 199 55 incom¬-

311 3447 440 55 possibilitas,
673 3447 207 55 quia
803 3447 155 55 si
880 3447 259 55 aliqua
1036 3447 310 55 appareret,

311 3521 248 51 maxime
485 3521 173 51 hoc
584 3521 248 51 esset;
757 3521 173 51 vel
856 3521 198 51 quia
980 3521 273 51 finitas
1179 3521 173 51 est
1253 3521 99 51 de

314 3592 258 51 ratione
501 3592 235 51 entis;
666 3592 164 51 vel
759 3592 235 51 passio
924 3592 399 51 convertibilis
1229 3592 117 51 cum

1380 333 227 50 ente.
1531 333 201 50 Quod
1657 333 176 50 sit
1757 333 151 50 de
1833 333 277 50 ratione
2034 333 252 50 entis,
2211 333 176 50 hoc
2286 333 126 50 non

1380 407 281 53 videtur,
1590 407 187 53 quia
1707 407 187 53 tunc
1824 407 164 53 non
1918 407 304 53 oporteret
2128 407 281 53 insistere,

1380 484 147 52 an
1454 484 270 52 aliquod
1651 484 172 52 ens
1749 484 172 52 sit
1847 484 368 52 infinitum,.
2142 484 196 52 quia
2240 484 172 52 mani¬-

1381 557 244 53 festum
1551 557 220 53 esset
1698 557 317 53 quodlibet
1942 557 171 53 ens
2040 557 195 53 esse
2137 557 269 53 simplici¬-

1384 634 163 52 ter
1477 634 280 52 finitum;
1687 634 163 52 nec
1780 634 163 52 est
1873 634 233 52 passio
2036 634 210 52 entis
2176 634 140 52 ut
2223 634 186 52 patet,

1385 711 187 50 quia
1501 711 304 50 passiones
1735 711 210 50 entis
1875 711 397 50 convertibiles
2202 711 163 50 cum
2272 711 140 50 illo

1384 788 183 50 sunt
1498 788 342 50 naturaliter
1772 788 228 50 notae,
1932 788 137 50 ut
2000 788 205 50 patet
2137 788 137 50 de
2183 788 228 50 unitate,

1386 862 294 48 bonitate,
1590 862 136 48 etc.

1439 937 159 52 (b)
1530 937 182 52 Item
1644 937 159 52 sic
1735 937 273 52 suadetur
1939 937 114 52 :
1984 937 318 52 infinitum,
2234 937 182 52 etc.
2325 937 91 52 Si

1385 1013 369 51 intelligit,
1680 1013 197 51 quod
1803 1013 320 51 infinitum
2049 1013 320 51 contrarie
2270 1013 148 51 artu

1385 1091 186 48 non
1492 1091 318 48 repugnet
1730 1091 371 48 quantitati
2022 1091 265 48 molis,
2208 1091 186 48 hoc
2287 1091 133 48 est

1387 1164 407 52 impossibile
1712 1164 326 52 secundum
1957 1164 271 52 ipsum,
2147 1164 163 52 in
2228 1164 163 52 2.
2282 1164 136 52 Me-

1390 1240 221 52 laph.
1538 1240 221 52 suae.
1685 1240 147 52 Si
1758 1240 221 52 autem
1905 1240 294 52 loquitur
2126 1240 147 52 de
2175 1240 245 52 infinito

1393 1314 327 53 contrarie
1644 1314 151 53 in
1720 1314 402 53 magnitudine,
2047 1314 151 53 et
2122 1314 176 53 hoc
2223 1314 151 53 de
2273 1314 151 53 pos¬-

1393 1390 246 51 sibili,
1571 1390 156 51 ita
1661 1390 134 51 ut
1728 1390 291 51 infinitum
1952 1390 224 51 possit
2108 1390 201 51 fieri
2220 1390 201 51 additio

1390 1465 159 53 in
1469 1465 423 53 magnitudine,
1813 1465 238 53 adhuc
1971 1465 344 53 (loquendo
2209 1465 212 53 secun¬-

1392 1541 175 53 dum
1492 1541 375 53 intentionem
1792 1541 375 53 Philosophi)
2093 1541 200 53 tale
2193 1541 225 53 infini¬-

1386 1618 207 51 tum
1505 1618 207 51 non
1623 1618 296 51 potest
1831 1618 267 51 esse,
2008 1618 237 51 quia
2127 1618 296 51 secundum

1387 1692 273 55 ipsum,
1578 1692 300 55 quantam
1796 1692 437 55 magnitudinem
2124 1692 300 55 contingit

1393 1769 192 53 esse
1513 1769 144 53 in
1585 1769 311 53 potentia,
1824 1769 240 53 tantam
1992 1769 311 53 contingit
2231 1769 192 53 esse
2327 1769 96 53 in

1394 1846 220 50 actu,
1540 1846 147 50 ut
1614 1846 220 50 patet
1761 1846 147 50 3.
1834 1846 269 50 Physic.
2030 1846 220 50 text.
2177 1846 220 50 comm.
2300 1846 122 50 69.

1387 1921 367 54 Loquendo
1663 1921 245 54 vero
1816 1921 367 54 secundum
2061 1921 367 54 Theologos,

1393 1997 232 52 adhuc
1548 1997 181 52 est
1651 1997 258 52 dubium
1832 1997 155 52 si
1910 1997 336 52 quantitas
2168 1997 181 52 per
2245 1997 181 52 divi¬-

1396 2075 171 51 nam
1493 2075 318 51 potentiam
1738 2075 245 51 possit
1910 2075 245 51 augeri
2081 2075 147 51 in
2130 2075 294 51 infinitum,

1396 2148 201 54 quia
1522 2148 226 54 sicut
1672 2148 226 54 forma
1823 2148 402 54 intensibilis
2150 2148 176 54 non
2225 2148 201 54 potest

1397 2225 257 50 intendi
1583 2225 140 50 in
1653 2225 327 50 infinitum,
1910 2225 140 50 ut
1980 2225 210 50 dicit
2120 2225 233 50 Doctor
2284 2225 140 50 in
2331 2225 93 50 3.

1395 2299 154 56 d.
1472 2299 180 56 13.
1575 2299 180 56 ita
1678 2299 231 56 forte
1832 2299 283 56 videtur
2038 2299 206 56 quod
2141 2299 283 56 magnitudo

1397 2375 168 53 non
1493 2375 239 53 possit
1660 2375 144 53 in
1732 2375 311 53 infinitum
1971 2375 263 53 augeri;
2163 2375 144 53 si
2235 2375 191 53 enim
2330 2375 96 53 in

1396 2452 313 54 infinitum
1637 2452 241 54 posset
1805 2452 265 54 augeri,
1998 2452 193 54 actu
2118 2452 217 54 simul
2238 2452 193 54 posset

1396 2528 123 52 a
1446 2528 172 52 Deo
1544 2528 295 52 produci,
1765 2528 221 52 sicut
1912 2528 221 52 etiam
2060 2528 246 52 probat
2207 2528 221 52 Doctor,

1395 2603 182 54 ubi
1499 2603 234 54 supra
1655 2603 156 54 de
1732 2603 234 54 forma
1888 2603 415 54 intensibili,
2225 2603 208 54 quod
2329 2603 104 54 si

1398 2680 241 52 posset
1567 2680 145 52 in
1639 2680 313 52 infinitum
1880 2680 289 52 intendi,
2097 2680 265 52 possent
2265 2680 169 52 simul

1400 2756 277 52 produci
1601 2756 201 52 actu
1727 2756 302 52 infinita
1954 2756 352 52 intensive.
2231 2756 151 52 Si
2281 2756 151 52 vero

1399 2832 289 52 loquitur
1615 2832 144 52 de
1688 2832 289 52 infinito
1904 2832 144 52 in
1976 2832 361 52 quantitate,
2265 2832 144 52 et
2313 2832 120 52 hoc

1398 2908 318 52 secundum
1637 2908 451 52 multitudinem,
2009 2908 239 52 patet
2168 2908 212 52 quod
2274 2908 159 52 tale

1400 2984 246 52 potest
1573 2984 197 52 esse
1696 2984 148 52 in
1770 2984 295 52 potentia
1991 2984 271 52 tantum,
2188 2984 148 52 ut
2237 2984 197 52 probat

1398 3059 152 53 2.
1474 3059 278 53 Metaph.
1676 3059 177 53 ita
1777 3059 202 53 quod
1903 3059 354 53 accipiendo
2181 3059 202 53 unam
2282 3059 152 53 par¬-

1402 3136 176 51 tem
1502 3136 302 51 alicujus
1729 3136 252 51 quanti
1905 3136 302 51 continui
2131 3136 201 51 post
2232 3136 201 51 aliam,

1399 3212 259 52 semper
1580 3212 259 52 restat
1762 3212 233 52 extra
1917 3212 285 52 aliquid
2098 3212 337 52 accipiendum

1401 3286 148 53 in
1475 3286 345 53 infinitum,
1746 3286 148 53 et
1820 3286 172 53 hoc
1919 3286 296 53 loquendo
2140 3286 148 53 de
2190 3286 246 53 partibus

1399 3363 328 53 secundum
1645 3363 465 53 proportionem,
2028 3363 219 53 quia
2137 3363 301 53 quodlibet

1405 3440 298 52 continuum
1634 3440 160 52 est
1726 3440 320 52 divisibile
1977 3440 137 52 in
2046 3440 298 52 infinitas
2252 3440 183 52 partes

1402 3516 469 53 proportionales.
1797 3516 148 53 De
1871 3516 173 53 hoc
1969 3516 222 53 vide,
2117 3516 197 53 quae
2216 3516 222 53 exposui

1402 3591 221 52 super
1550 3591 270 52 secundo
1746 3591 147 52 d.
1820 3591 147 52 2.
1893 3591 147 52 q.
1967 3591 147 52 9.
2040 3591 147 52 et
2114 3591 221 52 super
2261 3591 147 52 2.
2310 3591 123 52 Me-
