2740 3979
189 297 188 62 ad
283 297 188 62 B,
376 297 438 62 accipiatur
720 297 313 62 virtus
939 297 250 62 quae
1064 297 156 62 sit

186 373 376 61 centupla
468 373 219 61 vel
593 373 438 61 millecupla
937 373 188 61 ad
1000 373 219 61 illam

181 449 402 60 virtutem
482 449 369 60 finitam
750 449 335 60 datam;
951 449 268 60 igitur

183 524 251 60 illa
340 524 314 60 virtus
559 524 220 60 sic
685 524 439 60 augmentata
998 524 220 60 move¬-

182 601 181 61 bit
286 601 155 61 in
363 601 155 61 A,
441 601 310 61 tempore,
674 601 155 61 et
751 601 181 61 ita
855 601 207 61 illa
984 601 155 61 et
1036 601 181 61 infi¬-

177 677 244 60 nita
329 677 365 60 movebunt
603 677 183 60 in
694 677 335 60 aequali
907 677 305 60 tempore,

173 754 260 60 quod
336 754 228 60 est
466 754 521 60 impossibile,
890 754 195 60 si
955 754 260 60 virtus

172 829 417 48 infinita
485 829 313 48 movet
694 829 417 48 secundum
972 829 243 48 ulti¬-

174 907 214 58 mum
297 907 397 58 potentiae
602 907 244 58 suae
754 907 183 58 et
815 907 397 58 necessario.

168 982 158 68 ^
232 982 190 68 Ex
327 982 222 68 hoc
453 982 317 68 igitur
675 982 253 68 quod
833 982 317 68 virtus
1023 982 190 68 illa

173 1058 202 61 est
288 1058 375 61 infinita,
577 1058 346 61 sequitur
836 1058 231 61 quod
980 1058 173 61 si
1038 1058 173 61 agat

169 1136 195 59 ex
267 1136 488 59 necessitate
658 1136 391 59 naturae,
951 1136 260 59 agit
1081 1136 130 59 in

164 1205 280 60 non
324 1205 480 60 tempore.
684 1205 240 60 Ex
805 1205 280 60 hoc
925 1205 280 60 autem

173 1281 243 61 quod
325 1281 334 61 ponitur
568 1281 182 61 in
659 1281 486 61 antecedente,
1024 1281 182 61 quod

167 1357 214 61 est
290 1357 183 61 in
381 1357 489 61 magnitudine,
778 1357 367 61 sequitur
1023 1357 183 61 quod

167 1433 195 60 si
265 1433 260 60 agat
428 1433 293 60 circa
623 1433 358 60 corpus,
883 1433 260 60 quod
1013 1433 195 60 pro¬-

166 1508 269 61 prie
334 1508 336 61 moveat
569 1508 302 61 illud
771 1508 369 61 corpus,
1006 1508 201 61 quia

164 1585 357 59 virtutem
432 1585 179 59 in
521 1585 625 59 magnitudine,vocat
1027 1585 179 59 Phi¬-

166 1662 404 59 losophus
469 1662 404 59 virtutem
772 1662 404 59 extensam
1041 1662 168 59 per

169 1737 422 60 accidens;
493 1737 292 60 talis
688 1737 292 60 autem
882 1737 195 60 si
947 1737 260 60 ageret

169 1814 274 61 circa
351 1814 335 61 corpus,
595 1814 274 61 habet
778 1814 305 61 partes
961 1814 244 61 illius

162 1893 404 62 corporis
465 1893 505 62 diversimode
836 1893 370 62 distantes

164 1970 391 60 respectu
458 1970 293 60 ejus,
653 1970 261 60 puta
816 1970 261 60 unam
946 1970 261 60 partem

163 2045 391 61 corporis
457 2045 554 61 propinquiorem
913 2045 195 61 et
978 2045 228 61 aliam

165 2121 521 53 remotiorem;
582 2121 313 53 habet
790 2121 313 53 etiam
964 2121 243 53 resi¬-

166 2197 368 62 stentiam
442 2197 337 62 aliquam
688 2197 184 62 in
780 2197 337 62 corpore
994 2197 215 62 circa

168 2274 245 63 quod
321 2274 275 63 agit,
505 2274 245 63 quae
658 2274 245 63 duae
811 2274 336 63 causse,
1025 2274 183 63 sci¬-

163 2352 284 59 licet
353 2352 474 59 resistentia
732 2352 190 59 et
827 2352 348 59 diversa
1048 2352 158 59 ap-

163 2427 487 60 proximatio
546 2427 383 60 partium
824 2427 383 60 mobilis
1068 2427 139 60 ad

165 2502 284 64 ipsum
355 2502 347 64 movens,
607 2502 347 64 faciunt
828 2502 379 64 successio¬-

164 2580 228 60 nem
295 2580 260 60 esse
457 2580 195 60 in
555 2580 260 60 motu
717 2580 195 60 et
815 2580 325 60 corpus
1010 2580 195 60 pro¬-

164 2654 278 64 prie
338 2654 382 64 moveri;
616 2654 278 64 ergo
789 2654 208 64 ex
893 2654 243 64 hoc
998 2654 208 64 quod

168 2730 178 60 in
257 2730 444 60 antecedente
613 2730 237 60 illo
761 2730 326 60 ponitur
968 2730 237 60 virtus

165 2807 208 60 in
269 2807 556 60 magnitudine,
721 2807 417 60 sequitur
999 2807 208 60 quod

174 2881 344 64 proprie
424 2881 375 64 movebit,
705 2881 188 64 et
799 2881 219 64 ita
893 2881 313 64 jungendo

174 2957 236 59 ista
322 2957 207 59 duo
440 2957 295 59 simul,
647 2957 236 59 quod
795 2957 207 59 est
883 2957 325 59 infinitum

171 3032 189 60 et
265 3032 189 60 in
359 3032 503 60 magnitudine,
768 3032 377 60 sequitur
1019 3032 189 60 quod

167 3109 370 63 proprie
436 3109 370 63 movebit
705 3109 202 63 et
806 3109 202 63 in
907 3109 235 63 non
1007 3109 202 63 tem¬-

167 3184 285 65 pore,
357 3184 253 65 quod
515 3184 221 65 est
642 3184 538 65 contradictio.
1053 3184 158 65 Sed

166 3259 276 61 istud
350 3259 214 61 non
473 3259 368 61 sequitur
748 3259 184 61 de
840 3259 337 61 virtute
1055 3259 153 61 in¬-

169 3335 289 63 finita
371 3335 231 63 quae
516 3335 202 63 non
632 3335 202 63 est
747 3335 173 63 in
805 3335 405 63 magnitudine;

169 3411 270 66 ipsa
338 3411 270 66 enim
506 3411 303 66 licet
709 3411 202 66 in
810 3411 236 66 non
911 3411 303 66 tempore

170 3486 303 65 agat,
373 3486 202 65 si
474 3486 472 65 necessario
844 3486 303 65 agat,
1013 3486 202 65 quia

174 3563 221 61 hoc
301 3563 379 61 sequitur
585 3563 189 61 ad
679 3563 505 61 infinitatem,
1058 3563 158 61 ta¬

1264 303 243 60 men
1403 303 243 60 non
1542 303 382 60 proprie
1820 303 417 60 movebit,
2098 303 208 60 quia

1262 377 228 62 non
1393 377 358 62 habebit
1653 377 195 62 in
1751 377 293 62 passo
1946 377 293 62 illas
2109 377 195 62 duas

1266 450 378 63 rationes
1549 450 504 63 successionis
1958 450 157 63 ;
2021 450 220 63 non
2115 450 189 63 igi¬-

1261 527 235 62 tur
1396 527 269 62 vult
1564 527 538 62 Philosophus,
2001 527 269 62 quod
2135 527 168 62 in¬-

1258 601 337 63 finita
1494 601 405 63 potentia
1798 601 371 63 proprie
2034 601 270 63 moveat

1259 678 202 61 in
1360 678 236 61 non
1495 678 404 61 tempore,
1799 678 303 61 sicut
1967 678 337 61 argumen¬-

1261 755 215 60 tum
1384 755 460 60 praetendit,
1752 755 215 60 sed
1875 755 245 60 quod
1997 755 307 60 infinita

1258 831 392 62 potentia
1552 831 196 62 in
1650 831 490 62 magnitudine
2009 831 294 62 proprie

1256 908 337 62 moveat
1492 908 202 62 et
1593 908 202 62 in
1694 908 236 62 non
1829 908 404 62 tempore,
2099 908 202 62 quae

1261 984 238 51 sunt
1410 984 565 51 contradictoria.
1886 984 178 51 Et
1975 984 178 51 ex
2064 984 208 51 hoc
2153 984 149 51 se¬-

1257 1059 326 60 quitur
1486 1059 261 60 quod
1649 1059 457 60 antecedens
1975 1059 326 60 includit

1256 1134 568 63 contradictoria,
1735 1134 359 63 scilicet
2004 1134 239 63 quod
2124 1134 179 63 vir¬-

1253 1211 209 61 tus
1373 1211 359 61 infinita
1642 1211 209 61 sit
1762 1211 179 61 in
1821 1211 419 61 magnitudine.

1312 1287 216 64 Sed
1436 1287 247 64 tunc
1590 1287 216 64 est
1713 1287 432 64 dubitatio,
2053 1287 216 64 cum
2146 1287 154 64 po¬-

1253 1362 339 63 tentiam
1500 1362 339 63 motivam
1747 1362 278 63 primi
1932 1362 278 63 ponat
2086 1362 216 63 infi¬-

1251 1433 263 63 nitam
1426 1433 176 63 et
1514 1433 439 63 naturaliter
1865 1433 351 63 agentem,
2099 1433 205 63 vide¬-

1253 1510 204 63 tur
1369 1510 262 63 sequi
1544 1510 233 63 quod
1690 1510 408 63 necessario
2010 1510 291 63 ageret
2185 1510 116 63 in

1249 1588 223 59 non
1377 1588 382 59 tempore,
1663 1588 287 59 licet
1854 1588 223 59 non
1982 1588 318 59 moveat
2173 1588 127 59 in

1248 1663 230 59 non
1380 1663 394 59 tempore,
1675 1663 230 59 imo
1806 1663 263 59 tunc
1971 1663 296 59 nihil
2135 1663 164 59 mo¬-

1249 1738 318 65 vebit,
1472 1738 350 65 proprie
1726 1738 414 65 loquendo.
2045 1738 191 65 Et
2108 1738 191 65 quod

1247 1814 238 64 hoc
1383 1814 407 64 sequatur
1688 1814 339 64 patet,
1926 1814 271 64 quia
2061 1814 238 64 istud

1248 1891 285 62 prius
1438 1891 380 62 probatum
1724 1891 254 62 fuit
1882 1891 222 62 per
1977 1891 317 62 rationem

1253 1967 366 64 potentiae
1535 1967 366 64 infinitae
1816 1967 394 64 necessario
2098 1967 197 64 agen¬-

1249 2042 253 61 tis.
1408 2042 412 61 Respondet
1724 2042 475 61 Commentator
2104 2042 222 61 12.
2199 2042 127 61 fr

1249 2120 359 61 Metaph.
1511 2120 261 61 quod
1674 2120 359 61 praeter
1936 2120 327 61 primum
2132 2120 163 61 mo¬-

1250 2197 238 62 vens
1399 2197 238 62 quod
1548 2197 208 62 est
1667 2197 387 62 infinitae
1935 2197 357 62 potentiae,

1251 2273 443 66 requiritur
1600 2273 317 66 movens
1821 2273 443 66 conjunctum
2138 2273 158 66 po¬-

1249 2349 329 65 tentiae
1488 2349 359 65 finitae,
1758 2349 209 65 ita
1877 2349 239 65 quod
2027 2349 179 65 ex
2087 2349 209 65 primo

1250 2426 360 61 movente
1512 2426 229 61 sit
1643 2426 426 61 infinitas
1971 2426 327 61 motus,
2167 2426 131 61 et

1251 2502 170 64 ex
1336 2502 311 64 secundo
1562 2502 198 64 sit
1675 2502 396 64 successio,
1987 2502 255 64 quasi
2128 2502 170 64 ali¬-

1250 2580 209 58 ter
1369 2580 209 58 non
1489 2580 298 58 posset
1698 2580 239 58 esse
1847 2580 388 58 successio
2115 2580 179 58 nisi

1248 2654 461 62 concurreret
1617 2654 277 62 illud
1801 2654 307 62 movens
1986 2654 307 62 finitum,

1249 2729 260 65 quia
1412 2729 195 65 si
1510 2729 293 65 solum
1705 2729 423 65 infinitum
1997 2729 293 65 ageret,

1247 2806 331 62 ageret
1479 2806 199 62 in
1578 2806 232 62 non
1678 2806 331 62 tempore.

1314 2882 245 64 Istud
1477 2882 435 64 improbabitur
1831 2882 245 64 dist.
1994 2882 163 64 8.
2048 2882 245 64 qucest.

1248 2958 263 61 ult.
1412 2958 230 61 ubi
1544 2958 197 61 in
1642 2958 230 61 hoc
1774 2958 394 61 arguetur
2036 2958 263 61 contra

1250 3033 542 65 Philosophos,
1690 3033 237 65 qui
1826 3033 339 65 ponunt
2029 3033 271 65 primum

1251 3112 304 61 agere
1454 3112 203 61 ex
1555 3112 507 61 necessitate
1927 3112 372 61 quodlibet

1256 3185 246 62 quod
1410 3185 400 62 immediate
1718 3185 277 62 agit,
1902 3185 215 62 sed
1994 3185 308 62 Christi¬-

1256 3259 238 61 anis
1405 3259 208 61 non
1524 3259 208 61 est
1642 3259 416 61 argumentum
1940 3259 356 61 difficile,

1254 3335 279 65 quia
1428 3335 349 65 dicunt
1672 3335 279 65 Deum
1812 3335 488 65 contingenter

1258 3412 298 61 agere.
1467 3412 238 61 Ipsi
1615 3412 238 61 enim
1764 3412 327 61 possunt
1973 3412 327 61 faciliter

1260 3488 432 59 respondere,
1606 3488 230 59 quia
1750 3488 173 59 si
1836 3488 288 59 virtus
2009 3488 288 59 infinita

1254 3563 470 62 necessario
1624 3563 302 62 agens
1826 3563 269 62 agat
1960 3563 336 62 secundum
