2682 3979
303 342 258 61 sophis,
490 342 141 61 et
560 342 305 61 praecipue
795 342 188 61 illa
912 342 188 61 quae
1029 342 305 61 accipitur
1240 342 94 61 d.

303 418 144 59 2.
375 418 144 59 et
447 418 168 59 39.
543 418 240 59 primi,
710 418 192 59 quae
830 418 287 59 procedit
1046 418 144 59 ah
1093 418 240 59 effectu.

288 494 282 62 Responsio.
509 494 161 62 Dico
610 494 201 62 primo,
751 494 161 62 quod
851 494 161 62 illa
952 494 181 62 ratio
1072 494 221 62 probat,
1213 494 121 62 pri¬-

301 572 201 60 mum
416 572 259 60 agere
589 572 460 60 contingenter
963 572 144 60 ,
992 572 345 60 supponendo

301 646 212 54 quod
433 646 186 54 sit
539 646 212 54 ordo
672 646 398 54 essentialis
990 646 239 54 inter
1122 646 212 54 causam

287 720 206 60 tiaiis
431 720 144 60 non
514 720 206 60 primam
658 720 123 60 et
719 720 267 60 secundam,
925 720 185 60 (quod
1048 720 185 60 forte
1172 720 144 60 non
1233 720 103 60 est

288 801 141 54 est
368 801 181 54 notus
489 801 181 54 notum
610 801 322 54 naturaliter,
871 801 121 54 ut
932 801 161 54 ipse
1032 801 181 54 dicit
1153 801 121 54 in
1193 801 141 54 Theo-

288 873 205 61 primam
431 873 123 61 et
492 873 164 61 rem.
595 873 307 61 Conclusione
840 873 143 61 16.
922 873 143 61 Non
1004 873 225 61 potest,
1148 873 184 61 inquit,

287 942 246 67 causam.m
472 942 226 67 probari
636 942 226 67 ordinem
800 942 308 67 essentialem
1047 942 164 67 esse
1149 942 123 67 in
1190 942 144 67 effi¬-

300 1025 361 56 cientibus,
584 1025 155 56 et
661 1025 232 56 aliam
816 1025 438 56 propositionem
1151 1025 180 56 etiam

297 1100 173 58 ibi
396 1100 272 58 adducit
594 1100 124 58 :
643 1100 173 58 Non
742 1100 272 58 potest,
940 1100 272 58 inquit,
1113 1100 222 58 probari

296 1178 213 54 Deum
429 1178 292 54 coagere
642 1178 213 54 omni
775 1178 266 54 causce
961 1178 319 54 secundiv
1174 1178 159 54 ali¬-

298 1253 169 57 qua
394 1253 265 57 actione
587 1253 265 57 propria
780 1253 217 57 sibi)
924 1253 145 57 et
997 1253 193 57 ideo
1117 1253 145 57 si
1165 1253 169 57 nega¬-

298 1327 222 56 retur
447 1327 198 56 ordo
570 1327 395 56 essentialis,
891 1327 173 56 per
990 1327 296 56 effectum
1188 1327 148 56 con¬-

297 1401 337 58 tingenter
556 1401 337 58 productum
816 1401 181 58 non
919 1401 259 58 posset
1075 1401 259 58 probari,

299 1477 258 56 primum
480 1477 232 56 agere
608 1477 387 56 contingenter.

359 1552 211 57 Dico
491 1552 317 57 secundo,
728 1552 211 57 quod
861 1552 159 57 si
940 1552 343 57 teneretur
1178 1552 159 57 quod

300 1628 276 54 voluntas
507 1628 230 54 creata
668 1628 161 54 sit
760 1628 253 54 totalis
943 1628 207 54 causa
1081 1628 161 54 sui
1150 1628 184 54 actus,

298 1711 182 55 non
402 1711 389 55 concurrente
713 1711 234 55 prima
869 1711 259 55 causa,
1051 1711 156 55 ut
1102 1711 234 55 videtur

298 1786 241 55 tenere
466 1786 169 55 una
563 1786 241 55 opinio
731 1786 289 55 recitata
948 1786 120 55 a
996 1786 265 55 Doctore
1189 1786 144 55 in
1237 1786 96 55 2.

299 1862 218 45 dist.
444 1862 169 45 31.
541 1862 193 45 tunc
661 1862 218 45 ratio
806 1862 290 45 Doctoris
1024 1862 218 45 dist.
1169 1862 145 45 2.
1217 1862 121 45 non

300 1939 319 56 probaret
540 1939 213 56 Deum
673 1939 239 56 agere
833 1939 452 56 contingenter.
1178 1939 160 56 Sup¬-

305 2013 238 56 ponit
463 2013 212 56 ergo
595 2013 159 56 in
675 2013 212 56 illa
807 2013 317 56 ratione,
1019 2013 317 56 voluntatem

302 2089 293 56 creatam
515 2089 346 56 dependere
781 2089 133 56 a
835 2089 239 56 primo
994 2089 239 56 ente,
1154 2089 186 56 tam
1234 2089 106 56 in

304 2166 201 57 esse
430 2166 151 57 et
505 2166 352 57 conservari
782 2166 201 57 quam
907 2166 226 57 etiam
1058 2166 151 57 in
1109 2166 226 57 agendo,

304 2242 155 56 et
382 2242 207 56 quod
511 2242 310 56 voluntas
744 2242 259 56 creata
925 2242 181 56 non
1029 2242 181 56 sit
1106 2242 233 56 totalis

301 2317 246 58 causa
465 2317 191 58 sui
574 2317 246 58 actus
738 2317 191 58 per
848 2317 383 58 remotionem
1121 2317 219 58 primae

304 2394 271 57 causae.
502 2394 197 57 Dico
625 2394 271 57 tertio,
822 2394 197 57 quod
945 2394 247 57 Doctor
1118 2394 148 57 in
1167 2394 173 57 prae¬-

304 2472 222 58 senti
452 2472 345 58 quaestione
724 2472 173 58 non
822 2472 222 58 dicit
970 2472 321 58 absolute,
1192 2472 148 58 quod

308 2547 282 51 effectus
519 2547 211 51 ducit
660 2547 141 51 in
730 2547 282 51 errorem,
941 2547 305 51 videlicet
1176 2547 141 51 in
1223 2547 117 51 ne¬-

306 2624 354 55 cessitatem
584 2624 253 55 agendi
761 2624 152 55 in
836 2624 227 55 primo
988 2624 227 55 ente,
1140 2624 177 55 sed
1216 2624 126 55 hoc

306 2699 266 55 tantum
492 2699 239 55 dicit
652 2699 319 55 secundum
891 2699 346 55 opinionem
1130 2699 213 55 Philo¬

280 2778 307 54 sophorum.

280 2850 164 60 34
362 2850 164 60 Et
443 2850 164 60 si
525 2850 327 60 dicatur,
770 2850 382 60 Philosophi
1043 2850 300 60 supponunt

308 2926 284 57 ordinem
515 2926 388 57 essentialem
825 2926 310 57 causarum
1058 2926 129 57 ;
1109 2926 207 57 ergo
1213 2926 129 57 per

302 3003 346 55 rationem
562 3003 346 55 Doctoris
821 3003 259 55 dist.
994 3003 173 55 2.
1052 3003 288 55 possumus

301 3079 373 57 cognoscere
594 3079 133 57 ,
648 3079 266 57 primum
834 3079 240 57 agere
967 3079 373 57 contingenter

305 3153 168 59 per
401 3153 313 59 effectum,
642 3153 144 59 et
714 3153 168 59 sic
810 3153 265 59 videtur
1002 3153 216 59 posse
1123 3153 216 59 conclu¬-

302 3230 177 58 di,
403 3230 202 58 quod
529 3230 177 58 via
630 3230 303 58 naturali
858 3230 303 58 possumus
1060 3230 278 58 cognosce¬-

298 3304 172 57 re
384 3304 230 57 hanc
528 3304 460 57 proprietatem
902 3304 172 57 de
988 3304 259 57 primo
1132 3304 201 57 ente.

301 3379 371 59 Respondeo,
593 3379 212 59 quod
726 3379 159 59 si
805 3379 212 59 illa
938 3379 239 59 ratio
1071 3379 265 59 Doctoris

304 3455 141 54 d.
374 3455 141 54 2.
444 3455 305 54 concludit
679 3455 235 54 contra
844 3455 376 54 Philosophos,
1126 3455 211 54 oportet

301 3530 363 58 concedere
580 3530 223 58 quod
720 3530 195 58 per
832 3530 335 58 effectum
1055 3530 279 58 possumus

302 3606 370 63 cognoscere
592 3606 476 63 demonstratione
989 3606 238 63 quia,
1121 3606 212 63 primum

1386 346 239 60 agere
1545 346 451 60 contingenter;
1916 346 159 60 et
1995 346 159 60 in
2075 346 186 60 hoc
2181 346 212 60 sibi
2287 346 133 60 non

1385 423 395 58 contradicit,
1706 423 197 58 quia
1830 423 148 58 in
1904 423 321 58 praesenti
2126 423 296 58 quaestione

1380 498 327 58 videtur
1618 498 297 58 tantum
1826 498 268 58 loqui
2005 498 357 58 secundum
2243 498 178 58 opi¬-

1386 572 272 58 nionem
1576 572 490 58 Philosophorum,
1985 572 163 58 et
2067 572 163 58 in
2149 572 163 58 d.
2230 572 163 58 2.
2285 572 136 58 ab¬-

1386 648 247 58 solute
1559 648 296 58 loquitur
1781 648 247 58 contra
1953 648 395 58 Philosophos,
2249 648 173 58 sicut

1387 726 211 56 etiam
1527 726 141 56 d.
1598 726 141 56 8.
1668 726 141 56 q.
1715 726 141 56 ult.

1442 801 149 59 Et
1517 801 174 59 cum
1616 801 298 59 infertur
1839 801 198 59 quod
1963 801 198 59 tunc
2087 801 223 59 talis
2236 801 198 59 pro-
2335 801 99 59 35

1387 875 257 57 prietas
1574 875 234 57 posset
1738 875 211 57 sciri
1878 875 374 57 naturaliter,
2182 875 187 57 dico
2276 875 140 57 quod

1388 952 153 50 hoc
1475 952 218 50 potest
1628 952 305 50 dupliciter
1868 952 327 50 intellieri.
2129 952 153 50 Uno
2216 952 174 50 modo
2303 952 131 50 Deum

1387 1028 131 57 de
1453 1028 218 57 aliquo
1605 1028 174 57 ente
1714 1028 196 57 primo
1845 1028 240 57 confuse
2020 1028 262 57 cognito,
2194 1028 240 57 tingeoter

1388 1107 171 53 Alio
1494 1107 171 53 modo
1601 1107 128 53 de
1665 1107 192 53 primo
1793 1107 192 53 ente,
1922 1107 128 53 ut
1986 1107 278 53 distincte
2178 1107 256 53 dupliciter

1385 1156 268 79 cognito.
1586 1156 201 79 Primo
1720 1156 179 79 modo
1831 1156 335 79 conceditur,
2099 1156 156 79 sed
2166 1156 268 79 inte,ll81-

1385 1255 270 56 secundo
1582 1255 196 56 modo
1704 1255 294 56 negatur.
1925 1255 147 56 Si
1999 1255 245 56 iterum
2171 1255 270 56 dicatur
2342 1255 74 56 :

1388 1329 264 57 quomodo
1580 1329 192 57 isti
1700 1329 288 57 effectus
1917 1329 240 57 ducunt
2085 1329 144 57 in
2133 1329 288 57 necessita¬-

1385 1406 173 56 tem
1484 1406 222 56 primi
1632 1406 296 56 agentis,
1855 1406 173 56 cum
1954 1406 222 56 isti'
2102 1406 296 56 effectus
2299 1406 124 56 in¬-

1388 1483 296 55 feriores
1610 1483 197 55 sint
1733 1483 246 55 tantum
1906 1483 370 55 possibiles?
2201 1483 172 55 est
2275 1483 148 55 enim

1387 1557 378 57 implicatio,
1689 1557 252 57 causam
1866 1557 227 57 agere
2017 1557 151 57 de
2067 1557 353 57 necessitate,

1386 1633 164 57 et
1468 1633 328 57 causatum
1714 1633 219 57 esse
1851 1633 383 57 possibile.
2151 1633 219 57 Dico
2261 1633 164 57 quod

1388 1709 346 56 necessitas
1660 1709 222 56 primi
1808 1709 272 56 agentis
2006 1709 173 56 non
2105 1709 296 56 probatur
2302 1709 124 56 per

1384 1783 462 56 qualemcumque
1759 1783 375 56 effectum,
2048 1783 202 56 sed
2134 1783 289 56 probatur

1387 1859 186 57 per
1494 1859 320 57 effectum
1734 1859 426 57 necessarium,
2080 1859 293 57 tenendo
2266 1859 160 57 opi¬-

1392 1934 225 56 nionem
1549 1934 112 56 A
1594 1934 202 56 verro
1729 1934 112 56 i
1773 1934 112 56 s
1818 1934 135 56 et
1886 1934 359 56 Aristotelis,
2178 1934 135 56 ut
2223 1934 202 56 patebit

1392 2009 198 57 infra
1524 2009 198 57 dist.
1656 2009 132 57 8.
1722 2009 242 57 queest.
1876 2009 132 57 ult.

1447 2085 176 57 Vel
1547 2085 251 57 potest
1723 2085 201 57 dici
1849 2085 151 57 et
1924 2085 276 57 melius,
2125 2085 201 57 quod
2226 2085 201 57 secun¬-

1385 2161 208 57 dum
1504 2161 238 57 viam
1653 2161 535 57 Philosophorum,
2098 2161 208 57 non
2187 2161 238 57 potest

1387 2238 213 51 esse
1520 2238 292 51 novitas
1733 2238 159 51 in
1813 2238 319 51 effectu,
2052 2238 213 51 sine
2158 2238 266 51 novitate

1388 2314 285 57 causae,
1596 2314 156 57 et
1673 2314 182 57 sic
1777 2314 130 57 a
1829 2314 234 57 prima
1985 2314 234 57 causa
2141 2314 182 57 non
2218 2314 208 57 potest

1391 2389 328 55 immediate
1643 2389 278 55 produci
1845 2389 303 55 effectus
2073 2389 227 55 novus
2224 2389 126 55 ;
2275 2389 152 55 et
2325 2389 101 55 si

1388 2466 427 58 contingenter
1735 2466 293 58 ageret,
1948 2466 373 58 sequeretur
2241 2466 213 58 quod
2348 2466 80 58 a

1390 2542 232 54 prima
1545 2542 232 54 causa
1700 2542 258 54 posset
1880 2542 206 54 esse
2009 2542 310 54 effectus
2216 2542 206 54 novus,

1394 2617 160 43 sed
1486 2617 137 43 de
1554 2617 160 43 hoc
1623 2617 183 43 alibi.

1446 2693 163 57 Si
1527 2693 271 57 iterum
1717 2693 298 57 dicatur
1933 2693 135 57 :
1988 2693 163 57 Si
2069 2693 190 57 per
2150 2693 271 57 rationem

1393 2770 319 58 naturalem
1639 2770 295 58 absolute
1860 2770 319 58 loquendo,
2106 2770 147 58 et
2179 2770 172 58 non
2253 2770 172 58 prae¬-

1390 2846 212 56 cise
1522 2846 317 56 secundum
1760 2846 344 56 opinionem
1998 2846 423 56 Philosophorum,

1392 2921 252 57 potest
1568 2921 302 57 cognosci
1794 2921 201 57 ista
1920 2921 352 57 proprietas
2197 2921 151 57 de
2247 2921 176 57 primo

1386 2997 251 55 ente,
1554 2997 223 55 quae
1693 2997 195 55 est
1805 2997 447 55 contingenter
2168 2997 251 55 agere
2307 2997 112 55 ad

1391 3071 206 59 extra
1529 3071 115 59 ;
1575 3071 183 59 ergo
1689 3071 183 59 ista
1804 3071 206 59 ratio
1941 3071 344 59 destruitur,
2217 3071 161 59 qua
2285 3071 138 59 pro¬-

1389 3146 221 59 batur
1537 3146 197 59 quod
1660 3146 345 59 substantia
1931 3146 295 59 separata
2152 3146 172 59 non
2226 3146 197 59 potest

1387 3222 302 58 cognosci
1613 3222 277 58 quantum
1814 3222 151 58 ad
1890 3222 201 58 ejus
1990 3222 252 58 propria.

1447 3297 184 58 Dico
1562 3297 207 58 primo
1700 3297 184 58 quod
1814 3297 321 58 proprietas
2067 3297 138 58 in
2136 3297 275 58 complexa
2319 3297 115 58 36.

1387 3373 185 57 non
1492 3373 264 57 potest
1677 3373 343 57 distincte
1941 3373 317 57 cognosci
2178 3373 158 57 de
2231 3373 185 57 prima

1386 3450 378 52 substantia,
1688 3450 151 52 et
1763 3450 176 52 hoc
1864 3450 403 52 naturaliter.
2191 3450 201 52 Dico
2292 3450 126 52 se¬-

1385 3524 245 58 cundo,
1557 3524 196 58 quod
1680 3524 245 58 posito
1851 3524 196 58 quod
1974 3524 196 58 illa
2072 3524 343 58 cognoscatur,

1382 3600 233 57 adhuc
1537 3600 233 57 ratio
1692 3600 310 57 Doctoris
1925 3600 233 57 stat,
2080 3600 207 57 quia
2209 3600 155 57 in
2261 3600 155 57 tali
