2653 3979
296 308 191 59 est
405 308 164 59 et
487 308 273 59 contra
678 308 355 59 praedicta
950 308 164 59 in
1005 308 327 59 qucestione

299 385 141 55 de
369 385 282 55 subjecto
557 385 305 55 Theologice.

350 458 328 60 Videtur
588 458 298 60 tamen,
797 458 238 60 quod
946 458 238 60 ista
1065 458 268 60 veritas

292 534 289 61 possit
494 534 318 61 ratione
725 534 347 61 naturali
985 534 347 61 ostendi,
1216 534 116 61 et

290 610 230 48 hoc
421 610 361 48 sumendo
651 610 230 48 viam.

355 686 253 48 Primo
524 686 169 48 ex
608 686 337 48 infinito
833 686 365 48 intellectu.

355 763 324 49 Secundo
590 763 177 49 ex
678 763 353 49 infinita
914 763 353 49 voluntate.

351 840 278 48 Tertio
546 840 167 48 ex
629 840 334 48 infinita
852 840 306 48 bonitate.

350 916 307 61 Quarto
565 916 184 61 ex
657 916 338 61 ratione
903 916 399 61 infinitae
1179 916 154 61 po¬

269 991 249 48 tentiae.

352 1067 298 54 Quinto
561 1067 179 54 ex
650 1067 328 54 ratione
888 1067 357 54 infiniti
1127 1067 208 54 abso¬

272 1145 174 47 lute.

356 1220 241 49 Sexto
517 1220 161 49 ex
597 1220 294 49 ratione
811 1220 294 49 nccesse
999 1220 187 49 esse.

347 1296 402 61 Septimo
640 1296 219 61 ex
750 1296 402 61 ratione
1006 1296 329 61 omnipo¬

275 1372 245 48 tentiae.

356 1449 252 60 Prima
524 1449 196 60 via
636 1449 196 60 (b)
748 1449 168 60 ex
832 1449 252 60 parte
971 1449 364 60 intellectus

299 1525 336 60 infiniti
551 1525 336 60 arguitur
803 1525 252 60 primo
972 1525 196 60 sic
1084 1525 140 60 :
1112 1525 224 60 Intel¬-

293 1602 316 62 lectus
515 1602 411 62 infinitus
831 1602 411 62 cognoscit
1115 1602 221 62 quod-

297 1679 296 60 cumque
505 1679 504 60 intelligibile
890 1679 445 60 perfectissime

297 1755 345 60 quantum
548 1755 220 60 est
673 1755 533 60 intelligibile
1112 1755 188 60 in
1175 1755 157 60 se,

296 1833 260 59 quia
458 1833 292 59 totum
653 1833 260 59 ens,
815 1833 227 59 nam
912 1833 422 59 intellectus

297 1910 309 60 finitus
521 1910 196 60 hoc
634 1910 309 60 potest,
858 1910 253 60 licet
1026 1910 196 60 non
1111 1910 224 60 perfe¬-

296 1986 377 60 ctissime
579 1986 220 60 nec
704 1986 314 60 simul;
924 1986 252 60 ergo
1082 1986 189 60 si
1144 1986 189 60 sint

294 2062 202 61 duo
410 2062 231 61 dii,
554 2062 231 61 sint
698 2062 144 61 A
756 2062 173 61 et
842 2062 173 61 B;
929 2062 144 61 A
987 2062 231 61 ergo
1102 2062 231 61 cogno¬-

290 2139 269 61 scet
458 2139 168 61 B
526 2139 571 61 perfectissime
996 2139 168 61 ,
1030 2139 302 61 quantum

293 2216 337 58 scilicet
545 2216 140 58 B
602 2216 196 58 est
714 2216 477 58 cognoscibile,
1107 2216 196 58 sed
1191 2216 140 58 hoc

292 2292 202 60 est
408 2292 463 60 impossibile.
784 2292 376 60 Probatio,
1073 2292 231 60 quia
1188 2292 145 60 aut

287 2368 411 59 cognoscit
604 2368 158 59 B
667 2368 221 59 per
793 2368 411 59 essentiam
1110 2368 190 59 B,
1173 2368 158 59 aut

288 2442 246 60 non.
442 2442 307 60 Sinon,
657 2442 184 60 et
749 2442 153 60 B
810 2442 215 60 est
902 2442 430 60 cognoscibile

285 2519 236 59 per
420 2519 439 59 essentiam
758 2519 169 59 ;
825 2519 270 59 ergo
994 2519 169 59 A
1061 2519 236 59 non
1162 2519 169 59 co¬-

285 2596 359 60 gnoscit
547 2596 163 60 B
612 2596 555 60 perfectissime
1036 2596 294 60 quantum

287 2673 357 59 scilicet
555 2673 149 59 B
615 2673 208 59 est
734 2673 506 59 cognoscibile;
1121 2673 208 59 nihil

278 2748 290 60 enim
459 2748 580 60 cognoscibile
930 2748 254 60 per
1039 2748 290 60 essen¬-

281 2823 271 60 tiam
450 2823 575 60 perfectissime
890 2823 440 60 cognoscitur

281 2900 270 60 nisi
450 2900 506 60 cognoscatur
854 2900 236 60 per
955 2900 371 60 essentiam

285 2976 293 61 suam,
481 2976 228 61 vel
611 2976 228 61 per
742 2976 358 61 aliquid
970 2976 358 61 perfecti¬-

282 3052 224 49 us
394 3052 484 49 includens
766 3052 484 49 essentiam
1101 3052 224 49 suam

290 3127 237 61 quam
438 3127 237 61 ipsa
587 3127 207 61 sit
705 3127 178 61 in
794 3127 178 61 se
883 3127 148 61 ;
942 3127 355 61 essentia
1179 3127 148 61 au¬-

286 3202 208 61 tem
405 3202 149 61 B
465 3202 178 61 in
554 3202 267 61 nullo
732 3202 416 61 perfectius
1029 3202 297 61 includi¬-

285 3280 208 59 tur
404 3280 238 59 quam
553 3280 179 59 in
642 3280 179 59 B,
732 3280 238 59 quia
881 3280 238 59 tunc
1029 3280 149 59 B
1089 3280 208 59 non
1178 3280 149 59 es¬-

287 3356 221 60 set
413 3356 284 60 Deus.
602 3356 189 60 Si
696 3356 284 60 autem
885 3356 473 60 cognosceret
1232 3356 95 60 B

287 3432 202 62 per
402 3432 374 62 essentiam
690 3432 288 62 ipsius
892 3432 144 62 B
950 3432 144 62 ;
1007 3432 230 62 ergo
1122 3432 202 62 actus

285 3507 297 61 ipsius
493 3507 149 61 A
553 3507 208 61 est
671 3507 386 61 posterior
939 3507 386 61 naturaliter

288 3584 345 62 essentia
547 3584 288 62 ipsius
749 3584 173 62 B}
835 3584 173 62 et
921 3584 201 62 ita
1036 3584 144 62 A
1094 3584 201 62 non
1180 3584 144 62 est

1374 305 291 61 Deus.
1568 305 259 61 Quod
1730 305 291 61 autem
1924 305 291 61 actus
2119 305 324 61 ipsius
2313 305 97 61 A

1381 382 213 60 sit
1502 382 395 60 posterior
1806 382 243 60 ipso
1958 382 182 60 B,
2049 382 304 60 probo,
2231 382 182 60 quia

1379 457 291 60 omnis
1573 457 291 60 actus
1767 457 486 60 cognoscendi
2156 457 227 60 qui
2253 457 162 60 non

1375 534 221 62 est
1502 534 253 62 idem
1660 534 347 62 objecto
1912 534 158 62 ,
1975 534 221 62 est
2070 534 347 62 posterior

1378 612 378 60 objecto.
1661 612 283 60 Neque
1850 612 252 60 enim
2007 612 315 60 prior,
2196 612 220 60 neque

1381 687 282 61 simul
1569 687 313 61 natura
1788 687 219 61 est
1914 687 282 61 actus
2102 687 219 61 cum
2196 687 219 61 obje¬-

1382 763 213 60 cto
1503 763 243 60 alio
1655 763 182 60 ab
1746 763 274 60 actu,
1929 763 243 60 quia
2081 763 243 60 tunc
2202 763 213 60 actus

1381 839 280 61 posset
1577 839 364 61 intelligi
1857 839 224 61 sine
1996 839 336 61 objecto,
2220 839 196 61 sicut

1380 929 147 33 e
1409 929 324 33 converso.

1439 991 178 63 Si
1528 991 267 63 dicas
1706 991 237 63 quod
1854 991 148 63 A
1913 991 415 63 intelligit
2239 991 148 63 B
2269 991 148 63 per

1378 1067 386 59 essentiam
1675 1067 297 59 ipsius
1883 1067 178 59 A,
1972 1067 237 59 quae
2091 1067 326 59 simillima

1380 1142 202 62 est
1496 1142 231 62 ipsi
1640 1142 173 62 B,
1727 1142 202 62 aut
1842 1142 231 62 quod
1987 1142 144 62 A
2044 1142 404 62 intelligit
2333 1142 87 62 B

1379 1219 178 63 in
1468 1219 326 63 ratione
1705 1219 326 63 speciei
1942 1219 355 63 communis
2209 1219 237 63 ipsi
2327 1219 89 63 A

1383 1295 155 60 et
1461 1295 207 60 ipsi
1564 1295 104 60 B.

1441 1374 325 60 Contra,
1677 1374 295 60 neutra
1883 1374 384 60 responsio
2149 1374 266 60 salvat,

1383 1449 224 61 quod
1523 1449 140 61 A
1579 1449 391 61 intelligat
1886 1449 140 61 B
1942 1449 475 61 perfectissime
2305 1449 112 61 et

1379 1529 214 61 per
1502 1529 427 61 consequens
1837 1529 214 61 non
1959 1529 214 61 est
2081 1529 275 61 Deus,
2234 1529 183 61 quia

1380 1601 355 61 cognitio
1647 1601 355 61 alicujus
1913 1601 178 61 in
2002 1601 296 61 simili
2179 1601 237 61 tantum

1383 1676 224 63 sive
1523 1676 168 63 in
1607 1676 420 63 universali,
1942 1676 196 63 non
2054 1676 196 63 est
2138 1676 280 63 cognitio

1379 1752 519 66 perfectissima
1807 1752 183 66 et
1899 1752 397 66 intuitiva
2174 1752 244 66 ipsius

1379 1831 214 63 rei
1502 1831 183 63 in
1593 1831 214 63 se,
1716 1831 183 63 et
1807 1831 214 63 ita
1930 1831 214 63 non
2052 1831 397 63 cognoscit
2327 1831 92 63 B

1379 1908 397 63 intuitive
1685 1908 183 63 et
1777 1908 519 63 perfectissime
2204 1908 153 63 ,
2235 1908 183 63 quod

1378 1985 213 59 est
1469 1985 395 59 propositum.

1438 2063 326 59 Secundo
1675 2063 178 59 ex
1764 2063 207 59 (c)
1883 2063 267 59 parte
2031 2063 385 59 intellectus

1375 2136 379 63 arguitur
1660 2136 221 63 sic
1786 2136 158 63 :
1849 2136 284 63 Actus
2038 2136 347 63 aliquis
2259 2136 158 63 non

1375 2213 325 63 potest
1603 2213 325 63 habere
1831 2213 293 63 simul
2026 2213 228 63 duo
2123 2213 293 63 objecta

1378 2289 415 63 adaequata,
1705 2289 148 63 A
1764 2289 208 63 est
1883 2289 356 63 objectum
2120 2289 297 63 adaequa¬-

1378 2366 208 55 tum
1497 2366 237 55 suae
1645 2366 534 55 intellectioni,
2090 2366 178 55 et
2179 2366 148 55 B
2208 2366 208 55 esset

1377 2443 416 61 adaequatum
1704 2443 297 61 eidem,
1912 2443 178 61 si
2001 2443 297 61 posset
2179 2443 238 61 intel-

1377 2519 288 61 ligere
1579 2519 259 61 simul
1752 2519 346 61 perfecte
2011 2519 144 61 A
2068 2519 173 61 et
2155 2519 144 61 B
2212 2519 144 61 \
2241 2519 173 61 ergo

1376 2595 458 61 impossibile
1743 2595 214 61 est
1865 2595 244 61 quod
2017 2595 153 61 A
2048 2595 366 61 intelligat

1375 2671 267 60 unica
1553 2671 504 60 intellectione
1968 2671 267 60 simul
2116 2671 296 60 perfecte

1375 2749 168 53 /1
1459 2749 168 53 et
1543 2749 168 53 B,
1627 2749 168 53 si
1710 2749 140 53 A
1766 2749 252 53 habet
1934 2749 224 53 duas
2046 2749 363 53 intellecti¬-

1375 2825 236 60 ones
1523 2825 355 60 realiter
1789 2825 443 60 distinctas;
2144 2825 236 60 ergo
2262 2825 148 60 non

1372 2902 214 60 est
1495 2902 275 60 Deus.
1678 2902 275 60 Major
1861 2902 305 60 patet,
2075 2902 244 60 quia
2197 2902 214 60 alio-

1374 2978 236 60 quin
1522 2978 266 60 actus
1700 2978 473 60 adaequaretur
2084 2978 296 60 alicui
2261 2978 148 60 ob¬-

1365 3054 294 61 jecto
1561 3054 163 61 ,
1626 3054 228 61 quo
1757 3054 424 61 subtracto
2083 3054 228 61 non
2181 3054 228 61 minus

1373 3131 443 60 quietaretur
1728 3131 355 60 potentia
1994 3131 177 60 et
2053 3131 355 60 adaequare¬-

1371 3206 237 58 tur,
1520 3206 178 58 et
1609 3206 208 58 ita
1727 3206 326 58 frustra
1964 3206 267 58 esset
2142 3206 237 58 tale
2261 3206 148 58 ob¬

1335 3288 278 60 jectum.

1643 3416 479 42 COMMENTARIUS.

1428 3512 153 56 (a)
1516 3512 131 56 In
1581 3512 175 56 ista
1690 3512 328 56 quaestione.
1952 3512 153 56 Hic
2040 3512 240 56 recitat
2215 3512 218 56 opini-
2346 3512 87 56 i.

1373 3589 210 56 onem
1504 3589 315 56 Gulielmi
1740 3589 341 56 Varronis,
2003 3589 184 56 qui
2108 3589 263 56 dicit,
2265 3589 158 56 quod
