2653 3979
295 278 232 53 primo
450 278 207 53 modo
579 278 284 53 sumpta,
786 278 155 53 el
863 278 413 53 singularitas
1173 278 155 53 illa

295 353 187 54 est
402 353 214 54 pars
536 353 374 54 conceptus.
830 353 160 54 Si
910 353 214 54 vero
1016 353 321 54 accipiatur

294 430 259 52 tantum
476 430 363 52 Franciscus
761 430 182 52 pro
865 430 285 52 objecto
1047 430 285 52 concepto,

295 508 208 52 tunc
425 508 416 52 singularitas
763 508 234 52 primo
920 508 208 52 modo
1050 508 260 52 sumpta
1206 508 130 52 est

293 582 240 52 modus
453 582 427 52 concipiendi,
800 582 213 52 quia
933 582 187 52 cum
1040 582 213 52 dico
1146 582 187 52 Fran¬-

291 657 267 52 ciscus
478 657 187 52 est
585 657 374 52 singulare,
879 657 267 52 sensus
1067 657 214 52 est,
1174 657 160 52 quod

295 733 311 52 concipio
528 733 363 52 Franciscum
813 733 181 52 sub
917 733 207 52 modo
1020 733 311 52 singulari¬

283 812 151 40 tatis.

283 884 163 53 15.
376 884 163 53 Sic
469 884 187 53 dico
586 884 140 53 in
656 884 303 53 proposito
889 884 140 53 de
959 884 280 53 essentia
1145 884 187 53 divina

283 962 160 52 est
375 962 137 52 si
443 962 320 52 concipitur
695 962 275 52 essentia
901 962 252 52 divina;
1084 962 160 52 vel
1153 962 183 52 potest

284 1014 175 74 vera
393 1014 153 74 sed
481 1014 241 74 ooncipi
656 1014 131 74 ut
722 1014 262 74 objectum
918 1014 306 74 conceptum,
1159 1014 131 74 et
1203 1014 131 74 tunc

282 1097 120 65 “
330 1097 167 65 via
426 1097 287 65 naturali
641 1097 239 65 tantum
808 1097 335 65 concipitur
1071 1097 143 65 in
1119 1097 215 65 univer-

286 1187 280 62 conci^ien-
506 1187 180 62 sajjf
626 1187 180 62 nullo
746 1187 160 62 modo
846 1187 120 62 ut
906 1187 180 62 haec.
1026 1187 120 62 Si
1086 1187 160 62 vero
1166 1187 160 62 conci-

283 1258 388 75 inc=si-pialur
603 1258 366 75 singulari!as
900 1258 206 75 primo
1037 1258 183 75 modo
1128 1258 206 75 sumpta,

286 1338 139 53 est
365 1338 198 53 falsa,
504 1338 159 53 quae
603 1338 297 53 praedicatur
841 1338 317 53 denominative
1099 1338 119 53 de
1139 1338 198 53 essentia

300 1415 271 51 divina,
498 1415 148 51 et
572 1415 148 51 de
646 1415 296 51 qualibet
867 1415 148 51 re
941 1415 345 51 singulari,
1188 1415 148 51 tunc

298 1491 197 52 ipsa
422 1491 395 52 singularitas
742 1491 173 52 est
841 1491 296 52 objectum
1038 1491 296 52 conceptum,

300 1567 148 51 et
374 1567 148 51 ut
448 1567 172 51 sic
546 1567 172 51 est
645 1567 295 51 communis
866 1567 197 51 omni
989 1567 197 51 enti
1088 1567 246 51 singula¬-

297 1643 173 50 ri.
396 1643 148 50 Si
470 1643 197 50 vero
593 1643 370 50 concipiatur
889 1643 148 50 ut
963 1643 197 50 pars
1062 1643 271 50 concepti,

298 1719 208 51 puta
428 1719 390 51 concipiendo
740 1719 286 51 aliquam
948 1719 338 51 essentiam
1182 1719 156 51 pri¬-

299 1795 177 52 mam
400 1795 379 52 singularem,
703 1795 177 52 hoc
804 1795 253 52 potest
981 1795 227 52 esse.
1133 1795 152 52 Si
1183 1795 152 52 vero

298 1872 403 51 conciperem
615 1872 374 51 essentiam
903 1872 403 51 singularem
1191 1872 144 51 sub

300 1947 207 51 modo
430 1947 466 51 singularitatis
818 1947 129 51 ,
870 1947 155 51 id
948 1947 181 51 est
1051 1947 129 51 ,
1103 1947 181 51 sub
1181 1947 155 51 pro¬-

299 2022 218 52 pria
435 2022 464 52 singularitate
817 2022 164 52 et
899 2022 191 52 sub
1008 2022 300 52 propria
1199 2022 136 52 in-

300 2097 588 51 communicabilitate
804 2097 168 51 ad
888 2097 252 51 plura
1056 2097 168 51 in
1112 2097 224 51 quibus

301 2173 354 49 dividatur
573 2173 136 49 ,
627 2173 191 49 hoc
736 2173 191 49 non
845 2173 191 49 est
954 2173 354 49 possibile
1199 2173 136 49 via

305 2248 297 52 naturali,
534 2248 160 52 sed
625 2248 160 52 fit
717 2248 274 52 fallacia
922 2248 137 52 ut
991 2248 229 52 palet,
1151 2248 160 52 nam
1220 2248 114 52 ar¬-

302 2326 246 52 guendo
475 2326 172 52 sic
573 2326 123 52 :
622 2326 345 52 Franciscus
893 2326 246 52 potest
1041 2326 295 52 cognoscere

305 2401 123 53 A
355 2401 344 53 singulare,
625 2401 172 53 ita
723 2401 197 53 quod
846 2401 393 53 singularitas
1141 2401 197 53 ipsius

305 2477 129 51 A
357 2477 180 51 sit
460 2477 309 51 concepta
692 2477 155 51 ut
769 2477 309 51 objectum
1001 2477 180 51 vel
1104 2477 206 51 pars
1207 2477 129 51 ob¬-

292 2553 290 52 jecti;
495 2553 232 52 ergo
640 2553 290 52 potest
844 2553 406 52 cognoscere
1163 2553 145 52 A
1192 2553 145 52 sub

302 2629 202 51 modo
428 2629 455 51 singularitatis
807 2629 177 51 seu
908 2629 177 51 sub
1009 2629 278 51 ratione
1186 2629 152 51 for¬-

304 2706 193 50 mali
424 2706 458 50 singularitatis,
810 2706 169 50 Non
906 2706 313 50 sequitur,
1147 2706 169 50 sed
1220 2706 120 50 fit

301 2781 327 52 fallacia
546 2781 300 52 figurae
764 2781 354 52 dictionis
1009 2781 327 52 commutando

297 2857 209 41 rem
417 2857 180 41 in
477 2857 239 41 modum.

282 2933 123 54 .
331 2933 172 54 is.
429 2933 172 54 (c)
527 2933 147 54 Ad
600 2933 294 54 secundum
821 2933 221 54 dico.
968 2933 196 54 Haec
1066 2933 270 54 responsio

298 3008 198 52 stat
422 3008 148 52 in
496 3008 198 52 hoc,
619 3008 198 52 quod
743 3008 272 52 numerus
941 3008 173 52 non
1040 3008 222 52 dicit
1163 3008 173 52 prae¬-

299 3083 202 53 cise
425 3083 227 53 modum
576 3083 403 53 significandi
878 3083 454 53 grammaticaliter,

299 3160 245 54 quales
471 3160 196 54 alii
594 3160 196 54 modi
717 3160 442 54 grammaticales,
1085 3160 147 54 ut
1134 3160 196 54 mascu¬-

295 3236 233 50 linum
451 3236 156 50 et
528 3236 389 50 foemininum,
839 3236 207 50 etc.
969 3236 207 50 quae
1073 3236 259 50 praecise

297 3312 287 53 dicunt
498 3312 258 53 modum
671 3312 431 53 concipiendi
1015 3312 201 53 rem
1101 3312 230 53 absque

298 3394 271 56 aliquo
488 3394 244 56 reali
651 3394 488 56 correspondenti
1058 3394 217 56 tali
1166 3394 163 56 modo

299 3477 393 54 concipiendi,
619 3477 221 54 patet
766 3477 147 54 in
840 3477 196 54 isto
963 3477 270 54 exemplo
1159 3477 123 54 :
1184 3477 147 54 Deus

297 3557 185 56 est
402 3557 291 56 generis
614 3557 370 56 masculini.
904 3557 238 56 Licet
1063 3557 211 56 enim
1168 3557 159 56 Deus

1384 277 408 51 concipiatur
1710 277 191 51 sub
1819 277 218 51 isto
1955 277 218 51 modo
2091 277 136 51 ,
2146 277 191 51 non
2227 277 191 51 tamen

1381 354 219 54 Deus
1517 354 191 54 est
1627 354 355 54 masculus;
1900 354 191 54 sed
2009 354 301 54 numerus
2200 354 219 54 singu¬-

1380 430 223 50 laris
1529 430 173 50 vel
1628 430 297 50 pluralis
1850 430 173 50 non
1949 430 247 50 tantum
2122 430 223 50 dicit
2246 430 173 50 modum

1383 505 389 55 concipiendi
1694 505 181 55 rem
1798 505 130 55 ,
1850 505 181 55 sed
1953 505 285 55 oportet
2161 505 207 55 quod
2264 505 156 55 ipsa

1378 581 191 52 res
1487 581 327 52 concepta
1732 581 463 52 correspondeat
2113 581 218 52 modo
2222 581 191 52 tali,

1382 655 186 52 nam
1488 655 186 52 cum
1594 655 239 52 dico,
1753 655 292 52 homines
1965 655 318 52 currunt,
2203 655 186 52 est
2283 655 133 52 nu¬-

1382 733 198 54 meri
1506 733 297 54 pluralis
1729 733 124 54 ;
1778 733 173 54 hic
1877 733 272 54 numerus
2075 733 322 54 pluralis,
2297 733 124 54 qui

1379 808 208 52 est
1498 808 267 52 modus
1676 808 445 52 concipiendi
2032 808 208 52 rem
2151 808 208 52 sub
2240 808 178 52 modo

1381 885 430 51 pluralitatis,
1735 885 228 51 habet
1887 885 329 51 conceptum
2140 885 177 51 sic
2241 885 152 51 in
2292 885 127 51 re,

1381 959 204 45 ideo
1508 959 204 45 haec
1635 959 229 45 esset
1788 959 229 45 falsa
1941 959 127 45 :
1992 959 229 45 llomo
2145 959 178 45 est
2221 959 204 45 numeri

1375 1036 349 53 pluralis,
1644 1036 215 53 quia
1778 1036 242 53 modus
1939 1036 322 53 repugnat
2180 1036 188 53 rei
2261 1036 161 53 con¬-

1381 1112 302 50 ceptae;
1600 1112 192 50 sic
1710 1112 192 50 est
1819 1112 165 50 in
1902 1112 384 50 proposito,
2204 1112 192 50 nam
2286 1112 137 50 cum

1384 1185 203 55 dico
1510 1185 177 55 dii
1612 1185 203 55 sunt
1739 1185 254 55 numeri
1916 1185 330 55 pluralis,
2170 1185 203 55 dico
2271 1185 152 55 quod

1376 1262 239 54 ille
1525 1262 268 54 modus
1704 1262 358 54 repugnat
1973 1262 239 54 huic
2092 1262 328 54 concepto,

1384 1338 213 51 quia
1517 1338 399 51 impossibile
1836 1338 186 51 est
1943 1338 213 51 quod
2075 1338 213 51 sint
2208 1338 186 51 duo
2288 1338 133 51 dii

1380 1413 156 51 in
1458 1413 182 51 re,
1562 1413 156 51 et
1640 1413 182 51 sic
1744 1413 286 51 plurale
1951 1413 182 51 hoc
2055 1413 208 51 modo
2159 1413 260 51 includit

1381 1489 318 45 rationem
1620 1489 159 45 in
1700 1489 159 45 se
1779 1489 292 45 falsam.
1992 1489 186 45 Cum
2098 1489 212 45 enim
2230 1489 212 45 dico
2336 1489 80 45 :

1386 1567 212 49 Deus
1518 1567 186 49 est
1624 1567 371 49 singularis
1916 1567 292 49 numeri,
2128 1567 212 49 haec
2234 1567 186 49 ratio

1386 1640 173 52 est
1485 1640 148 52 in
1559 1640 148 52 se
1633 1640 222 52 vera,
1781 1640 197 52 quia
1904 1640 296 52 includit
2126 1640 197 52 rem,
2225 1640 197 52 scili¬-

1384 1717 196 51 cet
1496 1717 224 51 Deum
1636 1717 168 51 et
1720 1717 252 51 modum
1888 1717 224 51 sibi
2001 1717 420 51 convenientem,

1385 1792 196 52 qui
1497 1792 196 52 est
1609 1792 308 52 numerus
1833 1792 420 52 singularis;
2168 1792 196 52 cum
2252 1792 168 52 vero

1387 1868 227 52 dico,
1538 1868 176 52 dii
1639 1868 201 52 sunt
1764 1868 302 52 pluralis
1991 1868 277 52 numeri,
2192 1868 201 52 haec
2293 1868 126 52 ra¬-

1382 1944 186 52 tio
1489 1944 186 52 est
1595 1944 159 52 in
1675 1944 159 52 se
1754 1944 266 52 falsa,
1940 1944 212 52 quia
2073 1944 319 52 includit
2285 1944 133 52 rem

1382 2020 411 52 simpliciter
1710 2020 548 52 incompossibilem,
2176 2020 192 52 est
2258 2020 164 52 enim

1379 2096 492 52 incompossibile
1789 2096 219 52 esse
1926 2096 274 52 plures
2117 2096 246 52 Deos,
2254 2096 164 52 ideo

1380 2173 197 55 non
1492 2173 337 55 sequitur
1745 2173 225 55 quod
1885 2173 169 55 si
1970 2173 365 55 singulare
2222 2173 197 55 primo

1383 2247 197 58 modo
1507 2247 246 58 possit
1679 2247 197 58 vere
1802 2247 345 58 praedicari
2073 2247 148 58 de
2122 2247 296 58 singulari,

1385 2324 212 56 quod
1517 2324 238 56 etiam
1676 2324 291 56 plurale
1888 2324 265 56 possit
2073 2324 212 56 vere
2179 2324 238 56 praedi¬-

1385 2399 224 56 cari
1525 2399 168 56 de
1609 2399 336 56 plurali,
1861 2399 280 56 quando
2056 2399 196 56 res
2140 2399 280 56 pluralis

1389 2477 170 53 est
1486 2477 462 53 incompossibilis
1875 2477 146 53 ut
1948 2477 146 53 in
1997 2477 292 53 proposito.

1435 2552 164 53 Ad
1517 2552 301 53 tertiam
1736 2552 328 53 rationem
1982 2552 356 53 responsio
2228 2552 192 53 satis

1387 2628 239 56 clara
1546 2628 212 56 est.
1678 2628 159 56 Et
1758 2628 186 56 cum
1864 2628 239 56 dicit
2023 2628 159 56 de
2076 2628 345 56 perfectione

1383 2705 424 56 simpliciter,
1728 2705 212 56 etc.
1861 2705 212 56 unum
1994 2705 265 56 tantum
2179 2705 212 56 nota
2285 2705 133 56 pro

1387 2780 206 54 nunc,
1525 2780 183 54 quia
1639 2780 206 54 infra
1777 2780 138 54 in
1846 2780 298 54 praesenti
2075 2780 206 54 disi.
2213 2780 206 54 parte
2327 2780 92 54 2.

1387 2857 265 53 quaest.
1580 2857 144 53 1.
1652 2857 241 53 illius
1820 2857 241 53 partis
1989 2857 144 53 in
2061 2857 361 53 responsione
2326 2857 96 53 ad

1383 2933 229 52 illam
1535 2933 381 52 quaestionem
1840 2933 280 52 diffuse
2018 2933 407 52 pertractabitur

1385 3007 164 53 de
1467 3007 410 53 perfectione
1795 3007 437 53 simpliciter.
2150 3007 191 53 Hic
2232 3007 191 53 tamen

1383 3085 173 56 pro
1482 3085 198 56 ista
1606 3085 273 56 littera
1804 3085 297 56 Doctoris
2028 3085 223 56 nota,
2176 3085 198 56 quod
2275 3085 149 56 pas¬-

1381 3161 260 54 siones
1563 3161 234 54 entis
1719 3161 442 54 convertibiles
2084 3161 182 54 cum
2188 3161 234 54 ipso,
2318 3161 104 54 ut

1381 3237 246 50 unum,
1545 3237 274 50 verum,
1736 3237 274 50 bonum,
1928 3237 219 50 etc.
2064 3237 164 50 et
2119 3237 301 50 similiter

1377 3313 241 56 omnia
1538 3313 508 56 transcendentia,
1966 3313 214 56 quae
2100 3313 268 56 dicunt
2260 3313 134 56 per

1375 3394 393 50 fectionem,
1684 3394 168 50 et
1768 3394 168 50 ex
1852 3394 196 50 sua
1964 3394 309 50 ratione
2161 3394 253 50 formali

1374 3477 280 55 nullam
1570 3477 392 55 necessario
1878 3477 364 55 includunt
2130 3477 280 55 imperfe¬-

1379 3559 288 55 ctionem,
1595 3559 144 55 ut
1667 3559 384 55 intellectus,
1979 3559 312 55 voluntas,
2195 3559 216 55 sapien-
