2653 3979
255 500 251 54 Utrum
422 500 167 54 in
506 500 195 54 Deo
618 500 223 54 sint
757 500 223 54 tres
897 500 363 54 personat,
1148 500 139 54 non

485 574 273 58 plures,
684 574 174 58 nec
758 574 298 58 pauciores?

203 1161 170 59 i.
288 1161 255 59 Juxta
458 1161 199 59 hoc
572 1161 284 59 quaero
770 1161 142 59 :
827 1161 255 59 Utrum
997 1161 227 59 sint
1111 1161 170 59 tan¬-

250 1237 176 57 tum
351 1237 201 57 tres
476 1237 302 57 personce
703 1237 151 57 in
779 1237 302 57 essentia
1005 1237 277 57 divina?
1181 1237 101 57 Et

242 1313 281 59 arguo
429 1313 250 59 quod
554 1313 187 59 non.

205 1388 210 61 Arg.
336 1388 157 61 i.
414 1388 236 61 Primo
572 1388 183 61 sic
676 1388 131 61 :
729 1388 367 61 Relationes
991 1388 288 61 oppositae

239 1464 237 62 sunt
388 1464 356 62 aequalis
655 1464 415 62 dignitatis
981 1464 148 62 ;
1041 1464 237 62 ergo
1159 1464 119 62 si

237 1540 347 60 relatio
489 1540 284 60 primi
678 1540 473 60 producentis
1024 1540 252 60 tantum

233 1616 471 60 constituit
603 1616 269 60 unam
772 1616 437 60 personam,
1074 1616 202 60 cor-

238 1693 444 59 respondebit
594 1693 237 59 sibi
742 1693 237 59 alia
890 1693 326 59 relatio
1097 1693 178 59 tan¬-

229 1769 244 60 tum
368 1769 522 60 constituens
786 1769 418 60 personam
1065 1769 209 60 unam

233 1845 428 58 productam,
570 1845 184 58 et
662 1845 214 58 ita
784 1845 306 58 tantum
999 1845 245 58 erit
1121 1845 153 58 una

235 1921 344 59 persona
453 1921 344 59 producta.

204 1997 274 49 A»g.2.
395 1997 356 49 Praeterea
669 1997 137 49 :
724 1997 274 49 Duabus
888 1997 383 49 relationibus

233 2073 503 59 productorum
635 2073 570 59 correspondent
1070 2073 201 59 duae

237 2147 503 61 producentium,
651 2147 177 61 et
740 2147 266 61 aeque
888 2147 384 61 distinguun¬-

232 2224 197 49 tur
344 2224 225 49 ista
485 2224 309 49 extrema
709 2224 253 49 inter
878 2224 169 49 se
962 2224 253 49 sicut
1103 2224 169 49 illa

231 2300 268 60 inter
410 2300 208 60 se;
529 2300 238 60 ergo
677 2300 178 60 si
766 2300 268 60 istae
945 2300 238 60 duae
1064 2300 208 60 rela¬-

226 2376 306 62 tiones
441 2376 460 62 constituunt
808 2376 245 62 duas
931 2376 337 62 personas,

230 2453 164 57 et
312 2453 246 57 aliae
475 2453 218 57 duae
612 2453 409 57 constituent
939 2453 246 57 alias
1076 2453 191 57 duas,

230 2529 174 62 et
317 2529 203 62 ita
433 2529 260 62 erunt
606 2529 318 62 quatuor
838 2529 347 62 personae
1069 2529 203 62 divi¬

215 2620 141 33 nae.

206 2683 198 48 Arg.
330 2683 148 48 3.
404 2683 322 48 Praeterea
652 2683 124 48 :
701 2683 297 48 Potentia
924 2683 247 48 finita
1072 2683 198 48 durans

230 2756 173 61 in
317 2756 375 61 infinitum
605 2756 289 61 posset
807 2756 289 61 habere
980 2756 289 61 effectus

233 2833 382 61 infinitos,
533 2833 246 61 sicut
697 2833 246 61 patet
861 2833 164 61 de
942 2833 218 61 Sole
1052 2833 218 61 secun¬-

227 2908 215 61 dum
350 2908 245 61 viam
503 2908 429 61 Philosophi
841 2908 184 61 2.
933 2908 184 61 de
994 2908 276 61 Genera¬-

232 2987 281 59 tione;
428 2987 224 59 ergo
569 2987 337 59 potentia
821 2987 337 59 infinita
1046 2987 224 59 potest

227 3060 325 61 habere
454 3060 390 61 infinita
746 3060 390 61 producta
1006 3060 260 61 simul.

228 3137 505 60 Consequentia
638 3137 410 60 probatur,
954 3137 252 60 quia
1080 3137 189 60 quod

231 3212 335 60 potentia
483 3212 279 60 finita
678 3212 252 60 simul
846 3212 279 60 potest
1041 3212 168 60 in
1097 3212 168 60 tot,

229 3286 173 63 in
316 3286 231 63 quot
460 3286 433 63 successive,
807 3286 202 63 hoc
922 3286 202 63 est
1009 3286 260 63 propter

223 3361 424 63 finitatem
550 3361 359 63 propter
811 3361 261 63 quam
974 3361 229 63 pro
1072 3361 196 63 nunc

230 3439 403 60 adaequatur
547 3439 230 60 sibi
691 3439 230 60 iste
835 3439 374 60 effectus;
1094 3439 173 60 ergo

234 3512 376 61 potentia
516 3512 376 61 infinita
798 3512 188 61 in
892 3512 251 61 quot
1017 3512 251 61 potest

234 3587 415 63 successive,
567 3587 166 63 in
650 3587 194 63 tot
760 3587 277 63 potest
927 3587 222 63 simul.

1673 321 310 38 SCHOLIUM.

1383 430 160 51 Pro
1475 430 206 51 parte
1612 430 206 51 falsa
1749 430 206 51 ponit
1885 430 183 51 tres
2000 430 297 51 rationes;
2205 430 160 51 prima

1336 494 258 50 probare
1523 494 258 50 nititur
1710 494 187 50 esse
1827 494 351 50 pauciores-,
2108 494 211 50 aliae
2225 494 141 50 duae

1337 559 183 49 esse
1451 559 251 49 plures.
1634 559 160 49 Sed
1725 559 228 49 tantum
1885 559 183 49 esse
2000 559 206 49 tres,
2137 559 228 49 probat
2274 559 91 49 ex

1339 624 299 50 Scriptura,
1574 624 128 50 de
1638 624 150 50 quo
1723 624 192 50 infr.
1851 624 128 50 q.
1915 624 128 50 7.
1979 624 107 50 §
2022 624 128 50 ad
2086 624 128 50 2.
2150 624 128 50 q.
2214 624 128 50 n.
2257 624 107 50 34.

1339 689 157 47 ubi
1428 689 202 47 etiam
1563 689 224 47 solvit
1720 689 179 47 haec
1832 689 179 47 tria
1922 689 269 47 argumenta.

1395 807 342 59 Oppositum,
1664 807 269 59 videtur
1859 807 245 59 Matth.
2031 807 196 59 ult.
2153 807 220 59 Ratio
2275 807 98 59 ad

1338 873 122 69 In
1399 873 203 69 nomine
1541 873 223 69 Patris,
1703 873 122 69 et
1764 873 203 69 Filii,
1906 873 122 69 et
1967 873 244 69 Spiritus
2129 873 244 69 °PP0Sltum-

1327 959 325 59 sancti;
1563 959 177 59 et
1651 959 295 59 primae
1858 959 325 59 Joannis
2094 959 295 59 quinto
2271 959 89 59 :

1337 1036 210 56 Tres
1468 1036 210 56 sunt
1600 1036 184 56 qui
1705 1036 421 56 testimonium,
2047 1036 210 56 etc.
2178 1036 158 56 et
2231 1036 131 56 Au¬-

1330 1110 353 60 gustinus,
1602 1110 163 60 de
1683 1110 218 60 Fide
1819 1110 163 60 ad
1901 1110 299 60 Petrum,
2091 1110 272 60 capitulo

1327 1185 318 61 secundo,
1566 1185 159 61 et
1646 1185 292 61 ponitur
1858 1185 159 61 in
1911 1185 265 61 littera.

1591 1351 452 53 QILESTIO
1893 1351 188 53 VI.

1333 1488 215 56 Utrum
1477 1488 287 56 essentia
1692 1488 239 56 divina
1859 1488 215 56 stare
2002 1488 239 56 possit
2170 1488 143 56 in
2218 1488 143 56 ali¬-

1652 1563 174 56 quo
1751 1563 297 56 producto
1950 1563 74 56 ?

1380 1693 202 59 Et
1481 1693 269 59 quia
1649 1693 471 59 pluralitas
1985 1693 370 59 divinarum

1319 1769 454 60 personarum
1675 1769 454 60 declaratur
2032 1769 195 60 ex
2097 1769 259 60 produ¬-

1318 1846 325 60 ctione,
1555 1846 237 60 ideo
1703 1846 296 60 quaero
1910 1846 178 60 de
1969 1846 385 60 productione

1319 1922 169 48 in
1403 1922 282 48 natura
1572 1922 254 48 divina.

1376 1998 274 47 Primo
1558 1998 183 47 in
1650 1998 335 47 communi
1894 1998 152 47 :
1955 1998 274 47 Utrum
2107 1998 244 47 essen¬-

1324 2076 164 55 tia
1417 2076 234 55 divina
1581 2076 234 55 possit
1744 2076 210 55 stare
1885 2076 140 55 in
1955 2076 257 55 aliquo,
2142 2076 140 55 et
2188 2076 164 55 ipsum

1317 2149 224 60 esse
1457 2149 392 60 productum.
1765 2149 252 60 Arguo
1934 2149 224 60 quod
2074 2149 224 60 non,
2186 2149 168 60 pri¬-

1316 2225 193 60 mo
1412 2225 257 60 sic:
1573 2225 322 60 Nullum
1798 2225 418 60 productum
2120 2225 225 60 est
2216 2225 129 60 ex

1315 2301 184 60 se
1407 2301 490 60 necessarium,
1805 2301 214 60 sed
1928 2301 367 60 quidquid
2172 2301 184 60 sub¬-

1319 2376 280 54 sistit
1515 2376 168 54 in
1599 2376 336 54 essentia
1851 2376 308 54 divina,
2074 2376 196 54 est
2186 2376 168 54 ex
2242 2376 112 54 se

1314 2455 503 58 necessarium;
1722 2455 283 58 ergo,
1911 2455 252 58 etc.
2037 2455 314 58 Probatio

1316 2530 327 60 majoris
1554 2530 208 60 per
1673 2530 327 60 quinque
1881 2530 208 60 vias.

1371 2606 316 60 Primo,
1593 2606 253 60 quia
1751 2606 284 60 nihil
1940 2606 284 60 simul
2130 2606 221 60 est
2225 2606 126 60 ex

1316 2683 173 59 se
1403 2683 432 59 necessarium
1748 2683 173 59 et
1834 2683 173 59 ab
1920 2683 259 59 alio;
2093 2683 201 59 sed
2179 2683 173 59 quod

1313 2760 213 59 est
1434 2760 396 59 productum
1739 2760 183 59 si
1830 2760 213 59 est
1921 2760 426 59 necessarium,

1312 2836 214 59 est
1435 2836 458 59 necessarium
1801 2836 183 59 ab
1892 2836 275 59 alio;
2075 2836 244 59 ergo
2197 2836 153 59 non

1311 2911 163 61 a
1377 2911 228 61 se.
1507 2911 358 61 Majorem
1767 2911 293 61 hujus
1930 2911 423 61 Prosyllogi-

1314 2987 207 59 smi
1433 2987 296 59 probo,
1640 2987 237 59 quia
1788 2987 178 59 si
1877 2987 207 59 est
1966 2987 385 59 necessarium

1311 3064 184 58 ex
1403 3064 215 58 se,
1526 3064 246 58 ergo
1680 3064 215 58 est
1802 3064 491 58 necessarium,
2171 3064 184 58 cir¬-

1308 3140 472 60 cumscripto
1679 3140 270 60 omni
1848 3140 303 60 alio;
2050 3140 202 60 si
2117 3140 236 60 autem

1309 3215 221 52 est
1436 3215 474 52 necessarium
1815 3215 190 52 ab
1910 3215 284 52 alio,
2099 3215 221 52 non
2194 3215 158 52 est

1311 3289 460 60 necessarium
1679 3289 245 60 illo
1802 3289 490 60 circumscripto.

1368 3365 360 61 Secundo
1630 3365 392 61 probatur
1924 3365 294 61 prima
2087 3365 262 61 major,

1308 3441 278 61 quia
1482 3441 278 61 omne
1656 3441 451 61 productum
1968 3441 382 61 possibile

1310 3516 237 60 fuit
1459 3516 356 60 produci,
1725 3516 356 60 alioquin
1963 3516 385 60 impossibile

1307 3591 381 64 produci
1584 3591 312 64 esset
1792 3591 485 64 productum;
2138 3591 208 64 ergo
