2711 3950
257 271 292 52 videtur
470 271 424 52 impossibile.
815 271 292 52 Secunda
1027 271 239 52 ratio
1159 271 133 52 im-

243 348 281 48 intellectus
468 348 337 48 possibilitatis
748 348 150 48 erat
842 348 131 48 ibi
917 348 94 48 :
954 348 206 48 Secundo
1085 348 206 48 probatur,

240 425 231 49 activa,
408 425 168 49 quia
513 425 316 49 intellectus
766 425 147 49 est
850 425 252 49 potentia
1040 425 231 49 activa,
1187 425 105 49 non

255 501 292 51 fachva,
467 501 212 51 elc.
599 501 159 51 et
679 501 186 51 per
785 501 371 51 consequens
1076 501 186 51 non
1156 501 133 51 po¬-

256 573 207 52 test
385 573 336 52 producere
644 573 336 52 hujusmodi
902 573 336 52 notitiam,
1135 573 155 52 quia

258 648 212 53 tunc
390 648 238 53 esset
548 648 370 53 receptivus
839 648 291 53 ejusdem
1051 648 132 53 ,
1104 648 159 53 et
1157 648 132 53 sic

258 724 221 52 esset
406 724 147 52 in
479 724 294 52 potentia
700 724 343 52 receptiva,
969 724 196 52 quod
1092 724 172 52 est
1165 724 123 52 im¬-

257 799 325 52 possibile,
512 799 186 52 quia
628 799 163 52 hoc
721 799 209 52 esset
837 799 395 52 imperfectionis,

232 874 180 52 io.
335 874 154 52 Ad
412 874 232 52 istas
567 874 206 52 duas
695 874 309 52 rationes
927 874 334 52 respondet
1158 874 129 52 Do-

255 951 238 50 ctor.
413 951 158 50 Ad
492 951 264 50 primam
677 951 185 50 ibi
783 951 132 50 :
835 951 185 50 Cum
941 951 238 50 autem
1073 951 211 50 argui¬-

257 1028 156 49 tur
346 1028 179 49 post
458 1028 134 49 de
525 1028 447 49 impossibilitate.
905 1028 134 49 Et
972 1028 201 49 ratio
1106 1028 179 49 stat
1196 1028 89 49 in

248 1103 202 51 hoc
363 1103 403 51 supponendo
680 1103 259 51 unum,
853 1103 230 51 quod
997 1103 259 51 sicut
1141 1103 144 51 im¬-

250 1178 328 54 possibile
502 1178 177 54 est
603 1178 202 54 idem
730 1178 354 54 principium
1007 1178 227 54 quasi
1134 1178 152 54 pro¬-

249 1253 326 53 ductivum
493 1253 326 53 notitiae
738 1253 326 53 genitae,
982 1253 272 53 habere
1145 1253 136 53 duo

251 1328 232 53 quasi
406 1328 309 53 producta
638 1328 206 53 sibi
767 1328 335 53 adaequata
1024 1328 206 53 sive
1127 1328 155 53 duas

249 1405 301 52 notitias
475 1405 226 52 quasi
625 1405 351 52 productas,
902 1405 301 52 respectu
1102 1405 176 52 ejus¬-

250 1481 176 52 dem
350 1481 276 52 objecti
551 1481 201 52 sibi
677 1481 377 52 simpliciter
953 1481 326 52 adaequatas,

248 1557 176 51 sic
349 1557 176 51 est
449 1557 378 51 impossibile
751 1557 201 51 idem
877 1557 352 51 principium
1129 1557 151 51 vere

244 1631 407 51 productivum
570 1631 272 51 habere
760 1631 190 51 duo
869 1631 217 51 vere
977 1631 299 51 producta,

247 1705 196 51 puta
370 1705 196 51 duas
493 1705 294 51 notitias
713 1705 196 51 vere
836 1705 319 51 productas
1056 1705 221 51 simpli¬-

247 1781 238 51 citer
405 1781 212 51 sibi
537 1781 370 51 adaequatas
828 1781 317 51 respectu
1040 1781 238 51 ejusdem

246 1857 295 54 objecti.
467 1857 172 54 Sed
566 1857 172 54 non
664 1857 172 54 est
762 1857 393 54 impossibile,
1082 1857 196 54 quod
1180 1857 98 54 si

242 1933 245 53 habet
405 1933 218 53 unam
541 1933 245 53 quasi
704 1933 354 53 productam
977 1933 218 53 sibi
1085 1933 191 53 adae¬-

243 2009 308 54 quatam,
467 2009 224 54 quod
607 2009 196 54 non
719 2009 280 54 possit
914 2009 280 54 habere
1082 2009 196 54 aliam

242 2085 206 51 vere
371 2085 335 51 productam
629 2085 206 51 sibi
758 2085 387 51 adaequatam,
1068 2085 155 51 et
1119 2085 155 51 ideo

238 2159 427 52 argumentum
574 2159 214 52 est
696 2159 183 52 ad
788 2159 427 52 oppositum,
1093 2159 183 52 quia

240 2237 266 50 stante
426 2237 239 50 prima
586 2237 239 50 quasi
745 2237 346 50 producta,
1011 2237 239 50 adhuc
1144 2237 133 50 est

243 2313 353 51 principium
520 2313 202 51 vere
646 2313 378 51 productivum
948 2313 302 51 alicujus
1150 2313 126 51 no¬-

246 2387 215 51 titiae
396 2387 172 51 vere
482 2387 257 51 productae.

294 2464 159 51 Ad
373 2464 317 51 secundam
611 2464 317 51 rationem
849 2464 344 51 respondet
1113 2464 185 51 ibi
1193 2464 79 51 :

247 2541 163 49 Cum
340 2541 280 49 arguitur
550 2541 280 49 ulterius
759 2541 140 49 de
829 2541 233 49 activo
992 2541 140 49 et
1039 2541 233 49 factivo.

240 2616 159 50 Et
319 2616 212 50 nota
451 2616 212 50 hanc
584 2616 424 50 responsionem
928 2616 132 50 ,
981 2616 238 50 dicit
1113 2616 159 50 enim

241 2691 264 50 Doctor
425 2691 211 50 quod
557 2691 343 50 potentiae
821 2691 211 50 vere
927 2691 343 50 productivae

241 2765 276 52 accidit
442 2765 201 52 quod
567 2765 276 52 dicatur
768 2765 251 52 activa
943 2765 176 52 vel
1043 2765 201 52 quod
1144 2765 125 52 di¬-

240 2840 216 52 catur
384 2840 287 52 factiva,
599 2840 192 52 quia
719 2840 168 52 hoc
815 2840 168 52 non
911 2840 168 52 est
1007 2840 144 52 ex
1054 2840 216 52 ratione

236 2916 265 50 formali
429 2916 313 50 potentiae
670 2916 386 50 productivae,
983 2916 169 50 sed
1055 2916 217 50 accidit

234 2992 188 51 sibi
352 2992 141 51 ex
423 2992 235 51 aliquo
587 2992 353 51 posteriori,
869 2992 188 51 quia
987 2992 141 51 si
1034 2992 235 51 effectus

232 3069 320 51 productus
479 3069 222 51 natus
627 3069 172 51 sit
725 3069 246 51 tantum
897 3069 246 51 recipi
1070 3069 148 51 in
1119 3069 148 51 ipso

230 3143 389 52 producente,
541 3143 285 52 dicitur
749 3143 311 52 potentia
957 3143 311 52 productiva

235 3218 271 49 activa.
432 3218 148 49 Si
506 3218 197 49 vero
629 3218 295 49 effectus
851 3218 320 49 productus
1072 3218 197 49 tantum

238 3295 179 50 sit
341 3295 231 50 natus
495 3295 256 50 recipi
674 3295 154 50 in
751 3295 282 50 materia
931 3295 333 50 extrinseca,

240 3369 269 51 dicitur
435 3369 293 51 potentia
655 3369 342 51 productiva
924 3369 293 51 factiva.
1119 3369 147 51 Narn

237 3445 324 52 potentia
480 3445 378 52 productiva
778 3445 243 52 habet
940 3445 270 52 tantum
1102 3445 162 52 pro¬-

245 3521 263 54 ductum
429 3521 184 54 pro
534 3521 315 54 termino,
770 3521 158 54 et
849 3521 263 54 tantum
1006 3521 263 54 respicit

1340 266 272 54 illum,
1530 266 218 54 quod
1666 266 218 54 modo
1802 266 353 54 productum
2047 266 326 54 recipiatur

1337 342 163 53 in
1418 342 218 53 ipso
1555 342 381 53 producente
1854 342 191 53 vel
1963 342 163 53 in
2045 342 300 53 materia
2236 342 136 53 ex¬-

1339 416 328 52 trinseca,
1591 416 177 52 hoc
1692 416 177 52 non
1793 416 177 52 est
1894 416 152 52 ex
1970 416 278 52 ratione
2147 416 227 52 formali

1340 493 303 52 producti
1567 493 152 52 ut
1643 493 328 52 producti,
1895 493 177 52 vel
1996 493 379 52 producentis
2274 493 101 52 ut

1339 566 376 53 producentis,
1645 566 165 53 sed
1739 566 141 53 ex
1810 566 259 53 ratione
1998 566 376 53 accidentali.
2280 566 94 53 Et

1338 644 188 50 vide
1455 644 281 50 Doctorem
1666 644 141 50 in
1736 644 258 50 quaesi.
1924 644 164 50 13.
1994 644 375 50 Quodlibetorum,

1336 717 165 49 ubi
1431 717 259 49 diffuse
1619 717 282 49 declarat
1830 717 376 49 differentiam
2112 717 259 49 potentiae

1338 795 252 52 activae
1521 795 137 52 et
1590 795 298 52 factivae.
1819 795 137 52 Si
1887 795 183 52 vero
2002 795 275 52 potentia
2185 795 183 52 produ¬-

1336 872 221 52 ctiva
1484 872 270 52 liabeat
1680 872 319 52 productum
1925 872 147 52 in
1999 872 147 52 se
2048 872 319 52 subsistens,

1341 948 176 51 ita
1441 948 201 51 quod
1567 948 151 51 in
1642 948 226 51 nullo
1793 948 377 51 recipiatur,
2094 948 201 51 tunc
2194 948 176 51 talis

1335 1017 256 73 potentia
1527 1017 214 73 tantum
1676 1017 235 73 dicitur
1847 1017 320 73 productiva,
2103 1017 128 73 et
2146 1017 235 73 Noll*^&e*

1338 1099 133 53 sic
1414 1099 133 53 est
1490 1099 114 53 in
1547 1099 265 53 proposito,
1755 1099 152 53 quia
1850 1099 209 53 memoria
2002 1099 209 53 fecunda
2153 1099 133 53 est
2229 1099 152 53 vere
2305 1099 76 53 in

1337 1176 116 51 in
1395 1176 213 51 divinis
1549 1176 135 51 est
1627 1176 193 51 tantum
1762 1176 271 51 productiva
1975 1176 232 51 notitiae
2130 1176 251 51 subsistens,

1331 1254 289 50 genitae,
1548 1254 193 50 quia
1669 1254 217 50 talis
1813 1254 265 50 notitia
2006 1254 241 50 genita
2175 1254 169 50 non
2247 1254 121 50 est

1330 1329 193 51 nata
1450 1329 241 51 recipi
1619 1329 144 51 in
1691 1329 241 51 aliquo
1860 1329 265 51 tamquam
2052 1329 144 51 in
2100 1329 265 51 subjecto,

1328 1403 162 50 sed
1420 1403 185 50 erit
1536 1403 139 50 in
1605 1403 139 50 se
1675 1403 185 50 vere
1790 1403 347 50 subsistens,
2068 1403 139 50 et
2137 1403 162 50 sic
2206 1403 162 50 patet

1324 1478 203 53 ista
1451 1478 330 53 responsio
1705 1478 203 53 quam
1832 1478 203 53 bene
1959 1478 229 53 nota.
2111 1478 203 53 Stat
2213 1478 152 53 ergo

1322 1556 241 49 ratio
1483 1556 241 49 prima
1644 1556 321 49 Doctoris
1885 1556 161 49 in
1965 1556 268 49 robore
2153 1556 214 49 suo,
2260 1556 107 49 et

1327 1631 289 54 rationes
1544 1631 265 54 positae
1737 1631 241 54 contra
1906 1631 265 54 fuerunt
2099 1631 169 54 pro
2171 1631 193 54 majori

1330 1708 374 52 declaratione
1633 1708 257 52 minoris
1820 1708 234 52 primae
1960 1708 257 52 rationis.

1663 1831 324 37 SGHOLIUM.

1373 1923 241 48 Probat
1541 1923 265 48 secundo
1734 1923 144 48 in
1806 1923 168 48 Deo
1902 1923 192 48 esse
1998 1923 361 48 productionem,

1326 1987 188 50 quia
1444 1987 282 50 objectum
1656 1987 235 50 habens
1821 1987 188 50 esse
1938 1987 306 50 'secundum
2174 1987 188 50 quid
2268 1987 94 50 et

1328 2051 292 49 differens
1552 2051 135 49 ab
1620 2051 315 49 intellectu
1867 2051 292 49 producit;
2092 2051 180 49 ergo
2205 2051 135 49 et
2250 2051 112 49 ob¬-

1319 2115 237 48 jectum
1485 2115 379 48 simpliciter,
1793 2115 142 48 et
1864 2115 284 48 secundum
2077 2115 142 48 se
2124 2115 237 48 praesens

1325 2178 138 48 ac
1394 2178 368 48 indistinctum
1693 2178 138 48 ab
1762 2178 345 48 intellectu,
2039 2178 184 48 quia
2154 2178 184 48 ista
2246 2178 115 48 duo

1326 2243 173 47 sunt
1434 2243 367 47 perfectionis,
1736 2243 129 47 et
1801 2243 173 47 illa
1909 2243 410 47 imperfectionis.
2233 2243 129 47 Ter¬-

1325 2307 172 48 tio,
1433 2307 194 48 sicut
1562 2307 301 48 necessitas
1799 2307 151 48 est
1885 2307 345 48 perfectionis
2165 2307 129 48 in
2208 2307 151 48 ente,

1321 2371 173 51 ita
1420 2371 148 51 et
1494 2371 148 51 in
1568 2371 296 51 quolibet
1790 2371 321 51 dividente
2037 2371 173 51 ens
2136 2371 197 51 quod
2235 2371 123 51 non

1321 2434 297 49 includit
1544 2434 445 49 imperfectionem
1915 2434 124 49 ;
1964 2434 371 49 productivum
2236 2434 124 49 est

1321 2500 222 44 tale;
1470 2500 222 44 ergo.
1618 2500 247 44 Quarto
1791 2500 247 44 natura
1964 2500 296 44 limitata
2161 2500 198 44 fundat

1324 2562 315 51 relationes
1571 2562 292 51 oppositas
1795 2562 247 51 secundi
1975 2562 202 51 modi,
2110 2562 202 51 verbi
2222 2562 135 51 gra¬-

1321 2626 169 54 tia
1417 2626 120 54 ,
1465 2626 289 54 voluntas
1682 2626 289 54 respectu
1899 2626 241 54 motivi
2067 2626 144 54 et
2115 2626 241 54 mobilis;

1322 2690 184 48 ergo
1437 2690 138 48 in
1506 2690 230 48 natura
1668 2690 277 48 infinita
1875 2690 254 48 possunt
2059 2690 184 48 esse
2152 2690 207 48 relati¬-

1320 2753 180 53 ones
1433 2753 338 53 producentis
1703 2753 135 53 et
1771 2753 293 53 prodacti,
1996 2753 180 53 quae
2108 2753 180 53 sunt
2198 2753 158 53 ejus¬-

1317 2817 183 36 dem
1395 2817 183 36 modi.

1373 2916 300 61 Secundo
1591 2916 463 61 principaliter
1972 2916 191 61 (a)
2081 2916 164 61 ad
2163 2916 218 61 con-
2272 2916 109 61 6.

1312 2990 396 64 clusionem
1616 2990 456 64 principalem
1981 2990 274 64 arguo
2163 2990 213 64 sic
2255 2990 91 64 :

1312 3064 389 66 objectum
1604 3064 195 66 ut
1701 3064 227 66 est
1831 3064 195 66 in
1928 3064 357 66 memoria
2155 3064 195 66 pro¬-

1309 3139 284 60 ducit
1499 3139 347 60 seipsum
1751 3139 189 60 ut
1846 3139 221 60 est
1972 3139 189 60 in
2035 3139 315 60 intelli-

1311 3214 346 64 gentia;
1562 3214 220 64 vel
1688 3214 220 64 est
1814 3214 283 64 ratio
1971 3214 377 64 producendi

1311 3291 344 64 seipsum
1561 3291 188 64 ut
1655 3291 219 64 est
1780 3291 188 64 in
1843 3291 501 64 intelligentia.

1310 3367 259 62 Quod
1472 3367 291 62 autem
1666 3367 389 62 objectum
1957 3367 324 62 habeat
2152 3367 194 62 esse

1309 3443 435 60 utrobique
1643 3443 401 60 secundum
1944 3443 267 60 quid
2111 3443 234 60 vel
2211 3443 134 60 ab

1309 3519 207 64 eis
1428 3519 413 64 differens,
1752 3519 207 64 hoc
1871 3519 207 64 est
1959 3519 384 64 imperfecti-
