2711 3950
302 258 267 64 onis,
480 258 237 64 quia
628 258 178 64 si
717 258 326 64 memoria
954 258 267 64 esset
1102 258 237 64 perfe¬-

300 332 210 65 cta
420 332 180 65 et
510 332 511 65 intelligentia
931 332 391 65 perfecta,
1202 332 150 65 ob¬-

290 411 343 62 jectum
530 411 309 62 esset
736 411 515 62 simpliciter
1114 411 240 62 utro-

293 485 298 63 bique
491 485 265 63 idem
657 485 397 63 utrique;
955 485 265 63 ergo
1087 485 265 63 ablata

292 562 282 63 omni
468 562 600 63 imperfectione
927 562 423 63 reservando

300 635 264 69 illud
475 635 234 69 quod
622 635 205 69 est
739 635 469 69 perfectionis
1090 635 264 69 simpli¬-

301 715 317 64 citer,
523 715 381 64 objectum
809 715 254 64 idem
936 715 412 64 simpliciter

304 792 349 63 memoriae
566 792 291 63 gignet
770 792 320 63 aliquid
1003 792 175 63 in
1061 792 291 63 intelli¬-

299 868 349 65 gentia,
553 868 222 65 cui
680 868 222 65 est
807 868 476 65 simpliciter
1157 868 191 65 idem

303 950 254 62 quod
462 950 222 62 est
557 950 413 62 propositum.

362 1027 365 65 Praeterea
643 1027 281 65 tertio
839 1027 197 65 (b)
952 1027 197 65 sic
1064 1027 140 65 :
1120 1027 169 65 In
1176 1027 169 65 qua¬-

300 1102 254 65 libet
469 1102 394 65 conditione
779 1102 282 65 entis,
976 1102 225 65 quae
1117 1102 197 65 non
1201 1102 141 65 est

298 1178 184 64 ex
390 1178 338 64 ratione
636 1178 215 64 sua
759 1178 461 64 imperfecta,
1097 1178 246 64 neces¬-

301 1254 259 66 sitas
474 1254 202 66 est
589 1254 432 66 simpliciter
906 1254 432 66 perfectionis;

299 1329 307 68 igitur
514 1329 184 68 in
606 1329 429 68 productivo
943 1329 153 68 ,
1005 1329 245 68 quia
1127 1329 215 68 illud

299 1405 209 64 non
419 1405 269 64 dicit
598 1405 179 64 ex
687 1405 179 64 se
747 1405 507 64 imperfectionem.

357 1481 358 66 Probatio
626 1481 507 66 antecedentis,
1043 1481 239 66 quia
1162 1481 179 66 sic¬-

299 1558 178 66 ut
388 1558 446 66 necessarium
745 1558 208 66 est
864 1558 356 66 conditio
1101 1558 238 66 perfe¬-

296 1634 328 65 ctionis
535 1634 179 65 in
624 1634 238 65 ente
773 1634 387 65 inquantum
1071 1634 238 65 ens,
1190 1634 149 65 ita

297 1709 268 68 etiam
476 1709 208 68 est
595 1709 476 68 perfectionis
981 1709 178 68 in
1041 1709 297 68 quolibet

294 1786 399 64 dividente
601 1786 246 64 ens,
755 1786 246 64 quod
908 1786 215 64 non
1031 1786 215 64 est
1154 1786 184 64 ex
1215 1786 123 64 se

291 1864 458 63 necessario
651 1864 491 63 imperfectum
1044 1864 262 63 sive
1174 1864 164 63 li¬-

292 1938 359 67 mitatum
554 1938 163 67 ;
619 1938 294 67 sicut
815 1938 261 67 enim
978 1938 326 67 quando
1174 1938 163 67 ens

290 2012 425 67 dividitur
617 2012 229 67 per
748 2012 425 67 opposita,
1042 2012 294 67 alterum

292 2088 489 66 dividentium
684 2088 228 66 est
814 2088 522 66 perfectionis
1206 2088 130 66 in

293 2165 238 65 ente
442 2165 149 65 ,
502 2165 328 65 alterum
740 2165 566 65 imperfectionis,
1187 2165 149 65 ita

294 2239 173 68 in
381 2239 347 68 quolibet
641 2239 231 68 quod
786 2239 202 68 est
872 2239 463 68 imperfectionis

291 2316 429 62 cujuslibet
628 2316 460 62 divisionis,
996 2316 276 62 illud
1149 2316 184 62 mem-

274 2389 303 67 Loquitur
501 2389 202 67 brum
627 2389 177 67 est
728 2389 353 67 possibile.
1006 2389 202 67 Quod
1132 2389 177 67 est
1208 2389 126 67 im-

276 2467 322 64 divisioiNi
529 2467 391 64 perfectionis,
851 2467 253 64 alterum
1035 2467 161 64 est
1104 2467 230 64 necessa-

275 2543 235 71 quanti
440 2543 141 71 de
511 2543 212 71 rium,
652 2543 188 71 quod
769 2543 165 71 est
864 2543 376 71 perfectionis
1169 2543 118 71 ;
1193 2543 141 71 pro-

275 2609 288 78 Quodiib.
491 2609 144 78 3.
563 2609 240 78 ducens
731 2609 216 78 autem
876 2609 312 78 inquantum
1116 2609 192 78 tale
1212 2609 120 78 non

275 2680 336 86 Pioducibi-
539 2680 264 86 j^iudit
731 2680 456 86 imperfectionem,
1116 2680 192 86 ergo
1212 2680 120 86 non

276 2764 353 77 tandicitn°n
558 2764 165 77 est
652 2764 306 77 producens
887 2764 306 77 perfectum
1122 2764 141 77 in
1169 2764 165 77 rati-

277 2841 337 78 impnemcti0‘
546 2841 157 78 0N6
636 2841 360 78 producentis,
928 2841 180 78 nisi
1041 2841 157 78 sit
1108 2841 225 78 necessa-

275 2923 144 79 si
347 2923 288 79 saVhfm8’
563 2923 168 79 ri°
659 2923 312 79 producens
898 2923 120 79 ;
946 2923 312 79 producens
1162 2923 168 79 autem

275 3006 168 65 non
371 3006 432 65 possibi-primum
731 3006 168 65 non
826 3006 240 65 potest
994 3006 192 65 esse
1090 3006 240 65 necessa-

278 3082 185 61 aiias
402 3082 205 61 Filius
545 3082 144 61 rio
627 3082 267 61 producens
833 3082 185 61 aliud
956 3082 103 61 a
997 3082 123 61 se
1058 3082 123 61 et
1120 3082 123 61 ad
1161 3082 164 61 extra,

277 3160 179 63 ctus
388 3160 224 63 -sicut
545 3160 246 63 dicetur
724 3160 291 63 distinet.
948 3160 134 63 8.
1015 3160 246 63 queest.
1171 3160 157 63 ulti-

282 3235 155 60 Dist.
385 3235 155 60 s.’q.
488 3235 120 60 ma;
557 3235 138 60 ergo
643 3235 103 60 ad
677 3235 138 60 intra.

273 3294 308 82 etdltV».
504 3294 333 82 Similiter
760 3294 308 82 arguitur
991 3294 154 82 de
1042 3294 282 82 producti-

276 3373 303 85 hnjus,°et
508 3373 163 85 one
602 3373 303 85 naturali,
834 3373 186 85 quia
951 3373 303 85 productio
1160 3373 163 85 natu-

269 3454 150 86 ^
329 3454 270 86 ralis
509 3454 210 86 est
629 3454 270 86 prima
809 3454 390 86 productio
1109 3454 150 86 ,
1139 3454 180 86 ergo

274 3537 404 68 competit
577 3537 303 68 primo
779 3537 505 68 producenti;
1149 3537 168 68 non

1391 260 302 64 autem
1593 260 403 64 competit
1895 260 302 64 primo
2063 260 369 64 producen¬-

1400 335 155 64 ti
1478 335 155 64 ad
1555 335 258 64 extra,
1736 335 155 64 ut
1814 335 284 64 patebit
2020 335 233 64 alias
2176 335 129 64 ;
2227 335 207 64 ergo
2331 335 103 64 ad

1383 415 177 43 intra.

1455 489 386 63 Praeterea
1752 489 297 63 quarto
1960 489 208 63 sic
2078 489 208 63 (c)
2197 489 148 63 :
2226 489 208 63 Rela¬-

1391 566 326 64 tionis
1619 566 424 64 oppositae
1945 566 195 64 de
2043 566 358 64 secundo
2271 566 163 64 mo¬-

1389 643 209 62 do
1494 643 522 62 relativorum
1911 643 383 62 possunt
2155 643 278 62 compe¬-

1394 719 237 56 tere
1542 719 266 56 eidem
1720 719 325 56 naturae
1957 719 414 56 limitatae,
2252 719 178 56 sic¬-

1394 795 183 64 ut
1485 795 274 64 eidem
1667 795 396 64 voluntati
1972 795 365 64 competit
2215 795 213 64 ratio

1389 872 347 63 motivi
1632 872 208 63 et
1736 872 416 63 mobilis,
2048 872 347 63 quando
2257 872 173 63 vo¬-

1390 948 324 56 luntas
1617 948 292 56 movet
1811 948 227 56 se;
1941 948 227 56 sed
2038 948 389 56 relationes

1388 1024 504 64 producentis
1791 1024 201 64 et
1892 1024 436 64 producti,
2194 1024 235 64 licet

1385 1099 324 66 magis
1601 1099 468 66 repugnent
1961 1099 288 66 quam
2105 1099 324 66 relati¬-

1384 1175 289 56 ones
1564 1175 433 56 moventis
1889 1175 216 56 et
1997 1175 325 56 moti,
2178 1175 253 56 tamen

1389 1251 244 63 sunt
1542 1251 428 63 relationes
1878 1251 336 63 ejusdem
2123 1251 275 63 modi,
2275 1251 153 63 se¬-

1382 1327 347 63 cundum
1625 1327 520 63 Philosophum
2041 1327 208 63 5.
2111 1327 312 63 Metaph.

1383 1403 253 63 cap.
1541 1403 189 63 de
1636 1403 189 63 ad
1731 1403 379 63 aliquid,
2015 1403 221 63 ibi
2141 1403 253 63 enim
2267 1403 158 63 pro

1379 1479 383 64 exemplo
1658 1479 313 64 ponit
1867 1479 557 64 calefactivum
2285 1479 139 64 et

1384 1555 534 63 calefactibile
1823 1555 220 63 pro
1949 1555 345 63 primis;
2169 1555 251 63 Patrem

1379 1633 202 62 et
1480 1633 336 62 Filium
1715 1633 269 62 sive
1883 1633 403 62 genitum,
2186 1633 202 62 et
2253 1633 168 62 eum

1385 1710 213 63 qui
1506 1710 305 63 genuit
1720 1710 213 63 pro
1842 1710 396 63 secundis;
2147 1710 244 63 ergo
2269 1710 152 63 re¬-

1383 1786 378 63 lationes
1666 1786 473 63 producentis
2044 1786 189 63 et
2107 1786 315 63 producti

1381 1862 260 64 sunt
1544 1862 553 64 compossibiles
1999 1862 195 64 in
2097 1862 293 64 eadem
2259 1862 163 64 na¬

1355 1944 195 44 tura.

1440 2015 432 63 Confirmatur
1786 2015 259 63 ratio
1959 2015 231 63 (d),
2103 2015 231 63 quia
2218 2015 202 63 sicut

1376 2092 391 63 voluntas
1670 2092 228 63 est
1800 2092 456 63 quodammodo
2126 2092 293 63 illimi-

1377 2168 260 64 tata
1540 2168 390 64 quatenus
1833 2168 325 64 fundat
2028 2168 390 64 relationes

1377 2245 456 65 oppositas,
1735 2245 195 65 ex
1833 2245 228 65 hoc
1963 2245 391 65 scilicet
2224 2245 195 65 quod

1377 2321 446 60 virtualiter
1734 2321 356 60 continet
2001 2321 267 60 illud
2179 2321 178 60 ad
2239 2321 178 60 quod

1374 2396 469 63 formaliter
1743 2396 402 63 habendum
2045 2396 235 63 est
2179 2396 201 63 in
2246 2396 168 63 po¬-

1374 2473 348 62 tentia,
1627 2473 221 62 ita
1754 2473 284 62 multo
1943 2473 284 62 magis
2101 2473 316 62 essentia

1377 2550 446 65 simpliciter
1734 2550 416 65 illimitata
2061 2550 297 65 potest
2240 2550 178 65 sim¬-

1378 2628 366 64 pliciter
1652 2628 335 64 fundare
1896 2628 427 64 relationes
2201 2628 213 64 oppo¬-

1372 2705 302 64 sitas
1574 2705 369 64 ejusdem
1842 2705 268 64 modi
2010 2705 302 64 licet
2177 2705 235 64 magis

1376 2781 503 64 repugnantes,
1784 2781 314 64 quales
2004 2781 252 64 sunt
2130 2781 283 64 relati¬-

1377 2857 236 64 ones
1525 2857 443 64 producentis
1879 2857 177 64 et
1968 2857 384 64 producti;
2234 2857 177 64 plus

1374 2935 237 51 enim
1522 2935 326 51 excedit
1759 2935 385 51 infinitas
2056 2935 326 51 divinae
2263 2935 148 51 es¬-

1376 3011 335 63 sentiae
1619 3011 548 63 illimitationem
2046 3011 365 63 qualemcum-

1375 3089 213 64 que
1496 3089 487 64 cujuscurpque
1892 3089 335 64 creati,
2136 3089 244 64 quam
2258 3089 152 64 re¬-

1366 3166 468 63 pugnantia
1726 3166 575 63 quarumcumque
2157 3166 252 63 rela¬-

1367 3241 316 58 tionum
1588 3241 347 58 secundi
1841 3241 284 58 modi,
2030 3241 347 58 excedat
2251 3241 158 58 re¬-

1363 3318 488 64 pugnantiam
1746 3318 557 64 quarumcumque
2164 3318 244 64 alia¬-

1365 3393 233 63 rum
1498 3393 366 63 ejusdem
1731 3393 233 63 modi.

1444 3468 495 63 Confirmatur
1840 3468 297 63 etiam
2038 3468 231 63 (e)
2137 3468 264 63 ratio,

1357 3546 288 63 quia
1537 3546 324 63 omnia
1753 3546 432 63 relative
2040 3546 360 63 opposita
