2711 3950
293 287 251 58 sionis
469 287 226 58 illud
620 287 276 58 membrum
821 287 176 58 est
921 287 352 58 possibile,
1172 287 151 58 quod

294 364 176 52 est
394 364 401 52 perfectionis
720 364 176 52 est
821 364 401 52 necessarium.
1121 364 201 52 Produ¬-

288 441 213 53 cens
421 441 239 53 autem
581 441 346 53 inquantum
847 441 213 53 tale
979 441 186 53 non
1059 441 266 53 includit

286 513 468 58 imperfectionem
676 513 130 58 ;
728 513 208 58 ergo
857 513 338 58 producens
1117 513 182 58 non
1195 513 130 58 est

288 588 313 58 perfectum
529 588 145 58 in
601 588 265 58 ratione
794 588 386 58 producentis,
1107 588 193 58 nisi
1204 588 120 58 sit

286 667 383 54 necessario
586 667 383 54 producens.
887 667 355 54 Producens
1133 667 191 54 autem

287 743 266 55 primum
473 743 186 55 non
580 743 266 55 potest
766 743 213 55 esse
899 743 372 55 necessario
1165 743 159 55 pro¬-

295 818 234 58 ducens
459 818 211 58 aliud
599 818 117 58 a
646 818 141 58 se
716 818 141 58 ad
786 818 211 58 extra
927 818 117 58 ;
974 818 187 58 ergo
1091 818 141 58 ad
1138 818 187 58 intra,

295 896 204 54 quod
423 896 179 54 est
500 896 332 54 propositum.

277 971 125 63 u
327 971 150 63 In
402 971 199 63 ista
526 971 274 63 littera
726 971 199 63 sunt
850 971 224 63 multa
1000 971 249 63 dubia.
1150 971 174 63 Primo

281 1040 218 62 Primum
434 1040 131 62 jn
499 1040 175 62 i10C
609 1040 175 62 qUOd
718 1040 218 62 dicit,
871 1040 175 62 quod
980 1040 131 62 in
1023 1040 306 62 dividentibus

293 1125 208 44 ens
412 1125 385 44 immediate
708 1125 415 44 communiter
1035 1125 237 44 unum
1153 1125 178 44 mem¬-

299 1200 192 53 brum
419 1200 168 53 est
515 1200 384 53 perfectionis
827 1200 144 53 et
898 1200 288 53 reliquum
1090 1200 240 53 imperfe¬

281 1278 199 40 ctionis.

347 1352 277 54 Contra,
548 1352 227 54 primo
699 1352 201 54 quia
825 1352 176 54 ens
926 1352 227 54 prima
1077 1352 176 54 sui
1153 1352 176 54 divi¬-

296 1428 227 54 sione
447 1428 327 54 dividitur
699 1428 176 54 per
799 1428 277 54 quantum
1001 1428 151 54 et
1076 1428 176 54 non
1152 1428 176 54 quan¬-

299 1504 201 52 tum,
425 1504 151 52 ut
500 1504 226 52 patet
651 1504 126 52 a
701 1504 276 52 Doctore
902 1504 151 52 in
977 1504 276 52 Quolib.
1178 1504 151 52 q.
1229 1504 101 52 3.

296 1579 159 54 et
376 1579 239 54 tamen
535 1579 186 54 ens
642 1579 186 54 non
748 1579 292 54 quantum
960 1579 266 54 nullam
1120 1579 212 54 imper¬-

298 1653 320 55 fectionem
545 1653 246 55 dicit,
717 1653 148 55 ut
791 1653 222 55 patet
939 1653 148 55 de
988 1653 345 55 relationibus

300 1731 279 53 divinis
502 1731 304 53 secundum
705 1731 203 53 ipsum.

286 1806 171 55 Item
393 1806 214 55 aliud.
543 1806 257 55 Secundo,
735 1806 129 55 si
800 1806 150 55 ens
885 1806 236 55 quantum
1057 1806 129 55 ex
1121 1806 129 55 se
1164 1806 171 55 nullam

301 1881 302 60 includit
527 1881 478 60 imperfectionem,
930 1881 176 60 sed
1030 1881 252 60 tantum
1181 1881 151 60 per¬-

297 1957 346 58 fectionem
563 1957 133 58 ;
617 1957 213 58 ergo
750 1957 346 58 quodlibet
1016 1957 186 58 ens
1096 1957 239 58 quantum

306 2033 187 59 erit
423 2033 374 59 perfectionis
727 2033 374 59 simpliciter,
1031 2033 140 59 et
1101 2033 164 59 sic
1171 2033 164 59 lapis

307 2112 179 51 erit
419 2112 359 51 perfectionis
688 2112 314 51 simpliciter.

285 2184 335 69 Responsio.
548 2184 311 69 Respondeo
787 2184 143 69 ad
859 2184 263 69 primum,
1050 2184 191 69 quod
1146 2184 191 69 Doctor

306 2261 245 58 lanium
478 2261 294 58 loquitur
699 2261 147 58 de
772 2261 392 58 dividentibus
1091 2261 172 58 ens
1164 2261 172 58 quan¬-

308 2342 184 48 tum,
423 2342 138 48 ut
469 2342 184 48 patet.

287 2413 297 62 Responsio
516 2413 183 62 Dico
630 2413 137 62 ad
699 2413 297 62 secundum,
927 2413 183 62 quod
1042 2413 206 62 lapis
1156 2413 183 62 potest

290 2489 213 59 aliud,
439 2489 320 59 considerari
695 2489 320 59 dupliciter.
951 2489 192 59 Primo
1079 2489 128 59 ut
1122 2489 213 59 supposi¬-

309 2565 168 57 tum
405 2565 360 57 substantiae
693 2565 336 57 limitatae,
957 2565 144 57 et
1029 2565 168 57 sic
1101 2565 240 57 repugnat

308 2640 187 58 sibi
424 2640 304 58 perfectio
658 2640 374 58 simpliciter.
961 2640 257 58 Secundo
1148 2640 140 58 ut
1195 2640 140 58 sup¬-

306 2718 277 55 positum
508 2718 227 55 entis
659 2718 277 55 quanti,
861 2718 151 55 et
936 2718 177 55 sic
1037 2718 177 55 non
1113 2718 227 55 reputat

304 2791 197 55 sibi
428 2791 320 55 perfectio
674 2791 394 55 simpliciter,
994 2791 197 55 quia
1117 2791 172 55 nec
1191 2791 148 55 enti

309 2868 257 54 quanto,
495 2868 163 54 hoc
589 2868 210 54 patet
729 2868 117 54 a
776 2868 257 54 Doctore
962 2868 304 54 praesenti
1173 2868 163 54 dist.

308 2943 125 54 p.
371 2943 125 54 2.
433 2943 125 54 q.
496 2943 125 54 1.
559 2943 125 54 et
621 2943 188 54 dist.
747 2943 125 54 8.
809 2943 125 54 et
872 2943 125 54 in
935 2943 230 54 Quolib.
1102 2943 125 54 q.
1143 2943 84 54 5.

291 3018 279 58 Secundum
500 3018 256 58 Secundo
686 3018 303 58 dubitatur
919 3018 209 58 circa
1059 3018 233 58 eamdem
1198 3018 140 58 con-

292 3082 245 68 dubium.
470 3082 290 68 dusionem,
693 3082 178 68 quia
805 3082 335 68 productivum
1072 3082 134 68 et
1117 3082 223 68 produci-

307 3172 207 55 bile
437 3172 311 55 dividunt
670 3172 337 55 immediate
929 3172 181 55 ens
1033 3172 311 55 quantum,
1240 3172 104 55 et

314 3249 221 52 tamen
462 3249 368 52 producibile
756 3249 172 52 non
854 3249 344 52 necessario
1100 3249 245 52 includit

311 3322 491 54 imperfectionem,
724 3322 232 54 patet
879 3322 155 54 de
957 3322 232 54 Filio
1112 3322 207 54 Dei.
1215 3322 129 54 Se-

295 3398 168 47 Item
400 3398 210 47 aliud,
547 3398 189 47 eundo
673 3398 294 47 causativum
904 3398 231 47 univoce
1072 3398 126 47 et
1114 3398 231 47 causabile

310 3480 285 52 univoce
518 3480 311 52 dividunt
751 3480 182 52 ens
855 3480 493 52 transcendenler,
1244 3480 104 52 et

314 3564 232 53 tamen
469 3564 335 53 causabile
727 3564 283 53 univoce
933 3564 180 53 est
1036 3564 258 53 tantae
1190 3564 155 53 per¬

1370 287 345 56 fectionis
1635 287 292 56 quantae
1847 287 398 56 causativum,
2165 287 186 56 cum
2244 287 159 56 sint

1374 368 277 52 ejusdem
1550 368 252 52 naturae.

1428 440 278 60 Respondeo
1642 440 128 60 ad
1706 440 235 60 primum,
1877 440 171 60 quod
1984 440 257 60 produci-
2155 440 257 60 Responsio,

1372 517 202 56 bile
1498 517 151 56 ut
1573 517 378 56 producibile
1876 517 302 56 includit
2077 517 328 56 imperfecti¬-

1373 595 239 54 onem,
1532 595 186 54 cum
1638 595 265 54 semper
1823 595 318 54 includat
2035 595 371 54 possibilita¬-

1375 669 196 55 tem.
1498 669 147 55 Et
1572 669 172 55 cum
1670 669 221 55 dicis
1817 669 147 55 de
1891 669 221 55 Filio
2038 669 196 55 Dei,
2161 669 196 55 dico
2259 669 147 55 quod

1373 745 151 55 ut
1448 745 176 55 est
1549 745 353 55 suppositum
1826 745 403 55 producibilis
2154 745 176 55 non
2230 745 176 55 repu¬-

1373 819 202 56 gnat
1499 819 152 56 ei
1575 819 253 56 aliqua
1752 819 379 56 imperfectio
2055 819 126 56 ;
2105 819 152 56 ut
2181 819 202 56 vero
2282 819 126 56 est

1376 898 344 53 suppositum
1647 898 147 53 in
1720 898 246 53 natura
1892 898 270 53 divina,
2089 898 221 53 ullam
2212 898 196 53 inclu¬-

1376 973 181 55 dit
1479 973 491 55 imperfectionem.
1893 973 284 55 Accidit
2099 973 207 55 enim
2202 973 207 55 produ-

1379 1049 240 54 cibili
1547 1049 144 54 ut
1619 1049 383 54 producibile,
1930 1049 192 54 quod
2050 1049 168 54 sit
2122 1049 287 54 suppositum

1377 1126 152 51 in
1453 1126 253 51 natura
1629 1126 278 51 divina,
1831 1126 227 51 sicut
1983 1126 227 51 etiam
2134 1126 253 51 homini
2286 1126 126 51 in¬-

1379 1201 277 56 quantum
1581 1201 353 56 suppositum
1858 1201 378 56 substantiae
2136 1201 277 56 genericae

1376 1279 181 55 non
1479 1279 310 55 repugnat
1712 1279 206 55 esse
1841 1279 439 55 insensibilem,
2202 1279 155 55 ut
2253 1279 155 55 sup¬-

1379 1354 264 55 positum
1571 1354 216 55 tamen
1715 1354 264 55 naturae
1907 1354 432 55 intellectualis
2243 1354 168 55 repu¬-

1379 1429 211 57 gnat
1511 1429 238 57 sibi.
1669 1429 211 57 Dico
1801 1429 291 57 secundo
2013 1429 211 57 quod
2118 1429 291 57 producti¬-

1380 1506 201 55 vum,
1506 1506 176 55 aut
1606 1506 352 55 comparatur
1883 1506 151 55 ad
1958 1506 377 55 producibile
2235 1506 176 55 alte¬-

1380 1581 202 55 rius
1506 1581 302 55 naturae,
1733 1581 176 55 aut
1833 1581 151 55 ad
1909 1581 378 55 producibile
2186 1581 227 55 ejusdem

1380 1655 285 60 naturae
1587 1655 388 60 singularis.
1898 1655 285 60 Secundo
2105 1655 207 60 modo
2209 1655 207 60 produ¬-

1384 1733 251 59 cibile
1560 1733 176 59 est
1660 1733 276 59 ejusdem
1861 1733 427 59 perfectionis,
2213 1733 176 59 nec
2288 1733 126 59 hoc

1381 1811 211 56 modo
1513 1811 211 56 sunt
1645 1811 291 56 proprie
1856 1811 370 56 dividentia
2147 1811 185 56 ens
2226 1811 185 56 quan¬-

1383 1884 206 51 tum.
1512 1884 232 51 Primo
1667 1884 206 51 modo
1796 1884 361 51 necessario
2079 1884 309 51 includit
2285 1884 129 51 im¬

1357 1969 376 53 perfectionem.

1437 2037 146 56 Ad
1510 2037 218 56 aliud
1655 2037 194 56 dico
1777 2037 194 56 quod
1898 2037 340 56 causabile,
2165 2037 243 56 posito
2311 2037 121 56 15.

1385 2113 207 61 quod
1514 2113 181 61 sit
1618 2113 284 61 ejusdem
1824 2113 284 61 naturae
2031 2113 361 61 specificae
2289 2113 129 61 cum

1385 2189 371 58 causativo,
1676 2189 265 58 semper
1862 2189 318 58 includit
2074 2189 345 58 imperfecti¬-

1385 2266 221 59 onem,
1533 2266 197 59 quia
1656 2266 468 59 possibilitatem,
2050 2266 148 59 et
2099 2266 320 59 potentiali-

1387 2347 261 52 tatem,
1570 2347 157 52 et
1622 2347 392 52 dependentiam.

1439 2418 284 58 Secundo
1645 2418 438 58 principaliter
2006 2418 335 58 dubitatur
2239 2418 180 58 circa

1387 2494 231 54 aliud
1541 2494 256 54 dictum
1720 2494 333 54 Docloris,
1977 2494 333 54 videlicet
2207 2494 205 54 quando

1388 2569 221 59 dicit
1536 2569 221 59 supra
1684 2569 148 59 in
1758 2569 320 59 praedicta
2004 2569 295 59 littera,
2225 2569 197 59 quod
2324 2569 98 59 in

1389 2649 295 55 qualibet
1611 2649 344 55 conditione
1881 2649 221 55 entis
2029 2649 197 55 quae
2152 2649 172 55 non
2250 2649 172 55 est
2324 2649 98 55 ex

1388 2722 258 56 ratione
1575 2722 164 56 sua
1669 2722 352 56 imperfecta,
1951 2722 329 56 necessitas
2209 2722 164 56 est
2279 2722 141 56 sim¬-

1381 2800 290 57 pliciter
1599 2800 411 57 perfectionis.
1937 2800 194 57 Ista
2058 2800 266 57 littera
2227 2800 194 57 potest

1382 2873 289 58 habere
1584 2873 346 58 duplicem
1844 2873 317 58 sensum,
2075 2873 289 58 primum
2248 2873 173 58 quod

1387 2950 238 58 illud
1545 2950 212 58 quod
1678 2950 185 58 non
1784 2950 318 58 includit
1995 2950 424 58 imperfectionem

1390 3026 287 58 aliquam,
1605 3026 167 58 sit
1701 3026 335 58 formaliter
1964 3026 359 58 necessarium
2251 3026 143 58 in
2298 3026 120 58 se.

1387 3102 363 57 Secundum,
1667 3102 224 57 quod
1806 3102 252 57 illud
1974 3102 224 57 quod
2114 3102 279 57 nullam
2281 3102 140 57 im¬-

1390 3177 394 59 perfectionem
1710 3177 295 59 includit
1932 3177 148 59 in
2006 3177 271 59 ratione
2178 3177 246 59 superad¬-

1396 3252 179 58 dita
1508 3252 269 58 enlitati
1709 3252 313 58 perfectae,
1955 3252 201 58 sicut
2089 3252 179 58 esse
2179 3252 246 58 producti¬-

1389 3327 218 57 vum,
1525 3327 408 57 causativum,
1851 3327 218 57 quae
1988 3327 272 57 nullam
2151 3327 272 57 imperfe¬-

1393 3404 283 55 ctionem
1599 3404 360 55 includunt,
1882 3404 180 55 ita
1985 3404 206 55 quod
2088 3404 335 55 productivum

1392 3481 287 54 includit
1607 3481 383 54 necessitatem
1918 3481 359 54 producendi,
2181 3481 144 54 etc.

1443 3558 287 56 Contra
1644 3558 287 56 primum
1845 3558 287 56 sensum
2045 3558 344 56 occurrit
2275 3558 143 56 du-
