2711 3950
257 291 227 51 bium,
408 291 202 51 quia
534 291 277 51 relatio
736 291 151 51 in
811 291 277 51 divinis
1013 291 252 51 nullam
1164 291 126 51 in¬-

258 367 258 51 cludit
439 367 490 51 imperfectionem,
851 367 155 51 et
929 367 232 51 tamen
1084 367 181 51 non
1161 367 129 51 est

256 442 345 50 formaliter
527 442 271 50 necesse
724 442 221 50 esse,
872 442 172 50 sed
970 442 246 50 tantum
1118 442 172 50 iden-

261 519 211 51 tice,
401 519 140 51 ex
471 519 187 51 lioc
588 519 187 51 quod
705 519 398 51 identificatur
1033 519 164 51 cum
1103 519 187 51 essen¬-

262 596 163 52 tia
355 596 257 52 divina,
542 596 140 52 ut
612 596 257 52 patebit
798 596 210 52 infra
938 596 303 52 praesenti
1148 596 140 52 dis¬

241 672 151 40 tinet.

236 745 289 53 Responsio.
464 745 186 53 Dico,
588 745 165 53 quod
691 745 207 53 dictum
835 745 248 53 Doctoris
1021 745 186 53 debet
1125 745 165 53 intel-

254 823 217 52 ligi,
398 823 193 52 quod
519 823 217 52 illud
663 823 289 52 includit
880 823 385 52 perfectionem
1169 823 120 52 non

251 897 382 52 includendo
551 897 382 52 necessario
823 897 464 52 imperfectionem;

253 976 203 41 modo
379 976 279 41 relatio
582 976 253 41 divina
759 976 203 41 etsi
886 976 253 41 nullam
1038 976 253 41 includat

252 1052 456 52 imperfectionem
632 1052 380 52 formaliter,
935 1052 228 52 tamen
1087 1052 177 52 non
1163 1052 127 52 in¬-

257 1127 241 52 cludit
426 1127 265 52 aliquam
619 1127 386 52 perfectionem
908 1127 314 52 formaliter.

235 1203 285 50 Alphonsus
454 1203 219 50 Contra
608 1203 263 50 secundum
805 1203 219 50 sensum
959 1203 219 50 arguit
1091 1203 197 50 Alphon-

256 1279 161 49 sus
348 1279 298 49 Toletanus
577 1279 138 49 in
646 1279 207 49 primo
784 1279 298 49 distinet.
1014 1279 138 49 2.
1082 1279 138 49 et
1128 1279 161 49 dicit

253 1355 206 52 quod
382 1355 206 52 ista
511 1355 284 52 positio
718 1355 181 52 est
821 1355 232 52 nimis
950 1355 335 52 periculosa,

251 1431 212 53 quia
384 1431 212 53 tunc
517 1431 372 53 sequeretur
809 1431 212 53 quod
942 1431 186 53 cum
1048 1431 212 53 Deus
1154 1431 133 53 sit

249 1509 478 52 perfectissimum
648 1509 425 52 productivum,
966 1509 319 52 necessario

250 1585 363 53 produceret
535 1585 363 53 creaturam,
820 1585 207 53 quod
949 1585 181 53 est
1027 1585 259 53 inconve¬

228 1664 187 40 niens.

231 1738 185 51 16.
336 1738 211 51 Dico
468 1738 343 51 breviter,
732 1738 211 51 quod
864 1738 264 51 dictum
1022 1738 264 51 Doctoris

254 1815 216 52 debet
398 1815 192 52 sane
518 1815 336 52 intelligi,
782 1815 144 52 et
854 1815 216 52 verum
998 1815 168 52 est
1094 1815 192 52 quod
1190 1815 96 52 ex

253 1890 176 52 quo
353 1890 201 52 esse
479 1890 377 52 productivum
781 1890 226 52 dicit
907 1890 377 52 perfectionem,

249 1967 188 52 sine
367 1967 400 52 imperfectione
697 1967 236 52 aliqua
862 1967 283 52 includit
1050 1967 236 52 necessi¬-

248 2044 239 52 tatem
408 2044 398 52 producendi,
726 2044 186 52 sed
832 2044 186 52 non
938 2044 318 52 sequitur
1150 2044 133 52 mo¬-

248 2121 191 50 do,
357 2121 327 50 includit
602 2121 436 50 necessitatem
929 2121 354 50 producendi;

249 2197 208 52 ergo
379 2197 311 52 includit
612 2197 311 52 respectu
846 2197 389 52 cujuscumque
1131 2197 156 52 pro-

253 2273 327 51 ducibilis.
510 2273 280 51 Sufficit
720 2273 210 51 enim,
860 2273 187 51 quod
954 2273 327 51 perfectissi¬-

246 2350 191 50 mum
355 2350 410 50 productivum
683 2350 328 50 includat
901 2350 383 50 necessitatem

248 2427 354 52 producendi
526 2427 253 52 saltem
702 2427 303 52 respectu
930 2427 303 52 alicujus
1132 2427 152 52 pro-

249 2503 354 51 ducibilis,
527 2503 227 51 sicut
678 2503 227 51 etiam
830 2503 278 51 dicimus
1032 2503 202 51 quod
1133 2503 152 51 per¬-

246 2579 330 43 fectissima
506 2579 283 43 voluntas
718 2579 141 43 de
788 2579 353 43 necessitate
1047 2579 236 43 includit

242 2660 240 52 actum
402 2660 293 52 amoris,
616 2660 187 52 sed
722 2660 187 52 non
829 2660 240 52 circa
962 2660 320 52 quodeumque

242 2736 329 46 amabile,
488 2736 192 46 sed
598 2736 274 46 tantum
789 2736 246 46 circa
953 2736 274 46 summum
1118 2736 164 46 ama¬-

242 2811 208 50 bile,
380 2811 139 50 ut
450 2811 231 50 probat
611 2811 231 50 Scotus
773 2811 208 50 infra
912 2811 208 50 dist.
1050 2811 162 50 10.
1142 2811 139 50 et
1189 2811 92 50 in

244 2887 292 53 Quolib.
457 2887 292 53 quaest.
670 2887 186 53 16.
776 2887 213 53 Dico
909 2887 319 53 secundo,
1122 2887 159 53 quod

240 2962 401 52 productivum
561 2962 214 52 quod
694 2962 160 52 ex
775 2962 160 52 se
855 2962 267 52 nullam
1015 2962 267 52 includit

240 3038 495 52 imperfectionem,
657 3038 235 52 dicit
814 3038 417 52 necessitatem
1127 3038 156 52 pro¬-

244 3116 328 50 ducendi.
490 3116 191 50 Hoc
599 3116 246 50 verum
763 3116 219 50 est,
900 3116 164 50 ut
955 3116 328 50 comparatur

244 3189 152 52 ad
320 3189 430 52 productionem,
673 3189 202 52 quae
800 3189 253 52 nullam
951 3189 329 52 imperfecti¬-

244 3266 198 51 onem
368 3266 296 51 includit
590 3266 173 51 tam
689 3266 148 51 ex
763 3266 222 51 parte
911 3266 321 51 principii
1134 3266 148 51 pro¬-

242 3343 337 49 ductivi.
494 3343 224 49 quam
635 3343 168 49 ex
719 3343 253 49 parte
887 3343 365 49 producti,
1140 3343 140 49 cum

242 3418 213 53 ergo
376 3418 160 53 in
456 3418 293 53 entibus
669 3418 373 53 reperiatur
962 3418 267 53 summum
1122 3418 160 53 pro¬-

243 3492 337 52 ductivum,
502 3492 207 52 ergo
632 3492 155 52 et
709 3492 233 52 summa
865 3492 337 52 productio
1124 3492 129 52 ;
1150 3492 129 52 sed

241 3569 197 52 non
353 3569 281 52 potest
550 3569 225 52 esse
690 3569 253 52 summa
859 3569 365 52 productio
1112 3569 169 52 nisi

1337 292 380 52 terminetur
1635 292 163 52 ad
1717 292 271 52 summum
1907 292 434 52 producibile,
2232 292 136 52 cum

1339 368 344 52 productio
1603 368 264 52 capiat
1788 368 476 52 denominationem
2185 368 132 52 a
2211 368 159 52 pro¬-

1338 444 252 52 ducto,
1514 444 151 52 et
1589 444 176 52 sic
1690 444 201 52 tale
1816 444 377 52 productivum
2092 444 277 52 -includit

1337 521 394 51 necessitatem
1657 521 369 51 producendi,
1953 521 148 51 et
2026 521 172 51 sic
2125 521 221 51 debet
2248 521 123 51 Do-

1338 597 202 53 ctor
1464 597 353 53 intelligi.
1741 597 151 53 Ut
1817 597 202 53 vero
1943 597 378 53 productivum
2221 597 151 53 com¬-

1337 674 292 51 paratur
1549 674 159 51 ad
1628 674 424 51 productionem
1973 674 371 51 necessario
2238 674 133 51 in¬-

1336 750 345 52 cludentem
1602 750 477 52 imperfectionem
2000 750 159 52 ex
2079 750 239 52 parte
2212 750 159 52 pro¬-

1338 827 257 51 ducti,
1518 827 231 51 patet
1672 827 206 51 quod
1801 827 180 51 non
1904 827 308 51 includit
2109 827 257 51 necessi¬-

1335 903 245 51 tatem
1498 903 408 51 producendi,
1824 903 163 51 et
1906 903 190 51 sic
2015 903 163 51 ut
2069 903 299 51 productio

1338 980 252 50 divina
1514 980 352 50 comparatur
1791 980 151 50 ad
1866 980 352 50 creaturam,
2118 980 252 50 necessa¬-

1336 1055 168 52 rio
1432 1055 288 52 includit
1648 1055 432 52 imperfectionem
2009 1055 144 52 ex
2081 1055 216 52 parte
2201 1055 168 52 crea¬-

1339 1131 240 51 turae,
1507 1131 144 51 et
1579 1131 192 51 ideo
1699 1131 240 51 Doctor
1868 1131 240 51 optime
2036 1131 144 51 se
2108 1131 264 51 limitat
2276 1131 96 51 in

1335 1206 295 52 littera,
1557 1206 246 52 quando
1729 1206 221 52 dicit
1877 1206 197 52 quod
2000 1206 172 52 non
2098 1206 172 52 est
2172 1206 197 52 produ¬-

1334 1282 218 50 cens
1470 1282 355 50 perfectum
1743 1282 164 50 in
1825 1282 300 50 ratione
2015 1282 355 50 producentis

1335 1359 203 50 nisi
1461 1359 177 50 sit
1563 1359 355 50 necessario
1841 1359 355 50 producens,
2094 1359 279 50 producens

1333 1436 234 49 autem
1489 1436 259 49 primum
1670 1436 182 49 non
1774 1436 259 49 potest
1956 1436 208 49 esse
2060 1436 311 49 necessario

1333 1510 321 52 producens
1580 1510 222 52 aliud
1728 1510 123 52 a
1777 1510 148 52 se
1851 1510 123 52 ;
1900 1510 148 52 ex
1974 1510 173 52 hoc
2073 1510 247 52 dicit,
2221 1510 148 52 quia

1333 1587 222 50 talis
1481 1587 321 50 productio
1728 1587 345 50 necessario
1999 1587 345 50 includeret
2246 1587 123 50 im¬-

1332 1664 419 53 perfectionem,
1678 1664 148 53 ut
1752 1664 197 53 vero
1875 1664 345 53 comparatur
2146 1664 148 53 ad
2195 1664 173 53 intra

1332 1741 250 51 nullam
1507 1741 450 51 imperfectionem
1857 1741 275 51 includit.

1390 1803 124 66 Si
1452 1803 248 66 dicatur,
1639 1803 166 66 quod
1742 1803 186 66 prima
1866 1803 186 66 causa
1991 1803 248 66 secundum
2156 1803 228 66 obJectl°*

1332 1894 387 51 Philosophos
1641 1894 361 51 necessario
1925 1894 309 51 producit
2157 1894 232 51 aliud
2286 1894 77 51 a

1334 1969 167 53 se,
1430 1969 143 53 et
1501 1969 215 53 tamen
1645 1969 215 53 talis
1788 1969 311 53 productio
2027 1969 167 53 non
2123 1969 191 53 erit
2219 1969 143 53 per¬-

1331 2045 388 51 fectissima,
1642 2045 181 51 imo
1745 2045 310 51 includit
1952 2045 414 51 imperfectionem

1332 2123 190 50 cum
1441 2123 381 50 terminetur
1740 2123 163 50 ad
1821 2123 353 50 productum
2066 2123 299 50 limitatum

1331 2197 168 51 et
1415 2197 392 51 dependens.
1723 2197 224 51 Dico
1864 2197 336 51 secundum
2088 2197 280 51 Doctorem

1334 2275 202 49 infra
1468 2275 202 49 dist.
1602 2275 134 49 8.
1670 2275 246 49 quaest.
1849 2275 246 49 ultima,
2028 2275 134 49 et
2095 2275 134 49 2.
2162 2275 202 49 dist.
2274 2275 90 49 1.

1334 2350 144 52 q.
1406 2350 144 52 3.
1478 2350 192 52 quod
1598 2350 168 52 est
1693 2350 335 52 implicatio
1933 2350 431 52 contradictionis,

1327 2426 273 53 primam
1518 2426 273 53 causam
1709 2426 382 53 producere,
2009 2426 246 53 aliud
2173 2426 164 53 de
2228 2426 136 53 ne¬-

1335 2503 288 40 cessitate
1534 2503 222 40 naturae.

1386 2572 152 60 (c)
1473 2572 217 60 Quarta
1625 2572 195 60 ratio
1755 2572 325 60 principalis
2015 2572 260 60 Doctoris
2210 2572 152 60 est
2276 2572 108 60 17-

1332 2655 157 50 ibi
1421 2655 112 50 :
1466 2655 291 50 Praeterea
1690 2655 224 50 quarto
1847 2655 157 50 sic
1937 2655 112 50 :
1982 2655 314 50 Relationes
2206 2655 157 50 oppo¬

1319 2732 135 38 sitae.

1382 2805 164 52 Pro
1475 2805 397 52 intelligentia
1802 2805 280 52 littera)
2013 2805 210 52 nota,
2153 2805 187 52 quod
2246 2805 117 52 ea¬-

1330 2880 185 49 dem
1435 2880 264 49 natura
1620 2880 264 49 creata
1806 2880 264 49 potest
1991 2880 291 49 fundare
2202 2880 159 49 in
2255 2880 106 49 se

1328 2958 270 51 aliquas
1525 2958 344 51 relationes
1796 2958 270 51 secundi
1992 2958 221 51 modi,
2140 2958 197 51 quae
2238 2958 123 51 po¬-

1330 3034 234 50 nuntur
1493 3034 140 50 5.
1563 3034 397 50 Metaphysicae,
1891 3034 187 50 cap.
2007 3034 140 50 de
2078 3034 140 50 Ad
2124 3034 234 50 aliquid,

1328 3110 151 52 ut
1403 3110 201 52 sunt
1529 3110 227 52 omnes
1680 3110 352 52 relationes
1957 3110 201 52 quae
2083 3110 176 52 non
2159 3110 201 52 requi¬-

1325 3185 212 42 runt
1458 3185 292 42 naturam
1671 3185 212 42 esse
1803 3185 478 42 communicativam
2202 3185 159 42 in
2255 3185 106 42 se

1328 3261 163 52 et
1409 3261 463 52 communicatam;
1791 3261 218 52 sive
1927 3261 218 52 quae
2063 3261 191 52 non
2145 3261 218 52 requi¬-

1324 3337 231 42 runt
1468 3337 317 42 naturam
1699 3337 231 42 esse
1844 3337 346 42 rationem
2074 3337 289 42 formalem

1326 3413 449 51 communicandi
1691 3413 168 51 se
1775 3413 281 51 alicui
1971 3413 393 51 supposito,
2252 3413 112 51 et

1324 3493 280 53 eamdem
1520 3493 224 53 esse
1660 3493 336 53 terminum
1911 3493 336 53 formalem
2135 3493 224 53 produ¬-

1327 3571 298 54 ctionis
1544 3571 380 54 suppositi,
1842 3571 217 54 quod
1978 3571 217 54 idem
2114 3571 190 54 est
2195 3571 163 54 quod
