2711 3950
199 351 368 62 titatem,
475 351 214 62 non
598 351 214 62 est
720 351 214 62 ibi
812 351 429 62 dependentia,

204 426 306 65 potest
419 426 275 65 tamen
602 426 214 65 ibi
725 426 245 65 esse
847 426 398 65 prseexigen-

200 501 270 64 tia,
369 501 202 64 si
470 501 270 64 unum
639 501 472 64 suppositum
976 501 270 64 habeat

207 579 242 49 illud
368 579 161 49 ab
422 579 242 49 altero.

261 653 185 61 Ad
354 653 339 61 ultimum
600 653 246 61 dico
754 653 246 61 (g),
907 653 246 61 quod
1031 653 215 61 muta¬-

203 729 298 61 tiones
412 729 268 61 aliae
591 729 149 61 a
650 729 477 61 generatione,
1037 729 179 61 ex
1097 729 149 61 ra¬-

202 802 294 64 tione
398 802 229 64 sua
529 802 359 64 formali
790 802 261 64 sunt
921 802 326 64 imperfe¬-

202 879 336 66 ctiores
447 879 489 66 generatione,
845 879 245 66 quia
967 879 275 66 termini

200 956 359 63 inducti
461 956 261 63 sunt
624 956 620 63 imperfectiores,
1114 956 130 63 ex

199 1033 383 50 ratione
478 1033 488 50 terminorum
826 1033 418 50 inductorum

196 1107 614 64 imperfectorum
702 1107 361 64 habent
919 1107 325 64 majores

200 1183 588 64 imperfectiones
690 1183 261 64 quam
854 1183 359 64 termini
1083 1183 163 64 ge¬-

199 1259 448 55 nerationis;
557 1259 269 55 tamen
737 1259 269 55 aliae
886 1259 358 55 mutationes

197 1333 373 62 quantum
468 1333 203 62 ad
570 1333 305 62 illud
773 1333 271 62 quod
908 1333 339 62 praesup-

197 1409 397 62 ponunt,
486 1409 253 62 non
630 1409 469 62 requirunt
955 1409 289 62 tantam

200 1484 570 63 imperfectionem
675 1484 190 63 in
770 1484 380 63 subjecto
1023 1484 222 63 quan¬-

199 1559 215 64 tam
322 1559 369 64 requirit
599 1559 430 64 generatio,
937 1559 184 64 et
1029 1559 215 64 hoc
1121 1559 123 64 ut

198 1637 229 60 est
329 1637 393 60 mutatio,
624 1637 262 60 quia
788 1637 426 60 generatio
1082 1637 164 60 re¬-

199 1711 327 63 quirit
428 1711 196 63 in
526 1711 393 63 subjecto
821 1711 425 63 entitatem
1115 1711 131 63 in

200 1787 412 63 potentia,
517 1787 190 63 et
612 1787 222 63 hoc
739 1787 190 63 ad
834 1787 254 63 esse
961 1787 285 63 simpli¬-

204 1865 298 56 citer;
413 1865 268 56 aliae
591 1865 417 56 mutationes
889 1865 179 56 non.

258 1940 191 64 Ad
354 1940 445 64 propositum
703 1940 477 64 applicando,
1053 1940 191 64 dico

204 2017 245 64 quod
357 2017 398 64 generatio
663 2017 214 64 non
786 2017 459 64 transfertur
1123 2017 122 64 ad

203 2093 316 60 divina
424 2093 379 60 secundum
708 2093 284 60 illud
898 2093 253 60 quod
1024 2093 221 60 prae-

203 2169 390 64 supponit
496 2169 455 64 generatio,
854 2169 260 64 puta
984 2169 260 64 subje¬-

202 2245 260 62 ctum
365 2245 391 62 mutabile
658 2245 260 62 quod
821 2245 228 62 est
919 2245 325 62 imperfe¬-

201 2322 380 62 ctionis;
486 2322 253 62 quia
644 2322 190 62 ut
739 2322 221 62 est
866 2322 348 62 mutatio
1087 2322 158 62 non

202 2396 209 57 est
321 2396 179 57 in
411 2396 358 57 divinis,
679 2396 209 57 sed
798 2396 447 57 transfertur
1126 2396 119 57 ad

198 2472 337 63 divina
434 2472 438 63 inquantum
771 2472 438 63 generatio
1075 2472 169 63 est

197 2548 453 63 productio
546 2548 244 63 sub
685 2548 383 63 ratione
964 2548 244 63 qua
1069 2548 174 63 est

199 2623 410 66 productio
515 2623 379 66 termini,
799 2623 253 66 quia
925 2623 316 66 terminus

201 2701 238 66 ejus
350 2701 209 66 est
469 2701 417 66 perfectior
797 2701 358 66 terminis
1035 2701 209 66 alia¬-

196 2776 262 55 rum
345 2776 561 55 mutationum;
794 2776 224 55 et
906 2776 262 55 sic
1019 2776 224 55 bene

200 2851 337 66 potest
436 2851 236 66 per
571 2851 539 66 generationem
975 2851 269 66 accipi

203 2926 379 63 essentia
488 2926 347 63 tanquam
740 2926 379 63 terminus
993 2926 253 63 perfe¬-

201 3001 424 59 ctissimus
528 3001 196 59 in
625 3001 391 59 divinis,
919 3001 294 59 licet
1082 3001 163 59 non

198 3078 360 65 possit
450 3078 252 65 per
594 3078 396 65 aliquam
882 3078 324 65 aliam
1062 3078 180 65 mu¬-

202 3155 357 62 tationem
470 3155 297 62 accipi
678 3155 327 62 aliquis
916 3155 268 62 alius
1065 3155 178 62 ter¬-

199 3229 304 60 minus
402 3229 371 60 aliarum
672 3229 507 60 mutationum,
1043 3229 203 60 quia

199 3304 222 63 hoc
326 3304 475 63 concluderet
706 3304 539 63 compositionem
1118 3304 127 63 et

203 3380 584 64 imperfectionem,
695 3380 246 64 quia
849 3380 369 64 terminus
1094 3380 154 64 cu-

201 3455 358 66 juslibet
470 3455 358 66 alterius
739 3455 418 66 mutationis
1037 3455 209 66 esset

205 3530 390 63 accidens
498 3530 488 63 componibile
888 3530 228 63 cum
986 3530 260 63 subje¬

190 3614 153 45 cto.

1552 353 481 43 COMMENTARIUS.

1349 507 167 55 (a)
1444 507 262 55 Tenenio
1635 507 238 55 igitur
1801 507 262 55 quatuor
1992 507 286 55 rationes
2182 507 143 55 pri¬-

1292 582 217 54 mas,
1428 582 217 54 etc.
1563 582 217 54 Nunc
1699 582 353 54 respondet
1971 582 163 54 ad
2025 582 299 54 argumenta

1294 659 411 53 principalia.
1628 659 180 53 Pro
1731 659 385 53 responsione
2039 659 231 53 primi
2168 659 154 53 nola

1295 734 211 52 quod
1426 734 395 52 necessarium
1742 734 158 52 in
1822 734 158 52 se
1901 734 263 52 potest
2085 734 211 52 capi
2190 734 132 52 du¬-

1296 808 297 57 pliciter.
1525 808 206 57 Primo
1662 808 365 57 quidditative
1959 808 137 57 et
2004 808 320 57 originative,

1292 883 152 55 id
1368 883 202 55 est,
1494 883 202 55 quod
1620 883 202 55 tale
1747 883 379 55 necessarium
2050 883 202 55 es',
2176 883 152 55 in
2227 883 101 55 se

1294 958 337 56 furmaliler
1559 958 145 56 et
1631 958 386 56 quidditative
1944 958 386 56 necessarium,
2234 958 96 56 et

1295 1037 216 43 etiam
1439 1037 216 43 talis
1583 1037 264 43 enlitas
1775 1037 168 43 sic
1872 1037 336 43 necessaria
2136 1037 120 43 a
2160 1037 168 43 nullo

1293 1112 363 54 originatur
1578 1112 181 54 nec
1682 1112 388 54 producitur;
1992 1112 155 54 et
2070 1112 207 54 isto
2174 1112 155 54 modo

1295 1189 217 55 solus
1439 1189 193 55 Deus
1560 1189 265 55 dicitur
1753 1189 386 55 necessarius,
2066 1189 193 55 quia
2162 1189 169 55 talis

1296 1268 270 52 entilas
1493 1268 344 52 necessaria
1763 1268 172 52 est
1861 1268 368 52 simpliciter
2131 1268 196 52 incau-

1296 1342 288 53 sabilis,
1512 1342 144 53 ut
1584 1342 216 53 supra
1728 1342 240 53 patuit
1895 1342 264 53 quaest.
2087 1342 144 53 1.
2135 1342 192 53 hujus,

1293 1417 238 53 dist.
1451 1417 159 53 et
1531 1417 185 53 hoc
1637 1417 212 53 modo
1769 1417 238 53 omnis
1928 1417 291 53 persona
2113 1417 212 53 divina

1295 1494 168 54 est
1391 1494 168 54 sic
1487 1494 336 54 necessaria
1751 1494 384 54 originative,
2038 1494 288 54 accipiendo

1291 1569 364 55 originari
1571 1569 196 55 pro
1683 1569 336 55 causari,
1936 1569 196 55 non
2048 1569 252 55 autem
2188 1569 140 55 pro

1285 1647 321 52 produci,
1526 1647 214 52 quia
1660 1647 241 52 omnes
1820 1647 321 52 personse
2061 1647 214 52 sunt
2168 1647 160 52 sim¬-

1291 1721 312 55 pliciter
1525 1721 442 55 incausabiles,
1890 1721 260 55 patet,
2072 1721 208 55 quia
2176 1721 156 55 sunt

1293 1795 292 55 ejusdem
1506 1795 292 55 naturae
1718 1795 212 55 quae
1851 1795 186 55 est
1957 1795 265 55 omnino
2116 1795 212 55 incau-

1294 1872 296 54 sabilis.
1516 1872 247 54 Filius
1689 1872 222 54 tamen
1837 1872 148 54 et
1911 1872 296 54 Spiritus
2108 1872 222 54 sanctus

1292 1952 207 50 sunt
1422 1952 311 50 personae
1655 1952 363 50 productae,
1940 1952 181 50 non
2044 1952 233 50 tamen
2173 1952 156 50 cau¬-

1293 2027 246 53 satae,
1465 2027 147 53 et
1539 2027 172 53 sic
1637 2027 344 53 sustinendo
1907 2027 319 53 opinionem
2129 2027 196 53 Philo¬-

1292 2102 355 53 sophorum,
1564 2102 218 53 quod
1701 2102 273 53 coelum
1892 2102 164 53 et
1973 2102 245 53 aliae
2110 2102 218 53 Intel-

1292 2177 364 53 ligenliae
1572 2177 224 53 sunt
1712 2177 308 53 necesse
1936 2177 224 53 esse
2076 2177 168 53 et
2132 2177 196 53 tamen

1295 2255 320 53 causatae,
1541 2255 295 53 haberent
1763 2255 246 53 dicere
1935 2255 197 53 quod
2058 2255 221 53 talia
2181 2255 148 53 for-

1293 2332 265 52 maliter
1485 2332 144 52 et
1557 2332 385 52 quidditative
1870 2332 289 52 dicerent
2062 2332 265 52 entitatem

1289 2408 437 49 necessariam,
1644 2408 164 49 et
1726 2408 191 49 hoc
1835 2408 219 49 modo
1972 2408 273 49 essent
2163 2408 164 49 ex
2218 2408 109 49 se

1291 2484 271 47 necesse
1489 2484 197 47 esse
1612 2484 123 47 ;
1661 2484 173 47 non
1760 2484 222 47 tamen
1908 2484 345 47 dicerentur
2179 2484 148 47 ex
2228 2484 99 47 se

1291 2561 259 49 necesse
1480 2561 329 49 causative,
1738 2561 165 49 cum
1832 2561 212 49 talia
1973 2561 188 49 sint
2091 2561 188 49 vere
2185 2561 141 49 cau¬-

1291 2637 212 52 sata,
1433 2637 141 52 et
1503 2637 165 52 sic
1597 2637 212 52 sicut
1739 2637 118 52 a
1786 2637 212 52 primo
1927 2637 306 52 effectivo
2139 2637 188 52 habent

1292 2712 319 48 effective
1538 2712 343 48 entitatem,
1807 2712 172 48 ita
1905 2712 147 48 et
1954 2712 368 48 necessitatem.

1291 2787 159 52 In
1371 2787 346 52 proposito
1637 2787 159 52 de
1717 2787 239 52 Filio
1876 2787 186 52 Dei
1982 2787 239 52 dicit
2115 2787 213 52 Doctor

1292 2861 207 53 quod
1421 2861 181 53 est
1525 2861 361 53 formaliter
1809 2861 155 53 ex
1886 2861 155 53 se
1964 2861 284 53 necesse
2144 2861 181 53 esse,

1292 2937 141 53 id
1363 2937 188 53 est,
1481 2937 188 53 quod
1599 2937 236 53 Filius
1764 2937 165 53 Dei
1858 2937 330 53 formaliter
2093 2937 236 53 includit

1291 3014 355 50 entitatem
1564 3014 219 50 vere
1701 3014 437 50 necessariam,
2056 3014 191 50 non
2138 3014 191 50 tamen

1294 3091 176 53 est
1395 3091 151 53 ex
1470 3091 151 53 se
1546 3091 277 53 necesse
1747 3091 202 53 esse
1873 3091 403 53 originative,
2176 3091 151 53 quia

1292 3167 239 52 talem
1451 3167 345 52 entitatem
1716 3167 186 52 non
1822 3167 239 52 habet
1981 3167 133 52 a
2007 3167 318 52 semetipso,

1292 3242 177 54 sed
1393 3242 227 54 habet
1544 3242 126 54 a
1595 3242 227 54 Patre
1746 3242 227 54 ipsum
1898 3242 379 54 producente,
2176 3242 152 54 lloc

1294 3318 191 53 idem
1413 3318 191 53 dico
1532 3318 143 53 de
1604 3318 262 53 Spiritu
1771 3318 214 53 sancto.

1343 3395 169 53 Et
1427 3395 253 53 addit
1596 3395 253 53 unum,
1765 3395 225 53 quod
1906 3395 281 53 Filius
2103 3395 197 53 Dei
2187 3395 141 53 est

1289 3469 259 55 magis
1462 3469 317 55 necesse
1692 3469 230 55 esse
1836 3469 230 55 quam
1980 3469 288 55 aliqua
2153 3469 173 55 alia

1293 3544 409 56 Intelligentia
1630 3544 289 56 causata,
1846 3544 192 56 quia
1966 3544 216 56 ultra
2111 3544 168 56 hoc
2183 3544 144 56 quod

1293 3621 168 53 sit
1389 3621 337 53 necessario
1654 3621 337 53 productus,
1918 3621 216 53 etiam
2038 3621 289 53 formaliter
