2711 3950
340 350 329 56 includit
586 350 274 56 eamdem
778 350 301 56 naturam
997 350 219 56 quam
1134 350 164 56 et
1189 350 192 56 Pater

342 425 124 60 a
392 425 173 60 quo
491 425 371 60 producitur.
788 425 421 60 Inielligentia
1134 425 198 60 vero
1233 425 149 60 etsi

339 501 173 55 sit
438 501 346 55 necessario
710 501 272 55 causata
908 501 124 55 a
957 501 222 55 primo
1081 501 296 55 effectivo,

337 574 228 55 tamen
489 574 228 55 dicit
641 574 228 55 aliam
793 574 279 55 naturam
996 574 254 55 specie
1149 574 228 55 distin¬-

338 647 198 57 ctam
462 647 124 57 a
512 647 248 57 natura
685 647 223 57 primi
834 647 347 57 effectivi.
1106 647 173 57 Sed
1206 647 149 57 an
1255 647 124 57 sit

337 722 329 59 possibile
590 722 279 59 aliquid
793 722 203 59 esse
919 722 380 59 necessarium
1223 722 152 59 et
1274 722 101 59 ab

339 799 184 56 alio
454 799 300 56 causatum,
685 799 207 56 habet
823 799 230 56 videri
984 799 207 56 infra
1123 799 138 56 in
1192 799 184 56 isto
1284 799 92 56 1.

339 875 195 57 dist.
469 875 130 57 8.
534 875 130 57 q.
599 875 217 57 ultim.
751 875 130 57 et
816 875 130 57 in
881 875 130 57 2.
946 875 130 57 d.
1011 875 130 57 1.
1076 875 238 57 quaesi.
1249 875 130 57 3.
1292 875 87 57 et

337 948 164 60 in
419 948 247 60 quol.
583 948 164 60 q.
665 948 164 60 7.
748 948 192 60 ubi
857 948 274 60 Doclor
1049 948 274 60 probat
1214 948 164 60 quod

345 1026 164 57 est
438 1026 329 57 implicatio
697 1026 446 57 contradictionis
1072 1026 258 57 aliquid
1236 1026 141 57 esse

341 1098 285 52 necesse
548 1098 207 52 esse
678 1098 156 52 et
756 1098 207 52 esse
885 1098 337 52 causatum.
1145 1098 181 52 Sed
1222 1098 156 52 dif¬-

342 1177 289 58 ficultas
559 1177 193 58 est,
679 1177 144 58 ex
751 1177 169 58 quo
847 1177 241 58 Filius
1016 1177 169 58 est
1112 1177 144 58 ex
1184 1177 144 58 se
1233 1177 144 58 for-

340 1254 279 56 maliter
542 1254 279 56 necesse
745 1254 228 56 esse,
897 1254 203 56 ergo
999 1254 380 56 constituentia

338 1329 261 46 Filium
520 1329 208 46 sunt
651 1329 313 46 rationes
885 1329 365 46 necessario
1146 1329 234 46 essendi

339 1407 266 55 Filium,
532 1407 145 55 et
605 1407 169 55 sic
702 1407 266 55 videtur
895 1407 194 55 quod
1016 1407 314 55 Filiatio,
1234 1407 145 55 quae

338 1483 173 52 est
437 1483 248 52 ultima
611 1483 223 52 ratio
759 1483 396 52 constituendi
1081 1483 272 52 Filium,
1254 1483 124 52 sit

335 1559 168 54 ex
419 1559 168 54 se
503 1559 449 54 necessarium,
868 1559 224 54 quod
1008 1559 196 54 non
1092 1559 281 54 videtur.

340 1634 253 55 Solutio
524 1634 207 55 hujus
662 1634 391 55 difficultatis
984 1634 322 55 differatur
1214 1634 161 55 usque

336 1709 160 57 ad
416 1709 373 57 solutionem
710 1709 267 57 ultimi
896 1709 347 57 argumenti
1136 1709 240 57 princi¬-

334 1786 247 55 palis
498 1786 165 55 ad
580 1786 274 55 primam
772 1786 411 55 quaestionem
1102 1786 247 55 hujus
1239 1786 137 55 se¬-

341 1865 236 51 cundae
483 1865 212 51 partis.

390 1937 186 57 (b)
497 1937 160 57 Ad
577 1937 319 57 secundam
816 1937 399 57 probationem
1108 1937 266 57 majoris.

343 2013 192 55 Nota
463 2013 144 55 in
535 2013 192 55 ista
655 2013 384 55 responsione,
967 2013 240 55 duplex
1135 2013 192 55 esse
1231 2013 144 55 pos-

314 2074 118 71 1
362 2074 260 71 sibile,
550 2074 283 71 scilicet
763 2074 307 71 possibile
999 2074 260 71 Logicum
1187 2074 142 71 et
1234 2074 142 71 pos¬-

339 2164 247 45 sibile
512 2164 247 45 reale.
686 2164 247 45 Primum
859 2164 223 45 nihil
1007 2164 223 45 aliud
1155 2164 173 45 est
1230 2164 148 45 nisi

334 2242 187 54 non
441 2242 401 54 repugnantia
762 2242 401 54 terminorum,
1083 2242 160 54 et
1163 2242 187 54 sic
1243 2242 134 54 di¬-

335 2319 254 53 cimus
504 2319 225 53 Deum
645 2319 225 53 esse
786 2319 254 53 Deum,
955 2319 197 53 est
1039 2319 338 53 possibile,

334 2393 295 54 quamvis
549 2393 188 54 sit
656 2393 241 54 summe
816 2393 295 54 necesse
1031 2393 241 54 esse.
1165 2393 214 54 Secun¬-

335 2469 214 55 dum,
469 2469 321 55 scilicet
710 2469 267 55 reale,
897 2469 241 55 dicit
1057 2469 267 55 Doctor
1218 2469 160 55 quod

328 2545 349 55 possibile
597 2545 242 55 reale
758 2545 215 55 est,
892 2545 215 55 quod
1026 2545 349 55 accipitur
1268 2545 107 55 ab

336 2620 255 55 aliqua
514 2620 305 55 potentia
743 2620 153 55 in
819 2620 204 55 [re,
946 2620 229 55 sicut
1099 2620 127 55 a
1125 2620 255 55 potentia

337 2695 347 53 inhaerente
610 2695 273 53 alicui,
808 2695 174 53 vel
908 2695 322 53 terminata
1156 2695 149 53 ad
1205 2695 174 53 illud

336 2772 235 53 sicut
492 2772 156 53 ad
571 2772 339 53 terminum.
831 2772 156 53 Et
910 2772 287 53 dicitur
1092 2772 287 53 possibile

337 2847 212 54 reale
479 2847 236 54 accipi
644 2847 118 54 a
691 2847 283 54 potentia
904 2847 354 54 inhaerente,
1187 2847 142 54 id
1234 2847 142 54 est,

336 2924 124 54 a
386 2924 297 54 potentia
609 2924 248 54 activa
782 2924 322 54 transmuta
1030 2924 223 54 tiva,
1179 2924 173 54 qua
1253 2924 124 54 me¬-

336 2996 247 55 diante
509 2996 272 55 dicitur
707 2996 272 55 aliquis
905 2996 223 55 posse
1029 2996 346 55 .transmutare

333 3072 235 44 aliud
490 3072 444 44 essentialiter
855 3072 131 44 a
908 3072 157 44 se
986 3072 392 44 distinctum.
1273 3072 105 44 Et

332 3147 339 55 aliquando
593 3147 339 55 possibile
853 3147 235 55 reale
1010 3147 287 55 dicitur
1192 3147 183 55 posse

333 3222 347 47 transmutari
611 3222 139 47 ab
680 3222 185 47 alio
796 3222 393 47 essentialiter
1096 3222 278 47 distincto.

327 3298 331 58 Loquendo
576 3298 165 58 de
658 3298 469 58 possibilitate
1044 3298 248 58 reali
1182 3298 193 58 primo

329 3374 230 56 modo,
482 3374 255 56 Filius
660 3374 179 56 non
762 3374 281 56 dicitur
966 3374 383 56 possibilis,
1247 3374 128 56 cum

328 3451 167 56 non
424 3451 167 56 sit
519 3451 286 56 potentia
733 3451 238 56 activa
900 3451 310 56 transmuta
1139 3451 215 56 tiva.
1258 3451 119 56 Nec

328 3526 274 58 secundo
527 3526 199 58 modo
652 3526 274 58 dicitur
851 3526 373 58 possibilis,
1149 3526 199 58 quia
1249 3526 124 58 non

328 3603 274 56 recipit
528 3603 200 56 suum
652 3603 200 56 esse
777 3603 150 56 ab
852 3603 250 56 aliquo
1002 3603 374 56 essentialiter

1431 331 342 62 distincto,
1700 331 171 62 sed
1797 331 245 62 tantum
1969 331 416 62 personaliter,
2287 331 171 62 vide¬-

1426 412 227 59 licet
1577 412 126 59 a
1628 412 227 59 Patre
1780 412 177 59 qui
1881 412 379 59 simpliciter
2184 412 227 59 habet
2310 412 152 59 eam¬-

1429 487 181 54 dem
1533 487 336 54 essentiam
1791 487 181 54 cum
1895 487 259 54 Filio,
2076 487 233 54 licet
2205 487 259 54 realiter

1426 561 193 63 sive
1547 561 387 63 personaliter
1861 561 387 63 distinguatur
2175 561 121 63 a
2223 561 242 63 Patre.
2368 561 97 63 Et

1426 636 304 61 concedit
1654 636 253 61 Doctor
1831 636 203 61 quod
1958 636 253 61 Filius
2135 636 177 61 est
2211 636 253 61 terminus

1424 712 426 62 productionis
1771 712 213 62 sive
1904 712 453 62 generationis,
2277 712 160 62 et
2330 712 133 62 hoc

1425 794 190 57 modo
1544 794 238 57 potest
1711 794 190 57 dici
1806 794 309 57 possibilis.

1481 864 160 56 Sed
1572 864 137 56 in
1641 864 160 56 hoc
1732 864 251 56 videtur
1914 864 182 56 quod
2028 864 228 56 Doctor
2188 864 182 56 sibi
2279 864 205 56 Quomodo

1431 943 351 57 contradicat,
1716 943 175 57 quia
1826 943 175 57 tunc
1936 943 241 57 videtur
2111 943 175 57 quod
2221 943 154 57 non
2309 943 154 57 Dei
2374 943 110 57 sit

1431 1004 147 78 sit
1515 1004 126 78 ex
1578 1004 126 78 se
1642 1004 295 78 formaliter
1873 1004 232 78 necesse
2042 1004 190 78 esse.
2168 1004 168 78 Quia
2252 1004 232 78 Apparens!

1429 1078 117 76 in
1488 1078 176 76 cujus
1605 1078 234 76 conceptu
1781 1078 312 76 quidditalivo
2035 1078 137 76 non
2113 1078 176 76 cadit
2211 1078 273 76 cocnttj™dl“*

1429 1170 216 56 esse,
1573 1170 216 56 illud
1718 1170 337 56 formaliter
1982 1170 144 56 et
2054 1170 385 56 quiddilative
2343 1170 120 56 non

1427 1243 177 57 est
1528 1243 278 57 necesse
1730 1243 227 57 esse;
1882 1243 177 57 sed
1983 1243 152 57 si
2059 1243 253 57 Filius
2236 1243 177 57 hoc
2311 1243 152 57 modo

1428 1320 158 60 sit
1519 1320 361 60 possibilis,,
1812 1320 180 60 quia
1925 1320 361 60 producibilis
2218 1320 135 60 ab
2286 1320 180 60 alio
2376 1320 90 60 in

1425 1393 183 62 suo
1529 1393 313 62 conceptu
1764 1393 443 62 quidditativo>
2129 1393 183 62 non
2207 1393 261 62 includit

1428 1472 222 59 esse.
1577 1472 173 59 Hoc
1675 1472 222 59 patet
1824 1472 148 59 in
1898 1472 272 59 simili,
2095 1472 198 59 quia
2194 1472 272 59 sustinen¬-

1423 1549 169 57 do
1507 1549 338 57 secundum
1761 1549 366 57 opinionem
2014 1549 450 57 Philosophorum,

1424 1628 213 55 quod
1558 1628 294 55 secunda
1771 1628 454 55 Intelligentia
2145 1628 187 55 sit
2225 1628 240 55 necesse

1425 1705 229 50 esse,
1577 1705 152 50 et
1653 1705 178 50 cum
1755 1705 203 50 lioc
1882 1705 305 50 causata,
2110 1705 152 50 et
2187 1705 178 50 per
2263 1705 203 50 conse¬-

1427 1779 217 57 quens
1571 1779 361 57 possibilis,
1861 1779 217 57 dicit
2005 1779 241 57 Doclor
2174 1779 145 57 in
2246 1779 145 57 d.
2318 1779 145 57 8.
2367 1779 96 57 q.

1423 1853 204 61 ult.
1550 1853 306 61 arguendo
1779 1853 178 61 sic
1881 1853 153 61 pr
1958 1853 331 61 Avicenna:
2212 1853 153 61 si
2263 1853 204 61 Intel¬-

1420 1929 331 61 ligentia
1669 1929 303 61 secunda
1889 1929 193 61 est
1999 1929 165 61 ab
2082 1929 248 61 alio,
2247 1929 221 61 ergo
2358 1929 110 61 in

1427 2009 291 57 conceptu
1645 2009 194 57 ejus
1766 2009 388 57 quidditalivo
2081 2009 170 57 non
2178 2009 218 57 cadit
2299 2009 170 57 esse;

1427 2091 198 57 ergo
1551 2091 173 57 est
1650 2091 148 57 de
1724 2091 148 57 se
1798 2091 322 57 possibile
2046 2091 198 57 esse
2169 2091 148 57 et
2243 2091 173 57 non
2318 2091 148 57 exi-

1427 2167 241 56 stens;
1596 2167 169 56 hoc
1692 2167 193 56 idem
1813 2167 145 56 in
1886 2167 145 56 2.
1958 2167 145 56 d.
2030 2167 145 56 1.
2103 2167 145 56 q.
2175 2167 145 56 2.
2248 2167 145 56 et
2296 2167 169 56 etiam

1426 2241 247 55 patere
1599 2241 247 55 potest
1772 2241 173 55 in.
1871 2241 148 55 d.
1945 2241 148 55 3.
2019 2241 222 55 Dico,
2167 2241 197 55 quod
2266 2241 197 55 quando

1427 2319 241 55 Doctor
1595 2319 217 55 dicit
1740 2319 169 55 pro
1836 2319 289 55 Avicenna
2053 2319 193 55 quod
2149 2319 313 55 Intelligen¬-

1429 2394 172 55 tia
1528 2394 197 55 quae
1651 2394 172 55 est
1749 2394 148 55 ab
1823 2394 221 55 alio,
1971 2394 172 55 non
2069 2394 295 55 includit
2291 2394 148 55 in
2340 2394 123 55 suo

1429 2470 295 54 conceptu
1651 2470 393 54 quidditalivo
1970 2470 197 54 esse
2093 2470 197 54 sive
2192 2470 270 54 existens,

1427 2545 169 55 non
1523 2545 169 55 sic
1620 2545 217 55 debet
1764 2545 313 55 intelligi
2005 2545 193 55 quod
2126 2545 193 55 esse
2222 2545 241 55 Intelli-

1428 2619 259 58 gentise
1617 2619 165 58 non
1711 2619 165 58 sit
1805 2619 330 58 formaliter
2065 2619 141 58 in
2135 2619 212 58 illa,
2277 2619 165 58 sed
2347 2619 118 58 sic

1430 2696 207 56 debet
1568 2696 299 56 intelligi
1798 2696 184 56 quod
1913 2696 184 56 tale
2028 2696 184 56 esse
2143 2696 184 56 sive
2235 2696 230 56 existens

1425 2772 182 56 non
1529 2772 286 56 habetur
1737 2772 156 56 ad
1815 2772 208 56 illa
1945 2772 364 56 semetipsa,
2230 2772 182 56 sed
2308 2772 156 56 quia

1430 2848 157 53 est
1519 2848 202 53 capax
1654 2848 202 53 talis
1789 2848 180 53 esse
1901 2848 135 53 ut
1968 2848 224 53 habeat
2125 2848 202 53 illud
2260 2848 135 53 ab
2305 2848 157 53 alio,

1413 2921 317 57 •sequitur
1657 2921 195 57 quod
1779 2921 171 57 non
1876 2921 171 57 sit
1974 2921 390 57 quiddilative
2267 2921 195 57 illud,

1430 2997 135 56 et
1497 2997 157 56 sic
1587 2997 224 56 Doctor
1744 2997 337 56 intelligit,
2013 2997 359 56 Pariformiter
2282 2997 180 56 potest

1428 3071 193 58 dici
1548 3071 145 58 de
1621 3071 241 58 Filio,
1789 3071 193 58 quia
1910 3071 217 58 tamen
2054 3071 410 58 Intelligentia
2368 3071 96 58 ex

1423 3146 181 55 hoc
1527 3146 207 55 quod
1656 3146 233 55 habet
1812 3146 207 55 tale
1941 3146 233 55 esse,
2096 3146 233 55 licet
2252 3146 155 55 ab
2304 3146 155 55 alio

1426 3221 429 53 communicatum,
1779 3221 277 53 dicitur
1981 3221 151 53 ex
2056 3221 151 53 se
2132 3221 277 53 necesse
2309 3221 151 53 esse

1424 3299 343 50 formaliter,
1698 3299 160 50 sic
1790 3299 183 50 dico
1904 3299 137 50 de
1949 3299 183 50 Filio.

1476 3373 168 58 (c)
1572 3373 144 58 Ad
1644 3373 264 58 tertiam
1836 3373 384 58 probationem.
2148 3373 312 58 Respondet
2364 3373 120 58 23.

1427 3429 132 81 ad
1493 3429 308 81 argumentum
1735 3429 198 81 dando
1867 3429 264 81 duplicem
2066 3429 242 81 respon-
2220 3429 264 81 RebPousl'|

1415 3525 349 54 sionem,
1669 3525 317 54 quarum
1891 3525 222 54 una
2017 3525 222 54 non
2112 3525 349 54 nominatur

1422 3602 355 58 expresse,
1694 3602 273 58 quando
1885 3602 245 58 dicit
2049 3602 218 58 quod
2158 3602 300 58 producens
