2653 3979
219 306 192 54 Alia
339 306 216 54 dicit
483 306 120 54 :
531 306 240 54 Omnium
699 306 408 54 necessariorum
1010 306 264 54 rcvelato-

241 388 189 61 rum
349 388 325 61 terminos
593 388 406 61 naturaliter
890 388 379 61 cognoscimus,

243 463 212 61 quia
375 463 292 61 accipio
587 463 212 61 hanc
720 463 133 61 :
773 463 212 61 Deus
905 463 186 61 est
1011 463 265 61 trinus
1170 463 106 61 et

240 537 239 62 unus,
400 537 239 62 qumro
559 537 292 62 quomodo
771 537 212 62 isti
904 537 292 62 termini
1089 537 186 62 acci¬-

239 613 303 61 piuntur,
466 613 177 61 aut
567 613 379 61 pro'vocibus
870 613 278 61 tantum,
1072 613 177 61 aut
1148 613 126 61 pro

236 688 404 62 conceptibus,
564 688 177 62 aut
665 688 177 62 pro
766 688 227 62 rebus
892 688 379 62 significatis;

238 764 177 61 non
339 764 253 61 primo,
516 764 202 61 quia
643 764 202 61 tunc
769 764 228 61 esset
921 764 253 61 tantum
1073 764 202 61 dispu¬-

236 840 234 61 tatio
392 840 156 61 de
470 840 312 61 vocibus;
704 840 182 61 non
807 840 312 61 secundo,
1041 840 208 61 quia
1145 840 130 61 aut

239 917 197 61 illi
363 917 321 61 conceptus
609 917 370 61 accipiuntur
905 917 173 61 pro
1004 917 222 61 rebus
1127 917 148 61 con¬-

238 993 272 62 ceptis,
436 993 173 62 aut
535 993 173 62 pro
633 993 272 62 actibus
831 993 247 62 quibus
979 993 296 62 concipiun¬-

238 1068 208 61 tur.
368 1068 156 61 Si
446 1068 259 61 primo,
627 1068 285 61 habetur
835 1068 389 61 propositum,
1120 1068 156 61 quia

240 1142 184 62 tunc
355 1142 207 62 tales
493 1142 254 62 termini
678 1142 346 62 significant
954 1142 207 62 ipsas
1093 1142 184 62 res,
1185 1142 92 62 et

237 1218 169 61 sic
333 1218 361 61 naturaliter
622 1218 434 61 intelliguntur.
984 1218 145 61 Si
1032 1218 241 61 secundo,

234 1294 287 64 contra,
443 1294 209 64 quia
573 1294 261 64 nomina
756 1294 392 64 significant
1069 1294 209 64 res,
1174 1294 104 64 ut

229 1370 250 66 probat
404 1370 275 66 Doctor,
604 1370 225 66 primo
754 1370 450 66 Perihermenias.
1105 1370 175 66 Quae¬-

229 1447 150 66 ro
304 1447 225 66 modo,
454 1447 200 66 quod
578 1447 175 66 est
678 1447 399 66 significatum
1003 1447 225 66 hujus
1127 1447 150 66 ter¬-

231 1522 215 64 mini
365 1522 242 64 Deus,
526 1522 188 64 aut
634 1522 188 64 est
741 1522 268 64 Deitas
929 1522 242 64 ipsa,
1090 1522 161 64 et
1144 1522 134 64 sic

236 1600 255 67 poterit
421 1600 347 67 naturaliter
699 1600 301 67 cognosci;
930 1600 162 67 aut
999 1600 278 67 significat

232 1678 294 65 aliquod
446 1678 187 65 ens
553 1678 160 65 in
633 1678 321 65 confuso,
873 1678 214 65 quod
980 1678 294 65 nominamus

232 1754 247 63 Deum,
396 1754 165 63 et
478 1754 219 63 tunc
616 1754 192 63 hoc
725 1754 439 63 praedicatum:
1055 1754 219 63 Trinum

237 1830 138 64 in
306 1830 300 64 personis,
537 1830 138 64 et
606 1830 184 64 unum
721 1830 138 64 in
790 1830 300 64 essentia,
1021 1830 161 64 non
1113 1830 161 64 vel
1182 1830 92 64 i¬-

237 1904 258 64 ficatur
424 1904 141 64 de
495 1904 188 64 tali
612 1904 305 64 subjecto.
847 1904 235 64 Patet,
1012 1904 188 64 quia
1106 1904 164 64 talis

235 1979 330 66 proprietas
495 1979 165 66 non
589 1979 283 66 convenit
801 1979 212 66 enti,
942 1979 165 66 sic
1036 1979 141 66 in
1084 1979 188 66 confu¬-

229 2054 160 65 so
309 2054 347 65 concepto;
577 2054 214 65 ergo
710 2054 160 65 si
790 2054 401 65 significata
1084 2054 187 65 horum

228 2133 365 62 terminorum
515 2133 391 62 naturaliter
827 2133 417 62 cognoscimus,
1140 2133 130 62 se¬-

229 2209 259 66 quitur
411 2209 207 66 quod
540 2209 389 66 cognoscimus
851 2209 207 66 illa
955 2209 311 66 distincte,

230 2284 197 66 quia
354 2284 346 66 cognoscens
625 2284 272 66 aliquid
823 2284 173 66 sub
921 2284 197 66 illa
1020 2284 247 66 ratione,

233 2360 169 67 qua
329 2360 265 67 aliquid
522 2360 361 67 significat,
811 2360 313 67 cognoscit
1052 2360 145 67 et
1100 2360 169 67 ipsum

235 2436 399 66 significatum.
563 2436 211 66 Patet
703 2436 164 66 per
797 2436 281 66 Doctorem
1008 2436 141 66 in
1055 2436 211 66 simili.

232 2512 355 66 Cognoscens
510 2512 279 66 naturam
713 2512 177 66 sub
814 2512 203 66 illa
941 2512 304 66 ratione,
1143 2512 127 66 qua

232 2588 330 61 ordinatur
485 2588 152 61 ad
561 2588 279 61 ultimum
764 2588 254 61 finem,
941 2588 330 61 cognoscit
1170 2588 101 61 et

233 2663 265 60 ultimum
426 2663 217 60 finem
570 2663 120 60 ;
618 2663 169 60 sed
715 2663 193 60 isti
835 2663 265 60 termini
1004 2663 265 60 naturali¬-

233 2739 169 67 ter
329 2739 386 67 cognoscuntur
643 2739 169 67 sub
739 2739 193 67 illa
859 2739 289 67 ratione,
1076 2739 169 67 qua
1149 2739 120 67 si¬-

235 2819 303 63 gnificant
468 2819 186 63 Deum
584 2819 326 63 distincte,
840 2819 210 63 ergo,
956 2819 140 63 etc.

210 2891 297 67 Responsio.
443 2891 275 67 Respondeo
655 2891 212 67 primo,
803 2891 169 67 quod
909 2891 318 67 significant
1142 2891 127 67 Deum

235 2967 144 63 in
307 2967 289 63 confuso,
524 2967 144 63 id
596 2967 168 63 est
692 2967 168 63 hoc
788 2967 216 63 nomen
932 2967 192 63 Deus
1029 2967 240 63 signifi¬-

229 3044 191 66 cat
338 3044 218 66 mihi
474 3044 300 66 aliquod
693 3044 191 66 ens
802 3044 164 66 in
884 3044 328 66 confuso,
1102 3044 164 66 quod

231 3122 321 61 nominamus
478 3122 222 61 Deum,
626 3122 148 61 et
700 3122 173 61 sic
798 3122 173 61 res
897 3122 197 61 illa
1020 3122 148 61 in
1070 3122 197 61 confu¬-

229 3199 152 68 so
305 3199 431 68 significatur.
659 3199 152 68 Et
735 3199 177 68 cum
836 3199 279 68 dicitur
1039 3199 203 68 quod
1140 3199 127 68 hoc

230 3280 362 63 praedicatum
519 3280 121 63 :
568 3280 241 63 Trinus
736 3280 145 63 et
809 3280 217 63 unus,
953 3280 193 63 etc.
1074 3280 169 63 non
1146 3280 121 63 ve¬-

229 3353 141 60 ri
300 3353 259 60 ficatur
488 3353 141 60 de
559 3353 165 60 Deo
653 3353 259 60 confuse
841 3353 282 60 accepto,
1030 3353 235 60 concedi¬-

228 3428 169 66 tur
324 3428 193 66 quod
445 3428 169 66 non
541 3428 314 66 immediate
783 3428 386 66 verificatur,
1096 3428 145 66 ut
1144 3428 121 66 sic

229 3504 337 67 propositio
494 3504 337 67 immediata,
759 3504 361 67 verificatur
1047 3504 193 67 enim
1144 3504 120 67 pro

230 3582 253 67 quanto
407 3582 379 67 verificatur
710 3582 227 67 prius
861 3582 152 67 de
937 3582 177 67 Deo
1038 3582 152 67 in
1114 3582 152 67 se
1164 3582 101 67 et

1325 318 167 58 sub
1421 318 262 58 propria
1588 318 239 58 ratione.

1380 393 205 63 Dico
1509 393 308 63 secundo,
1740 393 205 63 quod
1868 393 411 63 significatum
2176 393 180 63 hujus

1323 468 285 64 nominis
1530 468 233 64 Deus,
1686 468 181 64 est
1790 468 207 64 ipsa
1919 468 259 64 Deitas
2101 468 156 64 in
2179 468 181 64 se.
2256 468 104 64 Et

1322 544 177 63 cum
1423 544 304 63 dicitur,
1651 544 203 63 quod
1778 544 254 63 posset
1955 544 380 63 naturaliter
2234 544 127 63 co¬-

1323 619 272 64 gnosci,
1521 619 197 64 dico
1644 619 197 64 quod
1768 619 173 64 non
1866 619 321 64 sequitur,
2113 619 197 64 quia
2212 619 148 64 plus

1324 694 328 63 contingit
1576 694 378 63 significare
1879 694 202 63 quam
1980 694 378 63 intelligitur,

1324 773 145 58 ut
1396 773 218 58 patet
1542 773 145 58 ex
1614 773 266 58 Doctore
1808 773 145 58 in
1880 773 145 58 1.
1953 773 218 58 dist.
2098 773 169 58 22.
2195 773 145 58 Et
2243 773 121 58 sic

1323 846 156 64 ab
1401 846 260 64 aliquo
1583 846 260 64 potest
1765 846 286 64 imponi,
1972 846 208 64 quod
2102 846 182 64 hoc
2180 846 182 64 nomen

1323 920 202 66 Deus
1449 920 353 66 significet
1726 920 303 66 Deitatem
1953 920 177 66 sub
2054 920 277 66 propria
2231 920 126 66 ra¬-

1324 995 241 67 tione,
1493 995 145 67 et
1565 995 217 67 tamen
1709 995 169 67 non
1806 995 313 67 cognoscat
2047 995 217 67 illud
2167 995 193 67 signi¬-

1324 1072 311 67 ficatum.
1557 1072 155 67 Et
1635 1072 207 67 tunc
1764 1072 363 67 negaretur,
2049 1072 207 67 quod
2153 1072 207 67 viator

1322 1149 281 62 possit
1518 1149 393 62 cognoscere
1827 1149 196 62 hoc
1939 1149 253 62 nomen
2108 1149 224 62 Deus
2220 1149 140 62 sub

1327 1224 193 66 illa
1447 1224 265 66 ratione
1640 1224 193 66 sive
1760 1224 337 66 relatione,
2025 1224 169 66 qua
2097 1224 265 66 distincte

1327 1300 353 67 significat
1604 1300 328 67 Deitatem,
1857 1300 202 67 quia
1983 1300 202 67 tunc
2084 1300 277 67 oporteret

1328 1379 393 61 prmconcipere
1647 1379 294 61 Deitatem
1868 1379 147 61 in
1942 1379 147 61 se
2015 1379 147 61 et
2065 1379 294 61 distincte,

1327 1454 197 64 quia
1451 1454 172 64 non
1549 1454 246 64 potest
1722 1454 296 64 cognosci
1943 1454 320 64 distincte
2165 1454 197 64 aliqua

1328 1529 288 65 relatio,
1544 1529 192 65 nisi
1664 1529 480 65 praecognoscantur
2072 1529 264 65 termini
2240 1529 120 65 re¬-

1326 1606 300 65 lationis,
1556 1606 138 65 ut
1626 1606 207 65 patet
1764 1606 115 65 a
1810 1606 254 65 Doctore
1994 1606 300 65 praesenti
2225 1606 138 65 q.
2271 1606 92 65 et

1326 1686 138 56 q.
1395 1686 323 56 penultima,
1649 1686 138 56 et
1695 1686 184 56 alibi.

1385 1759 220 58 Tertio
1539 1759 286 58 dubitatur
1759 1759 132 58 in
1825 1759 176 58 hoc,
1935 1759 176 58 quod
2045 1759 198 58 dicit
2177 1759 176 58 quod
2265 1759 110 58 46.

1330 1844 276 57 Cognoscens
1547 1844 217 57 extrema
1705 1844 335 57 propositionis
1981 1844 197 57 neces-
2099 1844 276 57 difficultas.

1320 1913 265 63 sarias,
1513 1913 241 63 potest
1682 1913 338 63 cognoscere
1947 1913 241 63 medium
2092 1913 265 63 essentia¬-

1322 1989 233 53 liter
1477 1989 336 53 ordinatum
1736 1989 233 53 inter
1891 1989 233 53 illa.
2046 1989 181 53 Nam
2123 1989 233 53 extrema

1319 2065 442 65 propositionis
1683 2065 312 65 mediatae
1917 2065 416 65 cognoscuntur
2229 2065 130 65 pro

1322 2140 202 63 statu
1456 2140 202 63 isto,
1591 2140 135 63 ut
1658 2140 202 63 patet
1793 2140 135 63 de
1860 2140 224 63 homine
2017 2140 135 63 et
2062 2140 292 63 risibilita-

1321 2222 169 60 te,
1418 2222 145 60 et
1490 2222 218 60 tamen
1635 2222 169 60 non
1732 2222 363 60 cognoscitur
2022 2222 314 60 definitio
2239 2222 121 60 es¬-

1320 2293 336 63 sentialis,
1584 2293 192 63 quae
1704 2293 264 63 ponitur
1896 2293 240 63 medium
2040 2293 312 63 essentiali¬-

1320 2369 169 68 ter
1416 2369 313 68 ordinatum
1657 2369 217 68 inter
1801 2369 193 68 illa
1922 2369 289 68 extrema,
2138 2369 193 68 quia
2235 2369 120 68 pro

1320 2445 212 62 statu
1462 2445 188 62 isto
1580 2445 306 62 ignoratur
1815 2445 236 62 ultima
1980 2445 377 62 differentia,
2263 2445 94 62 et

1320 2524 163 58 per
1413 2524 327 58 consequens
1670 2524 304 58 definitio
1880 2524 327 58 essentialis.

1375 2597 284 66 Secundo
1582 2597 155 66 si
1659 2597 206 66 tale
1788 2597 258 66 medium
1969 2597 181 66 pro
2072 2597 232 66 statu
2201 2597 155 66 isto

1317 2674 266 65 potest
1504 2674 346 65 cognosci,
1770 2674 266 65 quaero
1956 2674 133 65 a
2009 2674 186 65 quo
2089 2674 266 65 causatur

1317 2747 289 60 cognitio
1534 2747 313 60 distincta
1775 2747 217 60 talis
1919 2747 241 60 medii?
2088 2747 169 60 Non
2184 2747 120 60 a
2208 2747 145 60 sub¬-

1312 2820 260 67 jecto,
1494 2820 208 67 quia
1624 2820 260 67 tantum
1806 2820 390 67 cognoscitur
2092 2820 260 67 confuse,

1319 2900 168 65 nec
1415 2900 265 65 apparet
1608 2900 192 65 quod
1728 2900 216 65 statu
1872 2900 216 65 isto,
2016 2900 265 65 aliquid
2185 2900 168 65 aliud

1314 2975 320 67 causaret
1554 2975 240 67 illam
1714 2975 399 67 cognitionem
2033 2975 266 67 medii,
2193 2975 160 67 quia

1315 3049 213 70 sola
1448 3049 372 70 sensibilia
1741 3049 266 70 movent
1927 3049 399 70 intellectum
2219 3049 133 70 pro

1319 3125 194 57 statu
1449 3125 172 57 isto
1556 3125 108 57 ;
1599 3125 129 57 et
1664 3125 194 57 nulla
1793 3125 323 57 differentia
2030 3125 323 57 substantialis

1315 3200 155 63 in
1393 3200 155 63 se
1470 3200 414 63 cognoscitur,
1807 3200 181 63 cum
1911 3200 233 63 nulla
2066 3200 259 63 moveat
2222 3200 129 63 in¬-

1315 3277 321 72 tellectum,
1567 3277 138 72 ut
1636 3277 206 72 patet
1774 3277 115 72 a
1820 3277 252 72 Doctore
2003 3277 138 72 1.
2072 3277 138 72 d.
2141 3277 138 72 3.
2209 3277 138 72 q.
2255 3277 92 72 3.

1371 3356 352 63 Respondeo,
1647 3356 201 63 quod
1773 3356 327 63 conclusio
2024 3356 302 63 Doctoris
2225 3356 126 63 de¬-

1317 3423 139 76 bet
1396 3423 258 76 intelligi
1595 3423 119 76 de
1654 3423 198 76 medio,
1793 3423 178 76 quale
1911 3423 198 76 potest
2050 3423 198 76 haberi
2169 3423 198 76 ^P00*110

1314 3510 168 69 pro
1410 3510 216 69 statu
1554 3510 216 69 isto,
1698 3510 144 69 et
1770 3510 264 69 concedo
1963 3510 192 69 quod
2083 3510 168 69 non
2155 3510 192 69 cogno¬-

1312 3585 240 72 scitur
1480 3585 240 72 ultima
1648 3585 360 72 differentia
1936 3585 120 72 ;
1984 3585 216 72 tamen
2104 3585 240 72 cognitis
