2711 3950
304 269 216 57 lione
448 269 289 57 simplici
665 269 289 57 objecti,
881 269 240 57 postea
1025 269 313 57 convertitur

299 345 234 54 supra
455 345 182 54 se,
559 345 286 54 seipsum
767 345 416 54 cognoscendo,
1105 345 156 54 et
1157 345 182 54 super

299 421 400 55 cognitionem
619 421 347 55 simplicem
886 421 240 55 illam
1019 421 320 55 cognoscen¬-

299 495 182 56 do,
403 495 156 56 et
481 495 234 56 super
636 495 311 56 objectum
870 495 311 56 cognitum
1078 495 259 56 relucens

297 573 152 55 in
373 573 356 55 cognitione
652 573 330 55 simplici,
906 573 152 55 et
982 573 152 55 in
1059 573 178 55 hoc
1135 573 203 55 Doclor

299 648 186 43 sibi
415 648 163 43 non
485 648 325 43 contradicit.

351 721 164 58 (c)
444 721 352 58 Intellectus
726 721 188 58 enim
843 721 164 58 non
937 721 211 58 solum
1054 721 282 58 intelligit

299 799 194 54 verum
429 799 431 54 simpliciiniellig
795 799 215 54 entia,
945 799 172 54 etc.
1053 799 129 54 In
1118 799 172 54 ista
1204 799 129 54 lit¬-

295 875 234 54 tera,
451 875 311 54 Renricus
684 875 208 54 vult
814 875 208 54 quod
944 875 259 54 verbum
1099 875 234 54 dicatur

296 951 180 55 esse
409 951 113 55 a
454 951 248 55 notitia
634 951 293 55 simplici,
859 951 135 55 et
927 951 158 55 hoc
1017 951 270 55 postquam
1197 951 135 55 con¬-

287 1027 266 54 versus
474 1027 186 54 est
580 1027 160 54 ad
660 1027 186 54 ea,
767 1027 160 54 ad
847 1027 213 54 quae
953 1027 373 54 convertitur;

292 1102 212 46 tunc
425 1102 266 46 verbum
611 1102 319 46 causatur
850 1102 159 46 ab
930 1102 372 46 intellectu
1195 1102 133 46 in¬-

290 1178 272 56 formato
488 1178 272 56 notitia
686 1178 321 56 simplici,
933 1178 173 56 ita
1032 1178 198 56 quod
1130 1178 198 56 verbum

295 1255 164 57 est
388 1255 375 57 declarativum
693 1255 258 57 objecti
881 1255 141 57 et
952 1255 375 57 intellectus,
1233 1255 94 57 ut

293 1331 305 55 informati
527 1331 258 55 notitia
715 1331 305 55 simplici,
950 1331 141 55 et
1021 1331 235 55 verbum
1162 1331 164 55 nihil

292 1407 202 55 aliud
426 1407 157 55 est
516 1407 180 55 nisi
629 1407 180 55 quia
741 1407 180 55 scio
854 1407 135 55 me
921 1407 157 55 hoc
1011 1407 225 55 scire,
1169 1407 135 55 et
1214 1407 112 55 hoc

290 1484 177 61 est
391 1484 202 61 quod
517 1484 227 61 dicit
669 1484 202 61 quod
795 1484 177 61 non
896 1484 227 61 solum
1023 1484 303 61 intelligit

287 1560 177 56 rem
388 1560 278 56 notitia
590 1560 329 56 simplici,
843 1560 177 56 sed
945 1560 228 56 etiam
1071 1560 253 56 mediante

289 1637 253 57 notitia
473 1637 345 57 conversiva,
749 1637 184 57 quia
864 1637 253 57 notitia
1048 1637 253 57 secunda
1209 1637 115 57 si¬-

288 1716 145 60 ve
360 1716 338 60 conversiva
626 1716 338 60 accipiendo
891 1716 145 60 in
964 1716 314 60 ablativo,
1181 1716 145 60 quae

287 1793 271 58 notitia
484 1793 172 58 est
583 1793 148 58 in
657 1793 246 58 verbo,
829 1793 148 58 id
903 1793 197 58 est,
1026 1793 148 58 ad
1100 1793 197 58 quam
1199 1793 123 58 im¬-

282 1871 293 60 mediate
495 1871 319 60 sequitur
735 1871 266 60 verbum
921 1871 160 60 de
1001 1871 160 60 re
1054 1871 266 60 cognita;

285 1947 277 54 mediante
493 1947 185 54 ergo
608 1947 185 54 tali
724 1947 254 54 notitia
909 1947 277 54 secunda,
1094 1947 231 54 scilicet

286 2024 370 59 conversiva,
583 2024 173 59 non
681 2024 247 59 lanium
854 2024 197 59 scit
977 2024 148 59 et
1027 2024 296 59 intelligit

287 2098 188 60 rem,
404 2098 164 60 sed
498 2098 211 60 etiam
639 2098 188 60 scit
756 2098 141 60 se
827 2098 211 60 scire
968 2098 141 60 et
1015 2098 305 60 intelligere

283 2176 219 54 eam,
419 2176 246 54 totum
583 2176 191 54 hoc
693 2176 191 54 est
802 2176 219 54 bene
938 2176 301 54 dictum,
1130 2176 191 54 exce¬-

281 2250 186 60 pto
388 2250 213 60 hoc,
521 2250 213 60 quod
654 2250 266 60 verbum
841 2250 373 60 necessario
1107 2250 213 60 requi¬-

282 2328 169 55 rat
378 2328 289 55 notitiam
595 2328 385 55 conversivam,
908 2328 144 55 ut
980 2328 217 55 patet
1124 2328 217 55 infra
1245 2328 72 55 a

281 2404 262 41 Doctore
472 2404 167 41 27.
543 2404 95 41 d.

329 2480 182 57 (d)
433 2480 337 57 Similiter
692 2480 311 57 voluntas
926 2480 182 57 non
1030 2480 234 57 solum
1159 2480 156 57 vult

277 2557 252 59 bonum,
453 2557 202 59 etc.
579 2557 202 59 Haec
706 2557 277 59 littera
907 2557 227 59 clara
1059 2557 177 59 est
1134 2557 177 59 usque

273 2634 169 52 ibi
369 2634 121 52 :
418 2634 169 52 Sed
514 2634 193 52 ista
635 2634 314 52 conversio
876 2634 241 52 partim
1045 2634 169 52 uno
1141 2634 145 52 et
1189 2634 121 52 eo¬-

271 2711 178 53 dem
372 2711 203 53 modo
499 2711 305 53 convenit
728 2711 406 53 intellectui,
1058 2711 203 53 etc.
1160 2711 152 53 Sen¬-

271 2785 236 58 tentia
436 2785 212 58 hujus
578 2785 283 58 litterae
790 2785 165 58 est
884 2785 188 58 quod
978 2785 330 58 intellectus,

270 2860 230 59 habita
431 2860 254 59 notitia
616 2860 277 59 simplici
823 2860 277 59 objecti,
1030 2860 138 59 vi
1100 2860 161 59 sua
1169 2860 138 59 con¬-

269 2939 236 53 vertit
435 2939 142 53 se
506 2939 213 53 supra
647 2939 165 53 se,
742 2939 142 53 et
813 2939 213 53 super
931 2939 378 53 intellectionem

270 3014 346 57 simplicem,
542 3014 148 57 et
616 3014 222 57 super
764 3014 173 57 rem
863 3014 321 57 cognitam.
1086 3014 222 57 Simili¬-

276 3084 164 57 ter
369 3084 305 57 voluntas,
604 3084 235 57 habita
769 3084 305 57 volitione
1004 3084 282 57 simplici
1192 3084 117 57 ob¬-

269 3160 383 55 jecti,virtute
585 3160 158 55 sua
675 3160 293 55 convertit
900 3160 135 55 se
968 3160 203 55 supra
1103 3160 158 55 se,
1171 3160 135 55 etc.

330 3236 301 55 Sequitur
556 3236 126 55 :
606 3236 176 55 Sed
706 3236 201 55 alio
832 3236 151 55 et
907 3236 201 55 alio
1033 3236 201 55 modo
1133 3236 176 55 quan¬-

276 3311 164 54 tum
369 3311 164 54 est
463 3311 141 54 ex
533 3311 211 54 parte
674 3311 328 54 objectorum
931 3311 141 54 ad
1002 3311 187 54 quse
1119 3311 141 54 se
1165 3311 141 54 con¬-

276 3386 252 55 vertit.
459 3386 229 55 Dicit,
619 3386 183 55 quod
733 3386 274 55 voluntas
939 3386 137 55 et
985 3386 320 55 intellectus,

276 3463 148 56 ut
350 3463 369 56 comparantur
645 3463 148 56 ad
719 3463 270 56 objecta
916 3463 148 56 ad
989 3463 197 56 quae
1112 3463 148 56 se
1161 3463 148 56 con¬-

277 3538 281 59 vertunt,
488 3538 328 59 differunt,
745 3538 188 59 quia
863 3538 352 59 intellectus
1144 3538 141 59 ut
1191 3538 117 59 nu¬

1387 268 180 59 dus
1490 268 283 59 recipit
1696 268 308 59 notitiam
1927 268 283 59 genitam
2132 268 154 59 ab
2184 268 231 59 objecto

1389 344 140 59 ad
1459 344 187 59 quod
1575 344 140 59 se
1645 344 327 59 convertit,
1902 344 140 59 et
1972 344 117 59 a
2019 344 233 59 seipso
2183 344 140 59 ut
2229 344 187 59 infor¬-

1387 421 188 57 mato
1504 421 258 57 notitia
1691 421 305 57 simplici,
1926 421 164 57 ita
2019 421 188 57 quod
2113 421 305 57 intellectus

1385 496 148 56 ut
1459 496 295 56 formatus
1681 496 271 56 notitia
1878 496 320 56 simplici,
2124 496 148 56 et
2173 496 246 56 objectum

1386 575 144 57 ad
1458 575 192 57 quod
1578 575 360 57 intellectus
1866 575 264 57 virtute
2058 575 168 57 sua
2154 575 144 57 se
2202 575 216 57 conver¬-

1391 647 187 58 tit,
1508 647 187 58 sunt
1625 647 234 58 activa
1788 647 281 58 notitiae
1999 647 281 58 genitae,
2209 647 164 58 ita
2280 647 140 58 quod

1379 724 240 58 ipsam
1540 724 347 58 imprimunt
1807 724 160 58 in
1887 724 374 58 intellectu
2181 724 240 58 nudo,
2314 724 107 58 id

1383 802 188 58 est,
1500 802 188 58 quod
1617 802 188 58 ipse
1735 802 352 58 intellectus
2016 802 141 58 ut
2086 802 258 58 recipit
2251 802 164 58 noti¬-

1383 876 196 60 tiam
1506 876 270 60 genitam
1702 876 123 60 a
1752 876 270 60 seipso,
1948 876 147 60 ut
2021 876 319 60 informato
2242 876 172 60 noti¬-

1382 953 171 56 tia
1479 953 293 56 simplici
1699 953 147 56 et
1773 953 147 56 ab
1846 953 269 56 objecto
2041 953 196 56 modo
2139 953 269 56 praeexpo-

1376 1029 232 55 silo,
1531 1029 413 55 consideratur
1866 1029 155 55 ut
1944 1029 232 55 nudus
2098 1029 155 55 et
2176 1029 155 55 ut
2227 1029 181 55 quod¬-

1377 1104 179 53 dam
1480 1104 230 53 purum
1608 1104 332 53 potentiale.

1428 1179 154 55 fe)
1516 1179 265 55 Voluntas
1715 1179 199 55 autem
1847 1179 265 55 postquam
2046 1179 265 55 conversa
2222 1179 199 55 Quomodo

1380 1256 160 57 est,
1480 1256 160 57 etc.
1580 1256 260 57 Sententia
1780 1256 180 57 hujus
1900 1256 240 57 litterae
2080 1256 160 57 est,
2180 1256 160 57 quod
2260 1256 160 57 vohtio

1378 1334 245 54 voluntas
1561 1334 245 54 postquam
1745 1334 225 54 virtute
1909 1334 143 54 sua
1990 1334 245 54 conversa
2174 1334 143 54 res
2235 1334 184 54 volita,

1381 1409 142 62 est
1462 1409 183 62 super
1584 1409 224 62 seipsam
1746 1409 264 62 volentem,
1950 1409 122 62 et
2011 1409 183 62 super
2133 1409 142 62 vo-
2193 1409 224 62 utvo-ens,

1377 1477 240 67 litionem
1557 1477 260 67 simplicem
1757 1477 120 67 et
1817 1477 180 67 super
1936 1477 140 67 rem
2016 1477 240 67 volilam,
2196 1477 220 67 habeSnt
2336 1477 80 67 ut

1372 1557 190 75 ipsa
1491 1557 284 75 voluntas
1704 1557 142 75 ut
1775 1557 190 75 nuda
1894 1557 142 75 se
1965 1557 213 75 habet
2107 1557 190 75 pure
2202 1557 213 75 ““qJJJ*

1379 1633 203 74 active
1521 1633 122 74 in
1582 1633 305 74 productione
1826 1633 244 74 Spiritus
2009 1633 224 74 sancti;
2171 1633 142 74 sed
2232 1633 183 74 ^enUvus

1373 1715 184 57 ipsa
1488 1715 254 57 volitio
1673 1715 277 57 simplex,
1880 1715 138 57 et
1949 1715 161 57 res
2041 1715 254 57 volita,
2226 1715 138 57 et
2272 1715 138 57 ipsa

1372 1791 148 54 ut
1446 1791 247 54 volens
1619 1791 148 54 se
1693 1791 222 54 habet
1841 1791 222 54 quasi
1989 1791 296 54 materia,
2211 1791 148 54 id
2260 1791 148 54 est,

1374 1867 202 59 quod
1500 1867 303 59 voluntas
1728 1867 152 59 ut
1803 1867 202 59 nuda
1930 1867 152 59 de
2006 1867 253 59 seipsa
2157 1867 253 59 volente,

1373 1943 142 57 et
1444 1943 142 57 de
1515 1943 307 57 volitione
1752 1943 284 57 simplici
1965 1943 142 57 et
2036 1943 142 57 re
2107 1943 260 57 volita,
2272 1943 142 57 pro¬-

1371 2021 234 56 ducit
1527 2021 260 56 amorem
1709 2021 390 56 incentivum,
2021 2021 156 56 id
2099 2021 208 56 est,
2203 2021 208 56 Spiri¬-

1372 2096 187 55 tum
1479 2096 320 55 sanctum.
1719 2096 160 55 In
1799 2096 400 55 productione
2119 2096 213 55 vero
2225 2096 187 55 Filii

1368 2172 158 55 fit
1459 2172 181 55 modo
1572 2172 317 55 contrario,
1821 2172 181 55 quia
1934 2172 339 55 intellectus
2183 2172 226 55 inlelli-

1369 2248 187 59 gens
1485 2248 257 59 notitia
1672 2248 304 59 simplici,
1906 2248 140 59 et
1976 2248 187 59 ipsa
2093 2248 257 59 notitia
2257 2248 140 59 sim¬-

1365 2323 198 57 plex
1489 2323 149 57 et
1563 2323 297 57 essentia
1786 2323 272 57 cognita
1984 2323 173 57 non
2083 2323 149 57 se
2157 2323 248 57 habent
2306 2323 99 57 ut

1366 2398 234 58 quasi
1522 2398 311 58 materia,
1755 2398 182 58 sed
1859 2398 208 58 sunt
1989 2398 208 58 vere
2093 2398 311 58 productiva

1367 2475 275 57 notitiae
1574 2475 275 57 genitae,
1780 2475 138 57 et
1849 2475 344 57 intellectus
2125 2475 138 57 ut
2193 2475 207 57 nudus
2308 2475 92 57 se

1362 2553 224 53 habet
1512 2553 199 53 mere
1636 2553 299 53 passive.
1861 2553 299 53 Sequitur
2060 2553 75 53 :

1413 2630 164 57 (f)
1506 2630 164 57 Qui
1600 2630 211 57 habet
1740 2630 187 57 esse
1857 2630 117 57 a
1904 2630 398 57 producentibus
2208 2630 187 57 ipsum,

1359 2706 169 55 non
1456 2706 169 55 per
1552 2706 411 55 informationem
1891 2706 194 55 ejus
2012 2706 145 55 de
2085 2706 169 55 quo
2181 2706 169 55 est
2254 2706 145 55 qua¬-

1357 2781 148 55 si
1431 2781 371 55 subjective,
1728 2781 173 55 nec
1827 2781 173 55 per
1926 2781 272 55 aliquam
2099 2781 297 55 impressio¬-

1357 2856 182 56 nem
1461 2856 259 56 factam
1642 2856 259 56 eidem,
1824 2856 156 56 id
1902 2856 208 56 est,
2032 2856 208 56 quod
2136 2856 259 56 Spiritus

1356 2933 292 54 sanctus
1569 2933 186 54 qui
1675 2933 239 54 habet
1835 2933 213 54 esse
1968 2933 133 54 a
1994 2933 399 54 producentibus

1357 3010 241 56 ipsum,
1526 3010 290 56 scilicet
1743 3010 121 56 a
1791 3010 314 56 voluntate
2033 3010 217 56 nuda,
2178 3010 193 56 quae
2274 3010 121 56 est

1355 3084 234 55 ratio
1511 3084 364 55 producendi
1797 3084 260 55 ipsum,
1979 3084 234 55 habet
2135 3084 208 55 dico
2239 3084 156 55 esse

1354 3165 186 58 non
1461 3165 186 58 per
1567 3165 453 58 informationem
1940 3165 240 58 ejus,
2100 3165 160 58 de
2180 3165 186 58 qua
2260 3165 133 58 est

1357 3241 206 57 quasi
1495 3241 344 57 subjective,
1769 3241 183 57 quia
1884 3241 275 57 Spiritus
2090 3241 252 57 sanctus
2251 3241 160 57 Opin.

1361 3295 147 75 est
1445 3295 126 75 de
1508 3295 273 75 voluntate
1718 3295 126 75 ut
1781 3295 273 75 informata
1991 3295 273 75 volitione
2180 3295 231 75 HeuVus>U1

1359 3393 274 59 simplici,
1569 3393 126 59 ut
1632 3393 126 59 de
1696 3393 189 59 quasi
1822 3393 231 59 materia
1990 3393 210 59 prima,
2137 3393 126 59 ut
2201 3393 189 59 esUte
2306 3393 105 59 vo-

1360 3469 220 55 dicit
1506 3469 245 55 supra.
1678 3469 171 55 Non
1775 3469 220 55 tamen
1922 3469 196 55 ille
2045 3469 294 55 Spiritus
2240 3469 147 55 san-

1360 3542 195 63 ctus
1482 3542 366 63 subjectatur
1775 3542 171 63 ibi
1873 3542 122 63 ,
1921 3542 171 63 nec
2019 3542 342 63 imprimitur
2288 3542 147 63 in
2337 3542 73 63 u
