2682 3950
257 290 213 53 ipsa
391 290 346 53 voluntate
657 290 160 53 ul
737 290 346 53 informata
1003 290 240 53 amore
1136 290 160 53 sim¬-

264 368 257 53 plici,
444 368 180 53 sed
547 368 180 53 per
650 368 283 53 quamdam
856 368 257 53 qucisi
1011 368 283 53 excussio¬-

263 444 206 53 nem,
392 444 206 53 elc.
521 444 155 53 id
599 444 206 53 est,
728 444 206 53 quod
856 444 284 53 quamvis
1037 444 258 53 voluntas

265 519 154 53 ut
342 519 206 53 nuda
471 519 309 53 producat
702 519 309 53 Spiritum
934 519 283 53 sanctum
1140 519 154 53 de
1191 519 103 53 se

260 593 233 54 ipsa,
415 593 155 54 ut
493 593 336 54 informata
751 593 233 54 amore
906 593 310 54 simplici
1139 593 155 54 ut
1191 593 103 54 de

261 670 227 54 quasi
412 670 328 54 subjecto,
664 670 177 54 non
765 670 227 54 tamen
917 670 303 54 producit
1118 670 177 54 illum

259 745 165 54 ita
354 745 188 54 quod
471 745 353 54 subjectetur
753 745 141 54 in
824 745 188 54 tali
941 745 329 54 voluntate,
1176 745 118 54 sed

258 820 232 53 magis
413 820 310 53 exprimit
645 820 232 53 illum
800 820 155 53 ut
878 820 181 53 per
981 820 155 53 se
1033 820 258 53 stantem,

262 894 147 52 et
335 894 220 52 nullo
482 894 196 52 modo
604 894 294 52 receptum
824 894 147 52 in
898 894 196 52 tali
995 894 294 52 voluntate.

312 971 123 54 E
362 971 319 54 contrario
607 971 172 54 est
705 971 147 54 de
778 971 270 54 notitia
974 971 270 54 genita,
1146 971 147 54 quae

262 1045 336 52 producitur
526 1045 144 52 ab
598 1045 336 52 intellectu
861 1045 312 52 informato
1077 1045 216 52 notitia

259 1121 288 52 simplici
475 1121 144 52 de
547 1121 192 52 ipso
667 1121 336 52 intellectu
932 1121 144 52 ut
1004 1121 216 52 nudo,
1148 1121 144 52 ut
1196 1121 96 52 de

259 1199 226 52 quasi
410 1199 302 52 materia,
636 1199 151 52 et
712 1199 302 52 imprimit
938 1199 176 52 ibi
1039 1199 176 52 per
1114 1199 176 52 quam¬-

260 1273 172 53 dam
359 1273 442 53 informationem,
727 1273 172 53 ita
825 1273 196 53 quod
948 1273 221 53 talis
1071 1273 221 53 notitia

256 1348 252 55 genita
432 1348 176 55 non
533 1348 277 55 dicitur
735 1348 277 55 proprie
936 1348 176 55 per
1037 1348 151 55 se
1087 1348 202 55 stare,

254 1422 186 54 sed
361 1422 212 54 esse
493 1422 159 54 in
573 1422 372 54 intellectu
865 1422 212 54 nudo
998 1422 292 54 tanquam
1184 1422 106 54 in

257 1498 336 55 subjecto.
516 1498 155 55 Et
593 1498 207 55 tota
722 1498 284 55 littera
929 1498 284 55 sequens
1110 1498 181 55 patet

258 1574 211 54 usque
398 1574 164 54 ibi
492 1574 117 54 :
539 1574 141 54 Et
609 1574 188 54 hinc
726 1574 258 54 apparet
914 1574 352 54 differentia
1172 1574 117 54 in¬-

258 1648 298 50 tellectus
488 1648 138 50 ut
556 1648 344 50 intellectus
832 1648 115 50 ,
878 1648 138 50 et
947 1648 344 50 intellectus
1199 1648 92 50 ut

231 1731 220 37 natura.

313 1803 186 54 Ista
429 1803 256 54 littera
615 1803 186 54 stat
731 1803 139 54 in
801 1803 232 54 duobus
964 1803 256 54 dictis,
1126 1803 163 54 quan¬-

261 1880 137 53 do
330 1880 297 53 accipitur
558 1880 343 53 intellectus
833 1880 137 53 ut
901 1880 366 53 intellectus,
1176 1880 114 53 ac¬-

258 1956 276 53 cipitur
459 1956 150 53 ut
534 1956 201 53 mere
659 1956 276 53 passive
860 1956 150 53 se
935 1956 226 53 habet
1085 1956 176 53 tam
1161 1956 125 53 re¬-

254 2031 259 53 spectu
435 2031 310 53 notitiae
668 2031 336 53 simplicis
927 2031 207 53 quam
1030 2031 259 53 respectu

256 2107 295 54 notitiae
477 2107 295 54 genitae;
699 2107 295 54 respectu
920 2107 196 54 enim
1018 2107 270 54 utriusque

258 2181 252 53 tantum
434 2181 277 53 passive
635 2181 151 53 se
711 2181 252 53 habet,
887 2181 176 53 sed
962 2181 327 53 intellectus

257 2258 138 54 ut
326 2258 229 54 natura
486 2258 321 54 accipitur,
739 2258 138 54 ut
807 2258 161 54 est
899 2258 321 54 principium
1128 2258 161 54 acti¬-

253 2335 186 54 vum
360 2335 186 54 vel
466 2335 399 54 productivum
785 2335 266 54 Verbi.
971 2335 159 54 Et
1051 2335 239 54 quia,
1184 2335 106 54 ut

259 2412 192 53 dixi
379 2412 240 53 supra,
547 2412 264 53 notitia
739 2412 264 53 simplex
930 2412 168 53 est
1026 2412 216 53 ratio
1146 2412 144 53 for¬-

254 2487 233 52 malis
409 2487 388 52 producendi,
719 2487 207 52 etc.
849 2487 207 52 tunc
952 2487 336 52 intellectus

249 2563 168 54 ut
333 2563 393 54 informatus
642 2563 224 54 tali
782 2563 309 54 notitia
978 2563 309 54 simplici,

251 2639 222 53 quia
390 2639 166 53 ut
473 2639 194 53 sic
584 2639 194 53 est
695 2639 222 53 vere
833 2639 416 53 productivus
1138 2639 139 53 ra¬-

256 2715 215 51 tione
400 2715 287 51 notitiae
615 2715 335 51 simplicis,
878 2715 191 51 ideo
998 2715 168 51 sic
1070 2715 215 51 dicitur

251 2791 409 48 intellectus
578 2791 164 48 ut
660 2791 300 48 natura,
878 2791 191 48 cum
987 2791 273 48 natura
1151 2791 136 48 sit

252 2867 270 52 quaedam
449 2867 172 52 vis
547 2867 246 52 insita
719 2867 221 52 rebus
866 2867 147 52 ex
940 2867 319 52 similibus
1161 2867 123 52 si¬-

256 2940 211 53 milia
396 2940 328 53 procreans.
654 2940 211 53 Dicit
795 2940 211 53 etiam
935 2940 141 53 in
1006 2940 188 53 ista
1099 2940 188 53 litte¬-

252 3015 173 55 ra,
351 3015 198 55 quod
475 3015 272 55 notitia
672 3015 272 55 simplex
870 3015 148 55 et
944 3015 272 55 notitia
1117 3015 173 55 geni¬-

249 3098 168 43 ta
333 3098 224 43 sive
473 3098 280 43 verbum
669 3098 224 43 sunt
810 3098 196 43 una
922 3098 196 43 res
1006 3098 280 43 secundum

249 3171 202 51 rem,
375 3171 177 51 sed
476 3171 253 51 tantum
654 3171 278 51 differt
856 3171 253 51 verbum
1033 3171 127 51 a
1058 3171 228 51 notitia

249 3246 336 54 simplici,
508 3246 207 54 quia
637 3246 258 54 verbum
818 3246 310 54 procedit
1050 3246 155 54 ab
1128 3246 155 54 ea
1180 3246 103 54 ut

248 3324 420 53 declarativa
584 3324 252 53 ejus,
752 3324 280 53 verbum
948 3324 224 53 enim
1060 3324 224 53 tantum

251 3400 226 47 valet,
410 3400 204 47 sicut
545 3400 181 47 scio
658 3400 136 47 me
726 3400 158 47 hoc
794 3400 181 47 scire.

304 3474 167 54 (g)
400 3474 239 54 Expono
567 3474 215 54 tamen
710 3474 358 54 aliqualiter
997 3474 191 54 hanc
1092 3474 191 54 litte¬-

250 3549 191 45 ram
359 3549 163 45 de
440 3549 245 45 verbo
604 3549 163 45 ad
685 3549 299 45 verbum.
903 3549 191 45 Cum
1012 3549 272 45 dicit:
1175 3549 109 45 Et

1347 292 174 53 hinc
1456 292 240 53 apparet
1631 292 327 53 differentia
1892 292 327 53 intellectus
2154 292 131 53 ut
2198 292 174 53 intel¬-

1347 368 240 52 lectus,
1521 368 131 52 et
1587 368 327 52 intellectus
1848 368 131 52 ut
1914 368 240 52 natura,
2088 368 196 52 vocat
2197 368 174 52 intel¬-

1344 446 252 52 lectum
1520 446 151 52 ut
1595 446 402 52 intellectum,
1922 446 226 52 ipsum
2048 446 327 52 intellectum

1341 521 155 54 ut
1419 521 233 54 nudum
1574 521 155 54 et
1652 521 207 54 mere
1781 521 311 54 passivum
2014 521 129 54 ;
2066 521 155 54 et
2118 521 259 54 intelle¬-

1346 596 192 52 ctum
1466 596 144 52 ut
1538 596 263 52 natura,
1729 596 216 52 vocat
1873 596 359 52 intellectum
2136 596 240 52 informa¬-

1344 672 168 55 tum
1440 672 264 55 notitia
1632 672 288 55 simplici
1848 672 288 55 objecti.
2064 672 288 55 Sequitur
2256 672 120 55 de¬-

1345 747 275 54 claratio
1552 747 184 54 quid
1666 747 161 54 sit
1758 747 344 54 intellectus
2034 747 138 54 ul
2103 747 207 54 nudus
2240 747 138 54 et
2286 747 92 54 ut

1344 824 219 52 natura
1498 824 110 52 ;
1541 824 197 52 dicit
1673 824 175 52 enim
1783 824 175 52 quia
1892 824 329 52 intellectus
2156 824 132 52 ut
2221 824 132 52 in
2265 824 110 52 Pa¬-

1344 901 157 52 tre
1433 901 269 52 existens
1635 901 135 52 in
1702 901 179 52 actu
1814 901 359 52 inlelligendi
2106 901 179 52 suam
2196 901 179 52 essen¬-

1344 974 198 54 tiam,
1476 974 132 54 id
1542 974 176 54 est,
1651 974 263 54 simplici
1849 974 242 54 notitia
2025 974 307 54 essentia;,
2244 974 132 54 quem

1342 1052 216 52 actum
1486 1052 192 52 sive
1606 1052 192 52 quam
1726 1052 288 52 notitiam
1942 1052 288 52 operatur
2158 1052 192 52 ipsa
2254 1052 120 52 es¬-

1344 1127 210 52 sentia
1491 1127 126 52 in
1554 1127 168 52 ipso
1660 1127 295 52 intellectu
1891 1127 168 52 suo,
1996 1127 126 52 ut
2059 1127 189 52 talis
2165 1127 210 52 intelle¬

1.1999999E7 9.999999E6 -1.1999999E7 -9.999999E6 producendi

1345 1204 175 52 ctus
1455 1204 153 52 est
1542 1204 197 52 quasi
1674 1204 131 52 in
1740 1204 285 52 potentia,
1959 1204 263 52 scilicet
2134 1204 241 52 receptiva

1342 1276 141 49 ad
1412 1276 281 49 notitiam
1623 1276 375 49 essentialem,
1927 1276 187 49 sive
2044 1276 281 49 notitiam
2231 1276 141 49 sim¬-

1339 1350 241 52 plicem
1508 1350 241 52 ipsius
1677 1350 338 52 essentia;;
1942 1350 145 52 et
2014 1350 217 52 vocat
2135 1350 241 52 notitiam

1339 1427 387 53 essentialem
1648 1427 129 53 ,
1700 1427 206 53 quia
1829 1427 180 53 est
1932 1427 309 53 communis
2138 1427 232 53 omnibus

1338 1502 299 54 personis,
1568 1502 138 54 et
1637 1502 138 54 ut
1706 1502 368 54 distinguitur
2005 1502 115 54 a
2051 1502 253 54 notitia
2212 1502 161 54 noti-

1339 1577 244 52 onali,
1510 1577 195 52 qua;
1632 1577 171 52 est
1729 1577 244 52 Verbum
1876 1577 244 52 divinum.

1389 1655 294 53 Secundum
1610 1655 294 53 rationem
1831 1655 417 53 inlelligendi,
2175 1655 147 53 id
2224 1655 147 53 est,

1336 1730 296 54 secundum
1558 1730 222 54 illam
1706 1730 296 54 notitiam
1928 1730 395 54 essentialem,
2224 1730 148 54 ipse

1337 1805 345 52 intellectus
1613 1805 230 52 Patris
1774 1805 161 52 est
1867 1805 299 52 fecundus,
2074 1805 299 52 fecunditate

1333 1879 345 56 naturali{
1599 1879 186 56 nam
1705 1879 186 56 est
1811 1879 371 56 fecunditas
2103 1879 186 56 per
2182 1879 186 56 modum

1335 1956 295 54 naturae,
1557 1956 148 54 et
1631 1956 345 54 fecunditas
1901 1956 172 54 per
2000 1956 221 54 modum
2123 1956 246 54 volunta¬-

1336 2030 202 54 tis.
1462 2030 151 54 Et
1537 2030 277 54 dicitur
1739 2030 277 54 aliquid
1941 2030 328 54 fecundum,
2167 2030 202 54 quando

1337 2106 173 53 est
1436 2106 346 53 principium
1708 2106 370 53 productivum
2004 2106 370 53 dispositum,
2275 2106 99 53 et

1333 2181 191 55 non
1442 2181 356 55 impeditum
1716 2181 137 55 )
1770 2181 164 55 ad
1852 2181 410 55 producendum
2181 2181 164 55 de
2235 2181 137 55 se-

1335 2258 218 52 ipso,
1480 2258 290 52 scilicet
1698 2258 339 52 intellectu
1964 2258 218 52 nudo,
2109 2258 145 52 et
2181 2258 169 52 per
2254 2258 121 52 im¬-

1334 2333 401 54 pressionem,
1655 2333 160 54 ut
1735 2333 214 54 dixi
1869 2333 240 54 supra
2029 2333 294 54 aliquid
2216 2333 160 54 sibi

1336 2412 272 52 simile,
1534 2412 148 52 ad
1608 2412 222 52 quod,
1756 2412 296 52 scilicet
1979 2412 346 52 principium
2226 2412 148 52 for¬-

1337 2486 197 56 male
1461 2486 395 56 productivum,
1781 2486 222 56 (quod
1929 2486 173 56 est
2028 2486 197 56 ipse
2126 2486 247 56 intelle¬-

1338 2562 183 55 ctus
1453 2562 275 55 formatus
1659 2562 252 55 notitia
1843 2562 298 55 simplici)
2072 2562 161 55 est
2164 2562 206 55 quasi
2278 2562 92 55 in

1330 2641 277 53 potentia
1537 2641 323 53 receptiva,
1791 2641 138 53 id
1860 2641 184 53 est,
1975 2641 184 53 quod
2067 2641 300 53 intellectus

1334 2716 212 56 nudus
1476 2716 165 56 est
1570 2716 212 56 quasi
1711 2716 329 56 receptivus
1969 2716 282 56 notitiae
2157 2716 212 56 genitae

1337 2793 138 55 ab
1406 2793 183 55 ipso
1521 2793 321 55 intellecta
1773 2793 252 55 formato
1956 2793 115 55 ;
2002 2793 161 55 qui
2071 2793 298 55 intellectus

1333 2869 303 55 formatus
1560 2869 277 55 dicitur
1762 2869 353 55 principium
2014 2869 353 55 productivum,

1332 2947 158 52 per
1423 2947 158 52 hoc
1513 2947 180 52 quod
1625 2947 158 52 esi
1715 2947 180 52 actu
1828 2947 158 52 sub
1918 2947 180 52 illa
2030 2947 248 52 notitia
2188 2947 180 52 essen¬-

1335 3023 225 57 tiali,
1493 3023 180 57 quia
1606 3023 180 57 illa
1718 3023 270 57 notitia,
1921 3023 158 57 (ut
2011 3023 180 57 dixi
2123 3023 225 57 supra)
2258 3023 113 57 est

1332 3098 228 58 ratio
1484 3098 304 58 formalis
1711 3098 354 58 producendi
1990 3098 304 58 notitiam
2192 3098 177 58 geni¬-

1330 3176 196 50 tam
1442 3176 335 50 secundum
1693 3176 251 50 ipsum
1833 3176 307 50 Henricum.

1386 3252 359 52 Intellectus
1673 3252 216 52 enim,
1817 3252 144 52 ut
1889 3252 168 52 est
1985 3252 263 52 quaedam
2152 3252 216 52 notitia

1336 3326 365 50 essentialis,
1633 3326 137 50 id
1701 3326 183 50 est,
1815 3326 137 50 ut
1884 3326 160 50 est
1975 3326 228 50 habens
2135 3326 205 50 talem
2249 3326 114 50 no¬-

1333 3402 240 52 titiam
1501 3402 120 52 ;
1549 3402 288 52 secundum
1765 3402 240 52 actum,
1934 3402 144 52 id
2006 3402 192 52 est,
2126 3402 168 52 per
2198 3402 168 52 illam

1333 3477 180 53 est
1436 3477 154 53 in
1513 3477 206 53 actu
1642 3477 437 53 principiandi,
2002 3477 206 53 quia
2105 3477 257 53 secundum

1333 3553 211 53 illam
1473 3553 257 53 dicitur
1660 3553 234 53 natura
1824 3553 140 53 et
1894 3553 328 53 principium
2128 3553 234 53 activum,
