2711 3950
293 328 223 59 VIIm
432 328 167 59 et
516 328 390 59 elicitivum
822 328 334 59 notitiae
1045 328 278 59 genitae.

348 404 261 60 IIoc
511 404 358 60 improbo
772 404 228 60 sic
902 404 228 60 (a)
1033 404 163 60 :
1065 404 261 60 Verbum

290 480 208 59 non
409 480 356 59 gignitur
676 480 178 59 ab
766 480 535 59 intelligentia,
1181 480 149 59 sed

286 556 180 58 a
358 556 432 58 memoria,
682 556 432 58 secundum
970 556 360 58 Augusti¬-

296 632 190 59 num
405 632 190 59 15.
513 632 163 59 de
595 632 299 59 Trinit.
812 632 218 59 cap.
948 632 163 59 7.
1030 632 218 59 ergo
1139 632 190 59 licet

294 709 188 48 in
388 709 283 48 Patre
576 709 440 48 concurrant
922 709 377 48 memoria,
1173 709 157 48 in¬-

292 784 445 60 telligentia
648 784 178 60 et
737 784 386 60 voluntas,
1034 784 267 60 Pater
1183 784 148 60 non

292 859 298 62 gignet
501 859 298 62 Verbum
709 859 327 62 formali
947 859 208 62 ter
1036 859 298 62 intelli¬-

291 935 335 61 gentia
526 935 201 61 ut
627 935 268 61 quo,
794 935 235 61 sed
929 935 402 61 memoria.
1197 935 134 61 Ut

291 1010 313 50 autem
500 1010 313 50 habet
708 1010 417 50 notitiam
986 1010 348 50 actualem

297 1087 275 61 quasi
481 1087 366 61 elicitam
755 1087 183 61 et
847 1087 183 61 ut
938 1087 275 61 actum
1091 1087 244 61 secun¬-

298 1160 224 59 dum,
438 1160 196 59 est
550 1160 168 59 in
635 1160 224 59 actu
775 1160 533 59 intelligentiae,
1196 1160 140 59 cu¬-

290 1236 215 62 jus
413 1236 215 62 est
536 1236 246 62 omne
689 1236 460 62 intelligcre
1027 1236 307 62 actuale;

292 1314 269 60 ergo
460 1314 202 60 ut
561 1314 235 60 sic
696 1314 235 60 non
830 1314 336 60 gignet
1032 1314 302 60 Verbum,

299 1390 196 53 sed
411 1390 168 53 ut
495 1390 196 53 est
607 1390 168 53 in
691 1390 224 53 actu
832 1390 364 53 memoriae,
1112 1390 168 53 id
1168 1390 168 53 est,

294 1466 196 61 ut
392 1466 294 61 habet
588 1466 392 61 objectum
850 1466 490 61 intelligibile

301 1542 378 62 praesens
584 1542 472 62 intellectui
961 1542 252 62 suo,
1119 1542 189 62 in
1182 1542 157 62 hoc

294 1619 270 60 enim
463 1619 540 60 intelligitur
902 1619 304 60 actus
1071 1619 270 60 primus

301 1695 283 61 quasi
489 1695 441 61 praecedens
836 1695 283 61 actum
993 1695 346 61 secundum,

302 1774 192 59 qui
411 1774 192 59 est
521 1774 220 59 actu
631 1774 385 59 intelligere.

361 1848 339 59 Secundo
607 1848 215 59 sic
731 1848 154 59 :
792 1848 400 59 Productio
1100 1848 215 59 (b)
1192 1848 154 59 ma¬-

300 1922 198 63 gis
413 1922 339 63 convenit
667 1922 255 63 actui
837 1922 283 63 primo,
1035 1922 170 63 ut
1092 1922 255 63 princi¬-

307 2001 221 61 pio
434 2001 442 61 productivo
781 2001 253 61 quam
939 2001 284 61 actui
1097 2001 253 61 secun¬-

304 2075 215 64 do,
427 2075 246 64 quia
581 2075 460 64 operationes
949 2075 399 64 perfectae
1225 2075 123 64 de

311 2155 317 51 ratione
542 2155 202 51 sui
657 2155 231 51 sunt
801 2155 288 51 fines,
1003 2155 173 51 et
1090 2155 202 51 non
1176 2155 173 51 sunt

308 2229 326 63 gratia
536 2229 358 63 aliorum
797 2229 358 63 finium;
1058 2229 261 63 ergo
1188 2229 163 63 in-

290 2299 271 74 e'E.ph'
487 2299 345 74 tellcctio,
758 2299 148 74 ut
832 2299 172 74 est
930 2299 295 74 operatio
1127 2299 222 74 Patris,

290 2381 198 61 com.
414 2381 173 61 16.
513 2381 173 61 non
611 2381 173 61 es£
710 2381 222 61 ratio
858 2381 296 61 formalis
1056 2381 296 61 productiva

311 2460 357 61 alicujus
579 2460 357 61 termini,
846 2460 208 61 sed
965 2460 297 61 tantum
1144 2460 208 61 actus

311 2534 319 63 primus,
543 2534 261 63 cujus
717 2534 319 63 virtute
948 2534 348 63 elicitur
1180 2534 174 63 illa

308 2617 413 62 operatio,
626 2617 254 62 erit
785 2617 445 62 principium
1103 2617 254 62 produ¬

278 2703 278 46 ctivum.

366 2780 309 61 Tertio
583 2780 217 61 sic
706 2780 217 61 (c)
830 2780 155 61 :
892 2780 186 61 Si
954 2780 402 61 intellectio

310 2862 299 51 Patris
519 2862 359 51 actualis
789 2862 209 51 est
908 2862 269 51 ratio
1058 2862 299 51 formalis

309 2946 473 64 producendi
681 2946 371 64 Verbum,
951 2946 304 64 adhuc
1120 2946 236 64 obje¬-

312 3028 254 61 ctum
471 3028 191 61 ut
566 3028 381 61 praesens
852 3028 476 61 intellectui
1201 3028 159 61 Pa¬-

312 3109 295 57 tris,
509 3109 197 57 ut
607 3109 361 57 habenti
869 3109 393 57 rationem
1132 3109 229 57 memo¬-

318 3188 268 64 riae,
497 3188 238 64 erit
646 3188 417 64 principium
974 3188 268 64 prius
1123 3188 238 64 produ¬-

316 3273 316 60 ctivum
538 3273 380 60 notitiae
822 3273 380 60 genitae,
1107 3273 253 60 quia
1234 3273 127 60 in

315 3355 285 61 nobis
505 3355 348 61 apparet
759 3355 253 61 quod
917 3355 285 61 illud
1107 3355 222 61 est
1202 3355 158 61 na¬-

313 3437 253 59 tum
457 3437 542 59 immediatius
891 3437 397 59 gignere
1143 3437 217 59 quam

319 3517 284 61 actus
509 3517 537 61 intelligendi;
951 3517 253 61 ergo
1077 3517 284 61 aliquod

316 3601 326 61 Verbum
545 3601 294 61 prius
740 3601 261 61 erit
903 3601 359 61 genitum
1164 3601 163 61 a
1197 3601 163 61 Pa¬

1369 326 214 60 tre
1492 326 183 60 ut
1583 326 153 60 a
1645 326 367 60 memoria,
1920 326 245 60 quam
2073 326 183 60 ut
2164 326 183 60 ab
2226 326 183 60 ipsa

1375 403 477 59 intelligentia
1740 403 309 59 noscente.

1443 482 329 55 Confirmatur,
1711 482 164 55 quia
1813 482 144 55 per
1896 482 123 55 te
1957 482 247 55 essentia
2142 482 164 55 qua-
2224 482 206 55 Adaitio.

1379 557 144 56 si
1451 557 287 56 operatur
1666 557 216 56 actum
1810 557 383 56 intelligendi
2098 557 311 56 essentialem

1383 634 134 55 in
1450 634 313 55 intellectu
1695 634 246 55 paterno
1874 634 112 55 ;
1919 634 179 55 ipsa
2030 634 246 55 irjiiur
2209 634 134 55 ut
2254 634 156 55 prce-

1382 709 188 56 sens
1499 709 375 56 intellectui,
1804 709 164 56 est
1897 709 328 56 sufficiens
2132 709 281 56 principium

1383 786 191 54 quo,
1502 786 286 54 respectu
1717 786 429 54 intellectionis
2074 786 310 54 actualis,
2289 786 119 54 sed

1381 861 212 57 quod
1514 861 186 57 non
1620 861 186 57 sit
1726 861 239 57 quasi
1885 861 371 57 principium
2151 861 265 57 respectu

1386 937 187 55 ejus
1503 937 141 55 ut
1573 937 141 55 in
1643 937 234 55 Patre,
1807 937 164 55 hoc
1901 937 187 55 est,
2018 937 187 55 quia
2135 937 187 55 illa
2229 937 187 55 intel¬-

1388 1012 252 56 lectio
1564 1012 252 56 Patris
1740 1012 176 56 est
1841 1012 478 56 improducibilis;
2218 1012 201 56 igitur

1386 1086 281 56 respectu
1596 1086 281 56 notitiae
1807 1086 281 56 actualis
2017 1086 374 56 producibiiis
2298 1086 117 56 est

1387 1162 207 56 ipsa
1516 1162 388 56 simpliciter
1827 1162 362 56 principium
2111 1162 207 56 quo,
2240 1162 155 56 et
2292 1162 129 56 ita

1377 1237 317 55 primum
1599 1237 317 55 verbum
1821 1237 222 55 non
1948 1237 444 55 producetur
2265 1237 159 55 per

1385 1313 329 52 notitiam
1631 1313 356 52 actualem,
1905 1313 192 52 vel
1987 1313 438 52 intellectionem

1388 1389 310 57 actualem
1621 1389 285 57 Patris,
1828 1389 155 57 ut
1906 1389 181 57 per
2009 1389 310 57 rationem
2216 1389 207 57 forma¬-

1389 1465 196 56 lem
1501 1465 448 56 productivam,
1865 1465 196 56 sed
1976 1465 196 56 per
2088 1465 252 56 ipsam
2228 1465 196 56 memo¬-

1388 1542 233 52 riam.
1544 1542 363 52 Praeterea,
1829 1542 233 52 omnis
1984 1542 415 52 intellectio,
2295 1542 130 52 cum

1392 1619 202 55 ejus
1518 1619 202 55 esse
1644 1619 177 55 sit
1745 1619 151 55 in
1821 1619 252 55 fieri,
1997 1619 227 55 habet
2123 1619 303 55 principium

1391 1694 177 58 vel
1492 1694 227 58 quasi
1643 1694 379 58 principium,
1947 1694 227 58 cujus
2098 1694 202 58 esse
2225 1694 177 58 non
2301 1694 126 58 sit

1396 1770 141 56 in
1466 1770 235 56 fieri,
1630 1770 188 56 quia
1748 1770 211 56 alias
1888 1770 211 56 esset
2029 1770 305 56 processus
2264 1770 141 56 in
2311 1770 117 56 in¬-

1394 1847 295 56 finitum;
1616 1847 295 56 alicujus
1837 1847 246 56 igitur
2010 1847 443 56 intellectionis
2354 1847 74 56 A

1396 1923 296 55 objecti,
1618 1923 197 55 puta
1741 1923 271 55 primee,
1938 1923 271 55 necesse
2135 1923 172 55 est
2209 1923 222 55 princi¬-

1392 1999 219 55 pium
1529 1999 192 55 vel
1638 1999 246 55 quasi
1802 1999 383 55 principium
2103 1999 219 55 esse
2213 1999 219 55 lanium

1395 2075 355 55 memoriam,
1668 2075 191 55 ita
1777 2075 218 55 quod
1913 2075 191 55 non
2023 2075 191 55 hoc
2132 2075 273 55 totum,
2296 2075 136 55 in¬-

1402 2152 305 56 tellectus
1636 2152 375 56 inlelligens,
1941 2152 211 56 alias
2082 2152 188 56 ista
2199 2152 164 56 non
2270 2152 164 56 esset

1396 2228 228 55 prima
1548 2228 405 55 intellectio;
1877 2228 177 55 sed
1978 2228 228 55 omnes
2105 2228 329 55 intellecti¬-

1400 2304 197 57 ones
1524 2304 148 57 A,
1597 2304 148 57 et
1671 2304 148 57 in
1745 2304 345 57 intellectu
2016 2304 271 57 ejusdem
2189 2304 246 57 rationis

1398 2381 219 56 sunt
1534 2381 301 56 ejusdem
1753 2381 355 56 rationis,
2026 2381 328 56 quidquid
2245 2381 191 56 autem

1402 2457 172 57 est
1501 2457 320 57 perfectum
1747 2457 344 57 principium
2017 2457 221 57 primi
2165 2457 148 57 in
2214 2457 221 57 specie,

1398 2535 274 55 potest
1590 2535 219 55 esse
1727 2535 384 55 principium
2029 2535 411 55 cujuscumque
2330 2535 110 55 et

1401 2611 372 56 immediate;
1694 2611 266 56 igitur
1880 2611 293 56 memoria
2093 2611 319 56 perfecta
2306 2611 133 56 po¬-

1404 2687 231 56 test
1548 2687 231 56 esse
1692 2687 404 56 immediatum
2010 2687 404 56 principium
2298 2687 144 56 vel

1407 2763 221 55 quasi
1555 2763 344 55 principium
1825 2763 221 55 omnis
1972 2763 442 55 intellectionis
2341 2763 123 55 A
2365 2763 74 55 ;

1407 2840 246 55 igitur
1580 2840 270 55 memoria
1776 2840 246 55 Patris
1948 2840 246 55 potest
2120 2840 197 55 esse
2219 2840 221 55 princi¬-

1403 2915 213 55 pium
1537 2915 373 55 immediatum
1829 2915 266 55 verbi,
2016 2915 266 55 igitur
2176 2915 266 55 necessa¬-

1412 2992 150 42 rio
1476 2992 128 42 est.

1470 3067 289 56 Contra,
1680 3067 263 56 igitur
1864 3067 184 56 non
1969 3067 184 56 sic
2074 3067 289 56 memoria
2258 3067 184 56 Filii

1408 3143 159 56 ad
1488 3143 478 56 intelligentiam
1886 3143 266 56 Filii,
2072 3143 239 56 sicut
2205 3143 239 56 memoria

1408 3219 248 56 Patris
1582 3219 149 56 ad
1656 3219 446 56 intelligentiam
2002 3219 223 56 Patris.

1469 3292 380 59 Praeterea,
1767 3292 271 59 verbum
1957 3292 190 59 (d)
2066 3292 190 59 est
2174 3292 271 59 illius
2337 3292 136 59 is.

1401 3368 509 58 immediatius
1808 3368 339 58 verbum
2046 3368 170 58 a
2114 3368 238 58 quo
2215 3368 238 58 imme¬-

1405 3441 339 63 diatius
1652 3441 462 63 exprimitur;
2022 3441 247 63 ergo
2176 3441 185 63 si
2237 3441 216 63 ratio

1407 3518 371 50 elicitiva
1692 3518 257 50 verbi
1863 3518 200 50 sit
1977 3518 342 50 actualis
2205 3518 257 50 notitia

1403 3596 191 53 ut
1499 3596 191 53 in
1594 3596 446 53 intellectu
1945 3596 318 53 Patris
2136 3596 318 53 formato,
