2653 3950
63 350 351 54 primerelur
339 350 125 54 a
389 350 276 54 notilia
590 350 301 54 simplici
815 350 150 54 ul
890 350 125 54 a
915 350 176 54 prin¬-

61 426 231 52 cipio
215 426 282 52 fjrmali
421 426 385 52 prodaclivo,
729 426 231 52 furic
883 426 154 52 ab
934 426 154 52 ipsa

56 502 505 50 specificaretur,
481 502 186 50 non
588 502 133 50 a
641 502 292 50 memoria
826 502 266 50 fecunda,

57 579 163 52 et
138 579 190 52 sic
247 579 244 52 magis
410 579 163 52 et
491 579 407 52 immediatius
817 579 244 52 esset
953 579 136 52 ex¬-

58 655 294 49 pressiva
279 655 147 49 et
353 655 393 49 mamfestaliva
672 655 294 49 notitiae
868 655 221 49 simpli¬-

58 729 197 50 cis,
181 729 197 50 quam
304 729 270 50 objecti
501 729 197 50 sive
624 729 320 50 essentiae
845 729 246 50 divinae.

56 804 176 53 Nam
156 804 327 53 quaelibet
408 804 276 53 notitia
609 804 302 53 (proprie
810 804 276 53 loquendo)

59 881 181 51 est
162 881 258 51 semper
343 881 361 51 expressiva
627 881 258 51 illius
807 881 129 51 a
859 881 181 51 quo
936 881 155 51 spe-

59 957 360 53 cificalur.
342 957 206 53 Unde
471 957 283 53 notitia
677 957 283 53 simplex
857 957 232 53 dicitur

59 1033 327 48 immediate
310 1033 377 48 declarativa
612 1033 327 48 essentiae
839 1033 252 48 divinae,

60 1108 176 52 cum
160 1108 151 52 ab
236 1108 201 52 ipsa
361 1108 427 52 specificelur,
713 1108 151 52 ut
788 1108 226 52 patet
938 1108 126 52 a
964 1108 126 52 Do-

57 1183 238 53 clore
215 1183 238 53 infra
374 1183 238 53 disl.
533 1183 185 53 27.
639 1183 185 53 Cum
745 1183 212 53 ergo
851 1183 238 53 notilia

53 1260 288 50 genita
255 1260 230 50 apud
398 1260 259 50 omnes
571 1260 201 50 sit
686 1260 374 50 immediate
945 1260 144 50 ex¬-

58 1335 294 50 pressiva
278 1335 318 50 essentiae
522 1335 269 50 divinae
718 1335 196 50 sive
816 1335 269 50 memoriae,

55 1409 325 52 sequitur
299 1409 217 52 quod
434 1409 352 52 immediate
705 1409 380 52 exprimitur
977 1409 108 52 ab

57 1486 190 48 illa
176 1486 142 48 et
247 1486 166 48 non
342 1486 119 48 a
389 1486 261 48 notitia
555 1486 261 48 simplici.

107 1560 176 53 (e)
207 1560 352 53 Praeterea,
484 1560 151 53 si
559 1560 302 53 actualis
760 1560 327 53 intellectio

55 1636 277 52 Patris.
257 1636 252 52 Quinto
433 1636 202 52 sive
559 1636 252 52 ultimo
736 1636 252 52 arguit
887 1636 202 52 Doctor

56 1714 251 51 contra
231 1714 326 51 Henrieum,
482 1714 150 51 et
557 1714 301 51 supponit
783 1714 176 51 duo
883 1714 150 51 in
934 1714 150 51 isto

54 1790 353 52 argumento.
331 1790 277 52 Primum,
533 1790 202 52 quod
659 1790 303 52 actualis
861 1790 227 52 notitia

53 1865 191 51 est
162 1865 163 51 ab
243 1865 327 51 essentia
489 1865 272 51 divina
679 1865 163 51 ut
761 1865 136 51 a
788 1865 300 51 principio

52 1941 421 51 productivo,
389 1941 224 51 quod
529 1941 253 51 etiam
697 1941 224 51 ipse
809 1941 281 51 Henricus

58 2017 319 50 concedit,
304 2017 147 50 ut
377 2017 221 50 supra
524 2017 270 50 patuit;
720 2017 147 50 et
794 2017 221 50 patet
916 2017 172 50 etiam

56 2090 295 52 ratione,
278 2090 197 52 quia
401 2090 148 52 si
475 2090 295 52 actualis
696 2090 271 52 notitia
869 2090 221 52 simplex

54 2166 180 47 non
157 2166 232 47 esset
312 2166 335 47 immediate
570 2166 155 47 ab
647 2166 335 47 essentia,
905 2166 180 47 sed
982 2166 103 47 ab

59 2240 188 52 alia
176 2240 282 52 notilia,
387 2240 188 52 tunc
504 2240 235 52 quaero
669 2240 141 52 de
739 2240 188 52 illa
856 2240 211 52 alia,
974 2240 117 52 aut

56 2314 181 49 est
159 2314 335 49 immediate
417 2314 155 49 ab
495 2314 335 49 essentia,
753 2314 181 49 aut
856 2314 181 49 non
959 2314 129 49 ;
985 2314 103 49 si

51 2391 327 52 primum,
289 2391 208 52 non
408 2391 208 52 est
527 2391 267 52 major
705 2391 267 52 ratio
883 2391 178 52 de
942 2391 149 52 una

54 2466 225 54 quam
194 2466 169 54 de
279 2466 253 54 alia;
447 2466 169 54 si
532 2466 365 54 secundum,
813 2466 225 54 ergo
925 2466 169 54 erit

56 2539 327 52 processus
308 2539 151 52 in
383 2539 327 52 infinitum
635 2539 151 52 in
710 2539 327 52 notitiis.
937 2539 151 52 Stat

58 2621 227 53 ergo,
209 2621 202 53 quod
335 2621 277 53 notitia
537 2621 277 53 simplex
738 2621 176 53 sit
839 2621 151 53 ab
889 2621 202 53 essen¬-

55 2694 191 51 tia
164 2694 218 51 sive
300 2694 136 51 a
355 2694 327 51 memoria.
600 2694 300 51 Secundo
791 2694 300 51 supponit,

60 2770 190 53 quod
179 2770 262 53 notitia
370 2770 238 53 genita
536 2770 143 53 et
608 2770 262 53 notilia
774 2770 310 53 essentialis

55 2845 212 52 sunt
188 2845 292 52 ejusdem
400 2845 345 52 rationis,
666 2845 265 52 patet,
851 2845 212 52 quia
957 2845 133 52 non

54 2923 312 51 variatur
288 2923 234 51 ratio
444 2923 312 51 formalis
677 2923 156 51 ex
755 2923 182 51 hoc
859 2923 208 51 quod
963 2923 130 51 est

49 2999 245 41 esse
203 2999 490 41 communicatum
601 2999 184 41 et
693 2999 214 41 non
785 2999 306 41 communi¬-

52 3074 266 52 catum,
239 3074 213 52 quia
372 3074 213 52 tunc
505 3074 320 52 essentia
745 3074 266 52 divina
905 3074 186 52 esset

48 3149 321 41 alterius
289 3149 321 41 rationis
529 3149 160 41 ut
609 3149 160 41 in
689 3149 240 41 Patre
850 3149 160 41 et
930 3149 160 41 ut
983 3149 107 41 in

47 3224 274 51 Filio,
239 3224 219 51 quia
376 3224 165 51 in
458 3224 247 51 Patre
623 3224 192 51 non
732 3224 192 51 est
815 3224 274 51 communi¬-

51 3301 201 51 cata
176 3301 176 51 per
277 3301 426 51 productionem,
628 3301 150 51 in
703 3301 226 51 Filio
853 3301 176 51 est
929 3301 150 51 com¬-

49 3377 325 51 municata
293 3377 190 51 per
401 3377 461 51 generationem.
781 3377 244 51 Dicit
916 3377 163 51 ergo

50 3452 281 51 Doctor
247 3452 225 51 quod
387 3452 169 51 si
472 3452 309 51 notitia
696 3452 309 51 simplex
893 3452 197 51 esset

55 3528 295 48 realiter
277 3528 320 48 distincta
523 3528 123 48 a
572 3528 246 48 Patre,
744 3528 221 48 talis
868 3528 221 48 notilia

58 3604 231 51 esset
212 3604 206 51 vere
341 3604 308 51 producta
572 3604 154 51 et
649 3604 206 51 vere
778 3604 283 51 genita;
958 3604 128 51 er¬

1139 357 164 51 go
1221 357 191 51 cum
1330 357 328 51 essentia
1575 357 273 51 divina
1767 357 191 51 sit
1848 357 328 51 principium

1144 429 259 56 formale
1333 429 354 56 productivum
1616 429 283 56 notitiae
1805 429 377 56 simplicis,quae

1145 508 202 50 vere
1271 508 177 50 non
1372 508 429 50 principiatur,
1726 508 202 50 quia
1852 508 303 50 realiter
2054 508 126 50 non

1145 580 384 53 distinguitur
1457 580 120 53 a
1505 580 312 53 supposito
1744 580 408 53 principiante,
2056 580 120 53 ad¬-

1139 656 187 52 huc
1246 656 240 52 esset
1406 656 374 52 principium
1700 656 400 52 productivum
1993 656 187 52 ejus¬-

1142 731 177 54 dem
1243 731 152 54 si
1319 731 202 54 vere
1445 731 480 54 principiaretur;
1849 731 202 54 ergo
1950 731 227 54 notitia

1139 809 260 50 genita,
1328 809 189 50 quae
1446 809 189 50 vere
1564 809 378 50 principiatur
1871 809 118 50 a
1918 809 236 50 Patre,
2060 809 118 50 est

1138 885 164 41 ab
1220 885 327 41 essentia
1465 885 273 41 divina
1656 885 218 41 sive
1792 885 136 41 a
1847 885 300 41 memoria
2038 885 136 41 fe¬-

1141 960 251 52 cunda,
1317 960 151 52 ut
1392 960 126 52 a
1442 960 327 52 principio
1694 960 276 52 formali
1870 960 302 52 productivo

1141 1037 147 50 et
1214 1037 269 50 notilia
1410 1037 318 50 simplici,
1654 1037 147 50 ul
1728 1037 269 50 dicebat
1899 1037 269 50 Henricus.

1193 1112 180 53 Sed
1296 1112 231 53 circa
1450 1112 180 53 hoc
1553 1112 206 53 quod
1682 1112 231 53 dicit
1836 1112 308 53 notitiam
2041 1112 129 53 ge¬-

1135 1187 239 53 nitam
1295 1187 159 53 et
1374 1187 319 53 notitiam
1613 1187 345 53 simplicem
1879 1187 212 53 esse
1985 1187 186 53 ejus¬-

1136 1261 191 54 dem
1245 1261 354 54 rationis,
1517 1261 354 54 occurrunt
1789 1261 272 54 aliqua
1952 1261 218 54 dubia.

1136 1339 253 50 Primo,
1313 1339 202 50 quia
1439 1339 278 50 notitia
1642 1339 278 50 simplex
1844 1339 177 50 est
1920 1339 253 50 formali-

1139 1414 179 51 ter
1242 1414 333 51 perfectio
1498 1414 410 51 simpliciter,
1832 1414 282 51 notilia
2011 1414 154 51 vero

1134 1489 252 54 genita
1310 1489 176 54 non
1411 1489 176 54 est
1511 1489 352 54 formaliter
1788 1489 327 54 perfectio
2015 1489 151 54 sim¬-

1138 1567 228 51 plex.
1290 1567 253 51 Primum
1467 1567 228 51 patet
1618 1567 127 51 a
1669 1567 278 51 Doctore
1871 1567 228 51 infra
1998 1567 177 51 prae¬-

1138 1643 211 51 senti
1278 1643 211 51 dist.
1419 1643 141 51 et
1489 1643 211 51 dist.
1630 1643 141 51 8.
1700 1643 141 51 et
1770 1643 141 51 in
1841 1643 258 51 quolib.
2005 1643 164 51 item,

1137 1719 135 51 in
1204 1719 202 51 primo
1339 1719 202 51 dist.
1474 1719 135 51 1.
1541 1719 247 51 quaest.
1721 1719 135 51 2.
1789 1719 180 51 quia
1879 1719 292 51 intellectus

1136 1795 295 47 paternus
1357 1795 172 47 est
1456 1795 344 47 formaliter
1726 1795 246 47 Beatus
1898 1795 147 47 in
1947 1795 221 47 visione

1138 1869 310 53 Deitatis.
1377 1869 167 53 Hoc
1472 1869 191 53 idem
1592 1869 143 53 in
1664 1869 263 53 quaest.
1855 1869 167 53 14.
1926 1869 239 53 quodlib.

1141 1948 179 52 quae
1252 1948 201 52 visio
1387 1948 156 52 est
1476 1948 246 52 notitia
1655 1948 268 52 ingenita
1856 1948 179 52 sive
1945 1948 224 52 simplex,

1137 2026 168 48 non
1233 2026 240 48 potest
1401 2026 216 48 autem
1546 2026 192 48 esse
1666 2026 240 48 beatus
1834 2026 337 48 formaliter
2075 2026 96 48 in

1139 2102 240 51 aliquo
1307 2102 192 51 quod
1427 2102 168 51 non
1523 2102 168 51 est
1619 2102 312 51 perfectio
1835 2102 336 51 simpliciter.

1140 2176 202 51 Patet
1274 2176 202 51 etiam
1408 2176 134 51 in
1476 2176 179 51 islo
1588 2176 202 51 primo
1722 2176 202 51 dist.
1856 2176 134 51 2.
1924 2176 246 51 quaest.
2080 2176 90 51 1.

1137 2251 155 53 et
1215 2251 155 53 in
1292 2251 285 53 quolib.
1499 2251 285 53 quaest.
1706 2251 181 53 14.
1810 2251 207 53 quod
1913 2251 259 53 intelli-

1137 2328 192 51 gere
1257 2328 216 51 Filii
1401 2328 168 51 est
1496 2328 263 51 optimum
1688 2328 240 51 illius
1832 2328 335 51 substantiae;

1139 2404 232 51 ergo.
1294 2404 310 51 Secundum
1526 2404 258 51 patet,
1707 2404 310 51 scilicet
1939 2404 206 51 quod
2042 2404 129 51 no¬-

1142 2481 215 51 tilia
1286 2481 239 51 genita
1453 2481 168 51 non
1549 2481 168 51 sit
1645 2481 311 51 perfectio
1860 2481 311 51 simpliciter

1139 2553 360 50 formaliter,
1427 2553 192 50 quia
1547 2553 144 50 si
1619 2553 192 50 sic,
1739 2553 168 50 cum
1835 2553 192 50 ipsa
1931 2553 240 50 necessa¬-

1138 2628 191 41 rio
1247 2628 327 41 includat
1492 2628 381 41 relationem
1764 2628 408 41 constituentem

1139 2702 258 53 ipsam;
1320 2702 206 53 ergo
1448 2702 283 53 relatio
1655 2702 412 53 includeretur
1964 2702 206 53 forma¬-

1136 2779 246 51 liter
1299 2779 164 51 in
1381 2779 273 51 aliquo
1572 2779 218 51 quod
1709 2779 191 51 est
1791 2779 382 51 perfectionis

1138 2854 413 52 simpliciter,
1474 2854 207 52 quod
1603 2854 181 52 est
1706 2854 284 52 falsum.
1913 2854 207 52 Tum,
2016 2854 155 52 quia

1139 2930 227 52 talis
1290 2930 277 52 relatio
1492 2930 252 52 nullam
1668 2930 403 52 perfectionem
1970 2930 202 52 dicit,

1131 3007 275 52 illud
1315 3007 245 52 modo
1468 3007 245 52 quod
1621 3007 214 52 non
1744 3007 275 52 dicit
1897 3007 275 52 aliquam

1136 3081 429 51 perfectionem,
1489 3081 177 51 non
1590 3081 177 51 est
1691 3081 152 51 de
1767 3081 278 51 formali
1944 3081 227 51 ratione

1136 3155 394 55 perfectionis
1456 3155 394 55 simpliciter.
1776 3155 172 55 Tum
1875 3155 246 55 etiam,
2022 3155 148 55 quia

1140 3232 280 54 quidquid
1350 3232 327 54 formaliter
1607 3232 327 54 includitur
1863 3232 140 54 in
1910 3232 257 54 perfecti¬-

1140 3309 157 54 one
1229 3309 425 54 simpliciter,est
1587 3309 291 54 perfectio
1811 3309 358 54 simpliciter,
2079 3309 90 54 ut

1139 3386 215 52 patet
1283 3386 120 52 a
1330 3386 263 52 Doctore
1522 3386 143 52 in
1593 3386 263 52 quolib.
1785 3386 167 52 sed
1880 3386 263 52 relatio
2047 3386 120 52 non

1140 3460 164 54 est
1233 3460 304 54 perfectio
1467 3460 375 54 simpliciter,
1772 3460 141 54 ut
1842 3460 234 54 probat
1983 3460 187 54 Doctor

1136 3538 258 54 quaest.
1323 3538 141 54 I.
1393 3538 281 54 quodlib.
1604 3538 211 54 ergo.
1744 3538 187 54 Tunc
1862 3538 211 54 ultra
2002 3538 117 54 :
2025 3538 141 54 Quae

1135 3609 180 56 sic
1238 3609 154 56 se
1315 3609 283 56 habent,
1521 3609 206 56 quod
1650 3609 206 56 unum
1779 3609 154 56 ex
1856 3609 180 56 sua
1933 3609 232 56 ratione
