2653 3950
160 291 420 61 reducitur
483 291 194 61 ad
579 291 387 61 alterum,
870 291 258 61 quia
999 291 194 61 tunc

154 365 394 62 alterum
440 365 429 62 secundum
763 365 322 62 totum
942 365 251 62 genus

154 443 287 61 suum
333 443 323 61 esset
549 443 574 61 imperfectum,
979 443 215 61 quod

151 517 347 61 falsum
394 517 278 61 est,
568 517 278 61 quia
741 517 243 61 cum
880 517 208 61 ex
949 517 243 61 eadem

156 595 445 61 perfectione
512 595 386 61 conveniat
809 595 326 61 utrique
1017 595 178 61 esse

153 671 455 60 principium
511 671 455 60 operativum
869 671 195 60 et
934 671 260 60 produ¬-

156 744 346 53 ctivum,
407 744 189 53 et
502 744 346 53 neutrum
753 744 220 53 sit
879 744 189 53 ex
974 744 189 53 se
1037 744 157 53 im¬-

153 821 436 61 perfectum
489 821 436 61 inquantum
824 821 235 61 est
925 821 268 61 opera¬-

154 898 305 60 tivum,
368 898 244 60 quia
521 898 244 60 tunc
674 898 214 60 non
796 898 275 60 esset
949 898 244 60 forma-

151 975 284 59 liter
341 975 189 59 in
435 975 252 59 Deo;
593 975 252 59 ergo
751 975 221 59 nec
845 975 347 59 inquantum

152 1051 220 61 est
277 1051 471 61 productivum
654 1051 220 61 est
748 1051 440 61 imperfectum;

149 1127 261 61 ergo
312 1127 228 61 non
443 1127 358 61 possunt
703 1127 326 61 reduci
931 1127 195 61 ad
997 1127 195 61 pau¬-

148 1203 370 59 citatem
418 1203 370 59 minorem
687 1203 269 59 quam
855 1203 202 59 ad
923 1203 269 59 duali-

155 1278 252 61 tatem
323 1278 392 61 principii,
631 1278 336 61 scilicet
854 1278 336 61 productivi

147 1354 228 61 per
278 1354 293 61 modum
473 1354 391 61 naturae,
766 1354 195 61 et
832 1354 358 61 principii

148 1429 441 61 productivi
494 1429 220 61 per
620 1429 283 61 modum
777 1429 409 61 voluntatis.

146 1505 284 61 Hae.c
336 1505 284 61 autem
526 1505 221 61 duo
652 1505 411 61 principia
936 1505 253 61 secun¬-

142 1581 236 61 dum
277 1581 405 61 rationes
581 1581 270 61 suas
716 1581 473 61 principiandi

146 1656 307 61 debent
361 1656 245 61 poni
514 1656 184 61 in
606 1656 307 61 primo,
821 1656 245 61 quia
974 1656 184 61 in
1036 1656 153 61 ip¬-

149 1733 183 61 so
241 1733 214 61 est
363 1733 275 61 omnis
547 1733 275 61 ratio
730 1733 397 61 principii
1005 1733 183 61 quod

146 1808 214 62 non
269 1808 398 62 reducitur
575 1808 184 62 ad
667 1808 276 62 aliud
820 1808 368 62 principium

142 1884 348 61 prius;
386 1884 348 61 igitur
630 1884 279 61 sunt
804 1884 348 61 tantum
1013 1884 174 61 duo

146 1959 399 62 principia
453 1959 429 62 productiva
790 1959 368 62 alterius
1036 1959 153 62 ra¬-

141 2035 317 61 tionis
363 2035 190 61 in
458 2035 285 61 primo
648 2035 475 61 productivo;
997 2035 190 61 haec

147 2111 291 60 autem
341 2111 259 60 sunt
503 2111 453 60 productiva
859 2111 194 60 ad
924 2111 259 60 intra.

132 2174 297 73 IcEst18
348 2174 351 73 Probatio,
618 2174 297 73 memoria
835 2174 324 73 perfecta
1051 2174 135 73 est

131 2252 306 73 *ct£en-
353 2252 389 73 productiva
659 2252 167 73 ad
742 2252 250 73 intra
909 2252 194 73 per
993 2252 194 73 modum

148 2339 335 60 naturae
391 2339 183 60 ex
483 2339 396 60 solutione
757 2339 427 60 praecedente,

148 2416 245 62 quia
301 2416 459 62 intellectus
668 2416 428 62 perfectus,
974 2416 214 62 sicut

143 2493 424 61 inquantum
470 2493 228 61 est
600 2493 391 61 potentia
861 2493 326 61 operati-

143 2569 209 58 va,
262 2569 268 58 natus
441 2569 209 58 est
560 2569 447 58 intelligere
888 2569 298 58 objectum

144 2643 347 64 quantum
397 2643 221 64 est
523 2643 284 64 ipsum
713 2643 442 64 noscibile,
1028 2643 158 64 ita

142 2718 410 63 inquantum
458 2718 221 63 est
584 2718 379 63 potentia
837 2718 347 63 producti¬-

142 2794 174 60 va
229 2794 348 60 notitiae
490 2794 348 60 genita?,
751 2794 261 60 natus
925 2794 203 60 est
1012 2794 174 60 esse

143 2869 429 63 principium
481 2869 307 63 tantae
695 2869 368 63 notitiae
941 2869 245 63 quanta

146 2948 281 62 potest
343 2948 225 62 esse
483 2948 337 62 objecti,
736 2948 422 62 intellectus
1045 2948 141 62 au¬-

139 3024 222 60 tem
266 3024 191 60 in
362 3024 318 60 primo,
584 3024 286 60 etiam
774 3024 191 60 ut
870 3024 222 60 est
965 3024 222 60 prin¬-

145 3099 307 61 cipium
360 3099 491 61 productivum,
759 3099 215 61 est
851 3099 337 61 simplici¬-

149 3175 199 61 ter
234 3175 341 61 perfectus.

123 3250 249 60 19.
266 3250 249 60 Hoc
408 3250 320 60 etiam
621 3250 426 60 objectum
905 3250 284 60 primum

153 3326 420 58 intellectus
489 3326 196 58 est
601 3326 364 58 infinitum
853 3326 336 58 intelligi-

152 3402 260 60 bile;
325 3402 231 60 ergo
470 3402 433 60 intellectus
816 3402 173 60 ut
903 3402 202 60 est
990 3402 202 60 prin¬-

147 3479 348 61 cipium
391 3479 557 61 productivum,
844 3479 313 61 natus
1018 3479 174 61 est

151 3553 252 65 esse
308 3553 441 65 principium
655 3553 441 65 producendi
970 3553 221 65 noti¬

1237 293 238 59 tiam
1386 293 416 59 infinitam.
1713 293 386 59 Similiter
1980 293 297 59 arguitur

1235 369 190 61 de
1330 369 411 61 voluntate
1646 369 379 61 respectu
1930 369 316 61 amoris
2120 369 158 61 ob¬-

1237 444 223 60 jecti
1361 444 273 60 infiniti.

1292 521 381 60 Ulterius
1578 521 413 60 sequitur,
1896 521 191 60 si
1991 521 222 60 non
2086 521 191 60 sunt

1237 596 215 60 ibi
1360 596 245 60 nisi
1513 596 215 60 duo
1636 596 399 60 principia
1912 596 368 60 productiva

1235 671 404 60 alterius
1538 671 437 60 rationis;
1874 671 269 60 ergo
2009 671 269 60 tantum

1237 747 268 59 sunt
1404 747 268 59 duae
1572 747 536 59 productiones
1974 747 302 59 numero.

1238 821 423 60 Probatio,
1564 821 260 60 quia
1727 821 391 60 utrumque
1987 821 293 60 princi¬-

1235 898 278 60 pium
1409 898 522 60 productivum
1827 898 313 60 habet
2001 898 278 60 produ¬-

1238 973 347 59 ctionem
1490 973 252 59 sibi
1647 973 441 59 adaequatam
1994 973 189 59 et
2057 973 221 59 coae¬-

1236 1049 305 61 ternam
1450 1049 153 61 ;
1511 1049 244 61 ergo
1664 1049 305 61 stante
1878 1049 244 61 illa
2031 1049 214 61 non
2122 1049 153 61 po¬-

1237 1125 233 48 test
1382 1125 291 48 habere
1557 1125 233 48 aliam.

1298 1204 199 55 Nola
1423 1204 174 55 pro
1522 1204 324 55 solutione
1772 1204 224 55 hujus
1896 1204 374 55 cjucestionis,

1237 1279 182 57 sit
1341 1279 208 57 haec
1471 1279 364 57 propositio
1757 1279 130 57 :
1808 1279 312 57 Quidquid
2016 1279 260 57 rationis

1240 1355 265 58 ejusdem
1433 1355 289 58 existens
1650 1355 145 58 ad
1722 1355 217 58 plura
1867 1355 265 58 ejusdem
2036 1355 241 58 rationis

1235 1431 161 53 se
1316 1431 348 53 extendit,
1583 1431 187 53 non
1690 1431 428 53 determinatur
2038 1431 161 53 ex
2118 1431 161 53 se
2172 1431 107 53 ad

1238 1507 203 59 quot
1364 1507 228 59 talia
1517 1507 152 59 se
1593 1507 330 59 extendit.
1846 1507 330 59 Probatur,
2100 1507 152 59 in
2150 1507 127 59 ha¬-

1235 1583 338 56 bitudine
1488 1583 254 56 natur
1657 1583 169 56 ce
1742 1583 338 56 communis
1995 1583 169 56 ad
2052 1583 225 56 suppo¬-

1238 1660 217 55 sita,
1383 1660 145 55 et
1455 1660 241 55 causae
1624 1660 145 55 ad
1697 1660 314 55 effectus.
1938 1660 145 55 Ex
2010 1660 169 55 hoc
2083 1660 193 55 sequi¬-

1238 1735 219 57 tur,
1374 1735 219 57 quod
1511 1735 191 57 nec
1620 1735 273 57 natura
1811 1735 273 57 divina
1975 1735 301 57 inquantum

1235 1812 329 55 communis
1481 1812 383 55 determinat
1782 1812 219 55 sibi
1919 1812 301 55 numerum
2111 1812 164 55 sup¬-

1230 1889 406 58 positorum,
1549 1889 203 58 nec
1665 1889 377 58 inquantum
1927 1889 348 58 principium

1231 1966 401 57 producendi,
1552 1966 160 57 si
1632 1966 187 57 est
1739 1966 214 57 tale
1873 1966 374 57 principium
2140 1966 134 57 de¬-

1237 2042 392 54 terminabit
1545 2042 224 54 sibi
1685 2042 308 54 numerum
1880 2042 392 54 principiato-

1234 2118 213 56 rum;
1368 2118 267 56 igitur
1554 2118 160 56 si
1634 2118 187 56 est
1741 2118 267 56 certus
1927 2118 293 56 numerus
2114 2118 160 56 per¬-

1233 2194 338 57 sonarum,
1486 2194 225 57 erit
1627 2194 225 57 quia
1768 2194 394 57 principium
2050 2194 225 57 produ¬-

1238 2272 245 55 ctivum
1385 2272 368 55 distinguitur.

1493 2391 477 40 COMMENTARIUS.

1290 2496 169 53 (a)
1386 2496 193 53 Dico
1507 2496 193 53 tunc
1628 2496 145 53 ad
1700 2496 386 53 quaestionem.
2014 2496 169 53 Hic
2086 2496 193 53 Doctor

1235 2568 247 52 aliter
1408 2568 272 52 probat,
1606 2568 198 52 quod
1730 2568 247 52 tantum
1903 2568 198 52 sint
2027 2568 198 52 duse
2126 2568 148 52 pro¬-

1235 2643 337 53 ductiones
1495 2643 156 53 in
1572 2643 311 53 divinis,
1806 2643 156 53 et
1884 2643 182 53 per
1962 2643 311 53 consequens

1232 2719 281 55 tantum
1429 2719 225 55 duse
1569 2719 337 55 personae
1822 2719 394 55 productae,
2103 2719 169 55 quia

1232 2795 182 52 uni
1336 2795 390 52 productioni
1648 2795 364 52 adaequatae
1908 2795 364 52 correspondet

1231 2869 219 53 unum
1368 2869 357 53 productum
1642 2869 411 53 adaequatum.
1971 2869 219 53 Nota
2081 2869 192 53 tamen

1235 2946 212 55 primo
1377 2946 141 55 in
1447 2946 188 55 ista
1565 2946 282 55 littera,
1776 2946 188 55 quod
1894 2946 188 55 illa
1988 2946 282 55 propositio

1234 3022 296 49 scilicet
1456 3022 123 49 :
1506 3022 222 49 Omnis
1654 3022 345 49 pluralitas
1925 3022 173 49 est
1999 3022 271 49 reducenda

1234 3100 160 50 ad
1314 3100 346 50 unitatem,
1581 3100 213 50 etc.
1714 3100 266 50 potest
1874 3100 399 50 multipliciter

1235 3173 344 54 intelligi;
1505 3173 172 54 vel
1604 3173 294 54 scilicet
1824 3173 196 54 quod
1947 3173 221 54 omnis
2070 3173 196 54 plura¬-

1235 3248 227 53 litas
1386 3248 329 53 aliquorum
1639 3248 278 53 ejusdem
1841 3248 303 53 rationis
2069 3248 177 53 sit
2145 3248 126 53 re¬-

1237 3325 309 51 ducenda
1461 3325 168 51 ad
1546 3325 224 51 unum
1686 3325 309 51 ejusdem
1910 3325 365 51 rationis,
2163 3325 112 51 et

1236 3403 186 51 sic
1343 3403 186 51 non
1449 3403 186 51 est
1555 3403 451 51 universaliter
1926 3403 239 51 vera;
2059 3403 212 51 patet,

1237 3477 224 55 quia
1377 3477 392 55 pluralitas
1685 3477 448 55 individuorum
2022 3477 252 55 ejusdem

1239 3556 307 55 speciei
1462 3556 195 55 non
1574 3556 363 55 reducitur
1853 3556 168 55 ad
1937 3556 223 55 unum
2049 3556 223 55 illius
