2653 3950
252 332 137 75 p
306 332 192 75 tle
416 332 192 75 est
526 332 385 75 Operativum
829 332 302 75 Patria,
1049 332 220 75 etc.
1159 332 137 75 Pro

259 415 274 51 principium
475 415 332 51 intelligentia
748 415 176 51 hujus
866 415 254 51 litterae,
1042 415 254 51 praesuppono

256 490 244 52 Patris,
433 490 200 52 primo
567 490 178 52 quod
678 490 200 52 actus
811 490 222 52 primus
966 490 155 52 quo
1033 490 266 52 suppositum

266 565 227 51 agit,
417 565 177 51 est
518 565 227 51 forma
669 565 202 51 quae
796 565 177 51 est
896 565 353 51 principium
1149 565 151 51 pro¬-

267 640 294 53 ductivum
488 640 172 53 ali
586 640 245 53 cujus,
758 640 147 53 et
832 640 221 53 actus
979 640 294 53 secundus
1175 640 123 53 est

265 716 232 52 actus
420 716 335 52 productus
678 716 181 52 vel
781 716 206 52 ipsa
910 716 361 52 productio,
1168 716 129 52 ita

266 792 201 51 quod
392 792 352 51 suppositum
669 792 176 51 non
769 792 277 51 dicitur
971 792 227 51 actus
1097 792 201 51 primus

262 869 310 52 proprie,
495 869 284 52 quamvis
702 869 284 52 dicatur
908 869 362 52 producere,
1167 869 129 52 sed

267 945 246 52 tantum
439 945 221 52 ratio
587 945 295 52 formalis
808 945 344 52 producendi
1053 945 246 52 existens

262 1023 155 52 in
340 1023 336 52 supposito
598 1023 284 52 dicitur
804 1023 232 52 actus
959 1023 284 52 primus,
1140 1023 155 52 quia

265 1100 344 50 suppositum
536 1100 295 50 mediante
757 1100 197 50 illa
880 1100 320 50 producit.
1101 1100 197 50 Secun¬-

265 1174 155 52 do
343 1174 232 52 dico,
497 1174 206 52 quod
626 1174 283 52 memoria
832 1174 283 52 fecunda
1038 1174 155 52 in
1090 1174 206 52 Patre,

269 1250 178 54 quae
380 1250 156 54 est
469 1250 335 54 intellectus
737 1250 134 54 et
804 1250 268 54 essentia
1005 1250 245 54 divina,
1161 1250 134 54 per¬-

264 1324 207 56 fecte
402 1324 276 56 praesens
609 1324 138 56 in
678 1324 253 56 ratione
861 1324 253 56 objecti
1022 1324 276 56 intelligi-

264 1401 247 53 bilis,
437 1401 173 53 est
536 1401 345 53 principium
807 1401 345 53 operativum
1053 1401 247 53 respectu

267 1477 416 52 intellectionis,
617 1477 175 52 quia
726 1477 328 52 intellectio
989 1477 241 52 proprie
1142 1477 153 52 dici¬-

270 1552 156 53 tur
359 1552 268 53 operatio
560 1552 179 53 quae
672 1552 156 53 est
761 1552 201 53 finis
896 1552 291 53 potentiae
1097 1552 201 53 operan¬-

266 1629 197 51 tis.
389 1629 270 51 Dicitur
586 1629 221 51 etiam
734 1629 344 51 principium
979 1629 320 51 productivum

266 1705 281 51 respectu
476 1705 375 51 productionis
781 1705 234 51 Filii,
945 1705 164 51 non
1038 1705 187 51 quod
1132 1705 164 51 talis

264 1781 312 51 productio
504 1781 168 51 sit
600 1781 264 51 ultimus
792 1781 216 51 finis
936 1781 312 51 principii
1152 1781 144 51 pro¬-

264 1856 335 52 ductivi,
516 1856 196 52 sed
627 1856 196 52 est
739 1856 363 52 productum
1019 1856 196 52 per
1102 1856 196 52 talem

261 1933 451 53 productionem,
633 1933 159 53 et
713 1933 186 53 sic
819 1933 159 53 ut
899 1933 186 53 est
978 1933 319 53 principium

260 2011 372 52 operativum
553 2011 293 52 Patris,
766 2011 186 52 est
872 2011 160 52 id
952 2011 186 52 quo
1059 2011 239 52 Pater
1192 2011 106 52 ut

264 2087 184 52 actu
379 2087 207 52 primo
517 2087 322 52 formaliter
770 2087 345 52 intelligit,
1046 2087 138 52 ut
1115 2087 138 52 in
1161 2087 138 52 actu

261 2161 304 53 secundo,
489 2161 152 53 id
565 2161 203 53 est,
691 2161 177 53 est
793 2161 152 53 id
868 2161 177 53 quo
970 2161 329 53 mediante,
1198 2161 101 53 ut

265 2238 180 52 actu
377 2238 202 52 primo
511 2238 202 52 Pater
646 2238 314 52 formaliter
893 2238 337 52 intelligit,
1162 2238 135 52 ut
1207 2238 90 52 in

263 2314 196 51 actu
386 2314 294 51 secundo,
607 2314 147 51 id
680 2314 196 51 est,
803 2314 172 51 quo
901 2314 221 51 Pater
1048 2314 221 51 habet
1170 2314 123 51 in¬-

261 2391 404 47 tellectionem
589 2391 152 47 ut
665 2391 227 47 actum
816 2391 303 47 secundum
1044 2391 126 47 ;
1094 2391 152 47 et
1145 2391 152 47 sen¬-

261 2467 177 51 sus
362 2467 253 51 brevis
539 2467 202 51 est,
665 2467 202 51 quod
792 2467 278 51 memoria
994 2467 303 51 fecunda,
1196 2467 101 51 ut

257 2543 372 51 principium
550 2543 372 51 operativum
842 2543 186 51 est
948 2543 239 51 actus
1081 2543 213 51 primus

256 2619 253 51 Patri,
433 2619 177 51 quo
534 2619 304 51 mediante
762 2619 228 51 habet
889 2619 405 51 intellectionem

253 2694 208 51 sive
383 2694 390 51 operationem
695 2694 156 51 ut
773 2694 234 51 actum
930 2694 338 51 secundum.
1164 2694 130 51 Hoc

256 2769 197 52 idem
380 2769 222 52 dico,
527 2769 148 52 ut
601 2769 172 52 est
700 2769 345 52 principium
946 2769 345 52 productivum,

260 2845 176 52 est
361 2845 151 52 id
436 2845 176 52 quo
537 2845 227 52 Pater
688 2845 151 52 ut
763 2845 201 52 actu
889 2845 227 52 primo
1015 2845 277 52 producit,

257 2919 151 51 ut
332 2919 151 51 in
408 2919 202 51 actu
534 2919 303 51 secundo,
761 2919 151 51 id
837 2919 202 51 est,
963 2919 202 51 ipsa
1064 2919 227 51 memoria

258 2995 155 52 ut
336 2995 181 52 est
439 2995 363 52 principium
724 2995 388 52 productivum
1035 2995 181 52 est
1113 2995 181 52 Patri

259 3072 239 51 actus
419 3072 292 51 primus,
631 3072 186 51 quo
737 3072 318 51 mediante
976 3072 318 51 producit
1188 3072 106 51 in

263 3150 201 50 actu
389 3150 302 50 secundo,
615 3150 151 50 id
690 3150 201 50 est,
816 3150 176 50 quo
917 3150 302 50 mediante
1118 3150 176 50 habet

262 3224 402 51 productionem
589 3224 151 51 ut
664 3224 151 51 in
739 3224 201 51 actu
865 3224 302 51 secundo,
1091 3224 151 51 et
1141 3224 151 51 illa

262 3303 318 53 productio
506 3303 342 53 terminatur
775 3303 147 53 ad
849 3303 294 53 notitiam
1044 3303 245 53 genitam,

267 3381 128 49 et
331 3381 150 49 sic
416 3381 192 49 patet
544 3381 214 49 sensus
694 3381 214 49 islius
822 3381 235 49 litterae.

244 3455 185 65 Acius
368 3455 164 65 pri-
471 3455 144 65 (°)
553 3455 103 65 ^
594 3455 185 65 actus
717 3455 206 65 primus
861 3455 185 65 prior
985 3455 144 65 est
1046 3455 247 65 prioritate

245 3530 190 72 op-i'l
378 3530 171 72 livus
492 3530 190 72 9r,9^n
625 3530 95 72 s
663 3530 152 72 actu
758 3530 228 72 secundo,
929 3530 114 72 id
986 3530 152 72 est,
1081 3530 152 72 quol
1157 3530 133 72 memo-

243 3600 278 60 producti-
456 3600 150 60 ria
542 3600 128 60 Ut
606 3600 299 60 principium
841 3600 299 60 operativum
1076 3600 150 60 est
1140 3600 150 60 prius

1354 334 248 51 origine
1535 334 180 51 ipsa
1647 334 338 51 operatione,
1918 334 135 51 et
1985 334 135 51 ut
2053 334 315 51 principium
2278 334 113 51 vus

1354 393 305 71 productivum
1598 393 142 71 est
1679 393 183 71 prius
1801 393 224 71 origine
1964 393 163 71 ipsa
2066 393 203 71 opera-
2188 393 203 71 6actu10r

1354 465 212 75 tione,
1502 465 127 75 et
1566 465 127 75 ut
1629 465 296 75 principium
1862 465 318 75 productivum
2116 465 148 75 est
2179 465 212 75 8ecund0‘

1347 564 239 52 prius
1506 564 292 52 origine
1718 564 398 52 productione
2036 564 159 52 et
2089 564 292 52 producto.

1345 636 337 53 Sequitur
1598 636 141 53 :
1654 636 197 53 Non
1767 636 337 53 fundatur
2020 636 281 53 igitur
2188 636 197 53 actus

1346 713 382 51 productivus
1651 713 229 51 super
1804 713 229 51 actum
1956 713 407 51 essentialem,
2262 713 127 51 qui

1349 790 319 51 consistit
1595 790 147 51 in
1669 790 196 51 actu
1792 790 295 51 secundo,
2013 790 319 51 videlicet
2234 790 147 51 quae

1350 866 177 51 est
1451 866 329 51 operatio.
1704 866 227 51 Dicit
1855 866 278 51 Doctor,
2057 866 202 51 quod
2159 866 227 51 quamvis

1346 946 321 53 generatio
1593 946 222 53 Filii
1741 946 345 53 praeexigat
2012 946 345 53 necessario
2259 946 123 53 co¬-

1347 1022 320 51 gnitionem
1593 1022 320 51 essentia;
1840 1022 148 51 in
1913 1022 345 51 intellectu
2160 1022 221 51 Patris,

1344 1098 186 53 non
1451 1098 239 53 tamen
1610 1098 213 53 illa
1743 1098 319 53 cognitio
1983 1098 186 53 est
2089 1098 239 53 ratio
2222 1098 160 53 for¬-

1343 1173 260 51 malis
1516 1173 404 51 producendi
1834 1173 317 51 Filium,
2065 1173 173 51 ut
2122 1173 260 51 dicebat

1347 1250 371 52 Ilenricus,
1638 1250 186 52 sed
1744 1250 186 52 est
1850 1250 212 52 ipsa
1983 1250 292 52 memoria
2168 1250 212 52 fecun¬-

1347 1325 190 55 da.
1456 1325 190 55 Imo
1564 1325 163 55 si
1646 1325 190 55 per
1755 1325 435 55 impossibile,
2108 1325 190 55 non
2190 1325 190 55 esset

1351 1402 211 52 talis
1491 1402 304 52 cognitio,
1725 1402 211 52 adhuc
1866 1402 351 52 intellectus
2147 1402 234 52 Patris
2287 1402 94 52 ut

1346 1477 259 54 habens
1527 1477 337 54 essentiam
1786 1477 311 54 perfecte
2019 1477 363 54 praesentem
2278 1477 104 54 in

1348 1555 248 55 ratione
1529 1555 248 55 objecti
1709 1555 429 55 intelligibilis,
2070 1555 203 55 esset
2183 1555 203 55 princi¬-

1347 1631 219 55 pium
1484 1631 219 55 vere
1620 1631 438 55 productivum;
1976 1631 219 55 sunt
2113 1631 219 55 ergo
2223 1631 164 55 isti

1348 1708 248 52 actus,
1522 1708 297 52 scilicet
1744 1708 223 52 actus
1893 1708 347 52 operativus
2165 1708 149 52 et
2215 1708 173 52 actus

1347 1783 371 56 productivus
1644 1783 223 56 quasi
1792 1783 297 56 effectus
2015 1783 297 56 ordinati
2213 1783 173 56 ejus¬-

1347 1858 192 56 dem
1456 1858 301 56 causae,
1675 1858 192 56 ita
1785 1858 219 56 quod
1922 1858 246 56 actus
2058 1858 329 56 operativus

1347 1937 228 52 prius
1499 1937 178 52 est
1600 1937 203 52 quam
1727 1937 228 52 actus
1880 1937 406 52 productivus,
2209 1937 152 52 et
2260 1937 127 52 ta¬-

1338 2013 222 51 men
1465 2013 349 51 uterque
1719 2013 190 51 ab
1814 2013 285 51 eadem
2004 2013 380 51 memoria,
2257 2013 127 51 et

1350 2088 280 53 exemplum
1559 2088 210 53 patet
1699 2088 140 53 in
1769 2088 256 53 littera
1955 2088 186 53 quae
2072 2088 210 53 clara
2188 2088 140 53 est.

1402 2164 157 52 Sed
1491 2164 224 52 oritur
1648 2164 157 52 una
1737 2164 336 52 difficultas
2006 2164 134 52 in
2073 2164 179 52 hoc,
2185 2164 179 52 quod
2274 2164 112 52 52.

1348 2240 221 54 dicit
1496 2240 197 54 quod
1619 2240 221 54 actus
1766 2240 246 54 primus
1938 2240 172 54 est
2037 2240 221 54 prior
2160 2240 221 54 origine

1343 2316 225 54 actu
1483 2316 337 54 secundo,
1736 2316 225 54 puta
1876 2316 225 54 quod
2017 2316 309 54 memoria
2214 2316 169 54 prp-

1324 2390 309 57 -ducliva
1556 2390 155 57 in
1634 2390 232 57 Patre
1788 2390 180 57 est
1891 2390 232 57 prior
2046 2390 284 57 origine
2226 2390 155 57 ipsa

1343 2467 405 53 productione.
1672 2467 278 53 Videtur
1874 2467 202 53 enim
2001 2467 202 53 quod
2127 2467 202 53 sibi
2228 2467 152 53 con¬-

1345 2541 337 54 tradicat,
1605 2541 285 54 tenendo
1812 2541 208 54 quod
1942 2541 311 54 personae
2149 2541 234 54 consti¬-

1345 2620 272 51 tuantur
1543 2620 148 51 in
1617 2620 198 51 6§§6
1741 2620 173 51 per
1839 2620 371 51 relationes,
2136 2620 198 51 vult
2235 2620 148 51 enim

1342 2691 189 59 ipse
1460 2691 283 59 expresse
1673 2691 142 59 in
1744 2691 165 59 28.
1838 2691 142 59 d.
1909 2691 142 59 1.
1980 2691 142 59 q.
2051 2691 189 59 ull.
2169 2691 189 59 quae
2263 2691 118 59 est

1343 2770 266 55 tertia
1530 2770 160 55 in
1610 2770 293 55 ordine,
1823 2770 160 55 et
1903 2770 160 55 4.
1983 2770 160 55 q.
2062 2770 266 55 Quodl.
2222 2770 160 55 quod

1342 2844 228 56 Pater
1494 2844 406 56 constituatur
1824 2844 152 56 in
1900 2844 203 56 esse
2027 2844 330 56 personali
2255 2844 127 56 per

1339 2922 491 51 paternitatem,
1744 2922 173 51 et
1830 2922 202 51 per
1946 2922 260 51 ipsum
2090 2922 289 51 Doctorem

1343 2996 188 54 idem
1461 2996 165 54 est
1555 2996 235 54 Patrem
1720 2996 306 54 constitui
1955 2996 141 54 in
2026 2996 188 54 esse
2120 2996 259 54 personali

1342 3073 176 53 per
1443 3073 428 53 paternitatem,
1795 3073 227 53 sicut
1947 3073 151 53 et
2022 3073 176 53 per
2098 3073 277 53 generati¬-

1347 3134 160 78 onem
1447 3134 239 78 activam,
1626 3134 140 78 cum
1706 3134 160 78 sint
1806 3134 219 78 penitus
1965 3134 179 78 idem.
2085 3134 120 78 Si
2125 3134 259 78 principianj

1348 3213 159 69 ergo
1448 3213 279 69 principium
1667 3213 299 69 productivum
1906 3213 159 69 sive
2005 3213 179 69 gene-
2105 3213 279 69 pro'1uu“t1*:

1341 3294 255 70 rativum
1526 3294 162 70 est
1619 3294 208 70 prius
1758 3294 255 70 origine
1943 3294 371 70 generatione;
2221 3294 162 70 ^J^ne

1346 3376 166 53 ergo
1450 3376 290 53 suppositum
1678 3376 207 53 habens
1823 3376 187 53 illud
1948 3376 290 53 principium
2155 3376 228 53 gene™t10"

1347 3454 134 48 quo
1424 3454 154 48 vere
1520 3454 230 48 generat,
1692 3454 154 48 erit
1788 3454 173 48 prius
1903 3454 211 48 origine
2057 3454 154 48 ipsa
2153 3454 115 48 id
2210 3454 134 48 est
2268 3454 115 48 pro¬-

1342 3534 340 52 generatione;
1618 3534 170 52 ergo
1724 3534 213 52 Pater,
1873 3534 149 52 qui
1958 3534 319 52 estsupposi-
2192 3534 191 52 activa,

1339 3610 185 52 tum
1444 3610 317 52 generans
1682 3610 185 52 per
1788 3610 211 52 tale
1920 3610 396 52 principium,
2210 3610 159 52 erit
