2653 3950
157 316 226 56 ducit
308 316 276 56 Filium,
508 316 176 56 imo
609 316 176 56 nec
709 316 326 56 diceretur
935 316 251 56 generare

132 392 297 44 formaliter.

204 469 215 57 Dico,
347 469 191 57 quod
467 469 191 57 illa
587 469 311 57 generatio
826 469 287 57 pullulat
1041 469 120 57 a
1065 469 120 57 me¬-

151 545 221 54 moria
299 545 270 54 fecunda
496 545 148 54 ut
569 545 320 54 posterior
815 545 295 54 origine,
1036 545 148 54 et
1086 545 98 54 in

152 620 221 56 eodem
300 620 295 56 instanti
521 620 295 56 originis
742 620 344 56 constituit
988 620 196 56 Patrem

150 694 152 56 in
226 694 202 56 esse
352 694 354 56 personali,
630 694 177 56 sed
731 694 152 56 in
807 694 227 56 eodem
933 694 253 56 instanti

152 770 295 54 originis
374 770 172 54 quo
472 770 345 54 constituit
743 770 271 54 Patrem,
940 770 172 54 non
1014 770 172 54 habet

154 847 336 53 productum,
418 847 168 53 sed
514 847 144 53 in
586 847 192 53 alio
707 847 288 53 instanti
899 847 288 53 posteriori

153 923 299 56 originis,
383 923 138 56 et
452 923 161 56 sic
544 923 207 56 Pater
682 923 322 56 formaliter
934 923 253 56 generat
1095 923 92 56 ut

153 999 211 56 prior
293 999 282 56 origine,
505 999 141 56 et
575 999 258 56 dicitur
763 999 282 56 generare
951 999 235 56 formali¬-

153 1076 175 54 ter
253 1076 175 54 per
353 1076 401 54 generationem
679 1076 276 54 activam
854 1076 326 54 constituen¬-

154 1151 176 54 tem
254 1151 226 54 ipsum
405 1151 151 54 in
481 1151 201 54 esse
607 1151 352 54 personali,
883 1151 151 54 et
959 1151 176 54 hoc
1034 1151 151 54 modo

153 1224 264 56 dictum
338 1224 317 56 Doctoris
576 1224 159 56 in
655 1224 238 56 disl.
814 1224 159 56 7.
893 1224 264 56 primi,
1052 1224 132 56 de¬-

153 1300 172 58 bet
252 1300 320 58 intelligi
498 1300 148 58 de
572 1300 197 58 actu
695 1300 345 58 egrediente
966 1300 123 58 a
990 1300 197 58 suppo¬-

156 1376 183 50 sito,
257 1376 122 50 etc.

139 1451 170 57 54.
236 1451 170 57 (d)
333 1451 194 57 Alia
455 1451 316 57 responsio
698 1451 219 57 esset
844 1451 146 57 de
892 1451 292 57 intellectu

155 1533 224 54 agente
311 1533 134 54 et
378 1533 313 54 possibili,
625 1533 179 54 quia
736 1533 134 54 si
804 1533 201 54 agens
938 1533 201 54 esset
1050 1533 134 54 pro¬-

151 1607 302 54 ductivus
377 1607 151 54 et
453 1607 352 54 possibilis
729 1607 377 54 operativus,
1006 1607 176 54 patet

149 1681 207 55 quod
278 1681 233 55 actus
433 1681 362 55 producendi
718 1681 362 55 conveniret
976 1681 207 55 intel¬-

147 1757 230 56 lectui
308 1757 253 56 agenti,
492 1757 138 56 et
561 1757 207 56 actus
698 1757 276 56 operandi
882 1757 299 56 intellectui

150 1834 329 53 possibili,
408 1834 141 53 et
478 1834 164 53 sic
572 1834 188 53 isti
689 1834 164 53 duo
783 1834 211 53 actus
900 1834 282 53 distingue¬-

147 1908 207 55 rent
277 1908 389 55 intellectum
588 1908 285 55 agentem
795 1908 156 55 et
847 1908 337 55 intellectum

151 1985 358 52 possibilem,
438 1985 119 52 a
485 1985 334 52 posteriori
724 1985 191 52 tamen.

203 2060 252 54 Tertio
379 2060 252 54 arguit
555 2060 252 54 contra
731 2060 226 54 illud
882 2060 201 54 quod
983 2060 201 54 dixit,

149 2135 296 54 scilicet
371 2135 197 54 quod
495 2135 345 54 pluralitas
766 2135 395 54 principiorum
1062 2135 123 54 non

152 2211 240 55 potest
320 2211 240 55 reduci
489 2211 144 55 ad
561 2211 289 55 unitatem
777 2211 409 55 principiandi,
1090 2211 96 55 et

153 2288 337 54 argumentum
417 2288 168 54 est
514 2288 168 54 ibi
610 2288 120 54 :
658 2288 265 54 Tertio,
850 2288 289 54 probatio
1043 2288 144 54 illa

155 2365 161 52 non
247 2365 253 52 videtur
431 2365 253 52 valere,
614 2365 184 52 quae
729 2365 298 52 adducitur
958 2365 138 52 ad
1004 2365 184 52 osten¬-

152 2440 252 50 dendum
328 2440 378 50 dualitatem,
631 2440 202 50 etc.
757 2440 151 50 Et
832 2440 227 50 ratio
983 2440 202 50 stat
1084 2440 101 50 in

149 2516 189 53 hoc,
268 2516 189 53 quia
386 2516 213 53 licet
527 2516 354 53 principiare
811 2516 378 53 contingenler
1094 2516 95 53 et

149 2591 371 54 principiare
446 2591 346 54 necessario
718 2591 198 54 sint
842 2591 297 54 oppositi
1040 2591 148 54 modi

148 2667 421 53 principiandi,
495 2667 223 53 tamen
644 2667 223 53 liaec
793 2667 297 53 dualilas
991 2667 198 53 potest

145 2741 282 55 reduci
342 2741 169 55 ad
427 2741 367 55 unitatem.
709 2741 282 55 Posito
907 2741 226 55 enim
1020 2741 169 55 quod

150 2820 254 53 aliqua
328 2820 305 53 creatura
556 2820 356 53 principiet
836 2820 356 53 necessario
1090 2820 102 53 et

152 2895 188 55 alia
270 2895 400 55 conlingenter,
599 2895 212 55 tamen
740 2895 212 55 lisec
881 2895 282 55 dualitas
1069 2895 118 55 re¬-

150 2971 293 51 ducetur
364 2971 160 51 ad
444 2971 347 51 unitatem,
710 2971 160 51 et
790 2971 240 51 illud
950 2971 213 51 unum
1057 2971 133 51 ne¬-

158 3048 267 51 cessario
336 3048 333 51 principiabit.

139 3124 268 63 jtnetbe-
340 3124 156 63 (b)
429 3124 291 63 Respondet
653 3124 223 63 Doctor
809 3124 156 63 ibi
898 3124 112 63 :
943 3124 134 63 Ad
988 3124 201 63 tertium

139 3200 147 53 ne-
223 3200 189 53 dico.
349 3200 126 53 Et
412 3200 274 53 responsio
623 3200 189 53 satis
749 3200 189 53 clara
875 3200 168 53 est,
981 3200 168 53 quse
1065 3200 126 53 stat

153 3274 163 56 in
234 3274 190 56 hoc
343 3274 218 56 quod
479 3274 272 56 quando
669 3274 218 56 unus
805 3274 245 56 modus
941 3274 245 56 princi¬-

157 3350 246 54 piandi
329 3350 172 54 est
428 3350 418 54 imperfectior,
771 3350 246 54 potest
943 3350 246 54 reduci
1091 3350 98 54 ad

152 3420 233 54 modum
307 3420 414 54 principiandi
644 3420 440 54 perfectiorem;
1007 3420 155 54 et
1059 3420 129 54 pa¬-

155 3495 212 54 tet,
287 3495 212 54 quia
420 3495 239 54 modus
579 3495 424 54 principiandi
923 3495 186 54 per
1003 3495 186 54 modum

153 3571 265 55 naturae
346 3571 145 55 in
418 3571 337 55 creaturis,
683 3571 265 55 propter
876 3571 169 55 sui
948 3571 241 55 imperfe¬

1235 319 285 53 ctionem
1443 319 337 53 reducitur
1702 319 156 53 ad
1780 319 234 53 modum
1910 319 363 53 principiandi

1239 396 381 53 contingenler
1549 396 143 53 in
1620 396 286 53 divinis,
1834 396 167 53 qui
1930 396 238 53 nullam
2073 396 190 53 inclu¬-

1236 470 172 54 dit
1335 470 443 54 imperfectionem
1704 470 123 54 ;
1753 470 148 54 et
1827 470 246 54 patet,
1999 470 197 54 quia
2098 470 172 54 modus

1235 544 375 52 principiandi
1540 544 141 52 in
1610 544 305 52 creaturis
1845 544 399 52 essentialiter
2150 544 117 52 de¬-

1232 619 260 55 pendet
1414 619 130 55 a
1466 619 208 55 modo
1596 619 416 55 principiandi
1907 619 364 55 conlingenter

1233 695 152 51 in
1309 695 202 51 Deo,
1435 695 152 51 ut
1511 695 228 51 patet
1663 695 127 51 a
1713 695 278 51 Doctore
1916 695 152 51 ex
1966 695 304 51 intentione

1229 771 322 51 praesentis
1482 771 207 51 dist.
1620 771 230 51 quaesi
1780 771 138 51 1.
1849 771 138 51 et
1918 771 207 51 infra
2056 771 207 51 disl.
2171 771 92 51 8.

1235 846 264 50 quaest.
1427 846 192 50 ult.
1547 846 144 50 et
1619 846 144 50 in
1691 846 144 50 2.
1763 846 216 50 dist.
1906 846 144 50 1.
1978 846 144 50 et
2050 846 144 50 in
2098 846 168 50 Quol.

1234 921 278 53 quaest.
1436 921 152 53 7.
1512 921 177 53 Sed
1613 921 253 53 quando
1790 921 202 53 unus
1916 921 227 53 modus
2043 921 227 53 princi¬-

1235 995 243 55 piandi
1405 995 243 55 nullam
1575 995 292 55 includit
1794 995 462 55 imperfectionem,
2159 995 122 55 et*

1236 1071 226 55 alius
1387 1071 226 55 modus
1538 1071 402 55 principiandi
1865 1071 327 55 oppositus
2091 1071 176 55 simi¬-

1232 1147 246 53 liter
1396 1147 274 53 nullam
1588 1147 356 53 includit,
1861 1147 219 53 unus
1998 1147 246 53 modus
2135 1147 137 53 non

1236 1223 240 55 potest
1404 1223 240 55 reduci
1573 1223 144 55 ad
1645 1223 240 55 alium,
1813 1223 144 55 et
1885 1223 168 55 sic
1981 1223 168 55 est
2078 1223 144 55 in
2126 1223 144 55 pro¬-

1233 1299 273 54 posito
1424 1299 164 54 de
1506 1299 219 54 modo
1643 1299 437 54 principiandi
1998 1299 273 54 libere
2162 1299 109 54 in

1236 1374 302 55 divinis,
1462 1374 151 55 et
1537 1374 151 55 de
1613 1374 201 55 modo
1738 1374 402 55 principiandi
2065 1374 176 55 per
2140 1374 126 55 mo¬-

1233 1451 196 54 dum
1345 1451 335 54 naturae.
1596 1451 168 54 Et
1680 1451 224 54 quod
1820 1451 279 54 addit,
2016 1451 224 54 quod
2127 1451 140 54 nec

1230 1527 231 53 ambo
1374 1527 317 53 possunt
1605 1527 289 53 reduci
1807 1527 173 53 ad
1894 1527 231 53 unum
2009 1527 260 53 tertium

1228 1603 259 53 modum
1401 1603 317 53 propter
1631 1603 230 53 duas
1775 1603 374 53 rationes.
2035 1603 230 53 Prima,

1234 1679 197 54 quia
1358 1679 197 54 isti
1481 1679 197 54 modi
1605 1679 370 54 includerent
1876 1679 395 54 imperfectionem

1232 1755 149 52 si
1307 1755 273 52 possent
1505 1755 273 52 reduci,
1703 1755 198 52 quod
1827 1755 173 52 est
1926 1755 248 52 contra
2075 1755 198 52 suppo¬-

1231 1830 260 53 situm.
1413 1830 312 53 Secunda,
1647 1830 208 53 quia
1778 1830 208 53 ille
1908 1830 286 53 tertius
2090 1830 182 53 modus

1232 1906 301 53 haberet
1451 1906 274 53 tantum
1643 1906 219 53 unum
1780 1906 247 53 modum
1917 1906 356 53 principian¬-

1236 1981 169 53 di,
1333 1981 290 53 scilicet
1550 1981 169 53 vel
1647 1981 169 53 per
1743 1981 218 53 modum
1888 1981 266 53 naturae
2082 1981 169 53 vel
2154 1981 121 53 per

1234 2056 234 51 modum
1390 2056 390 51 voluntatis,
1702 2056 182 51 cum
1805 2056 208 51 ista
1935 2056 208 51 sint
2039 2056 234 51 immedi¬-

1233 2133 208 52 ata.
1363 2133 182 52 Non
1467 2133 208 52 enim
1597 2133 260 52 potest
1780 2133 208 52 dari
1910 2133 286 52 aliquis
2092 2133 182 52 modus

1234 2207 431 53 principiandi,
1589 2207 203 53 quae
1716 2207 178 53 non
1817 2207 178 53 sit
1919 2207 178 53 aut
2020 2207 178 53 per
2096 2207 178 53 modum

1234 2283 273 51 naturae
1432 2283 173 51 aut
1532 2283 173 51 per
1631 2283 223 51 modum
1779 2283 372 51 voluntatis,
2077 2283 149 51 et
2126 2283 149 51 tunc

1233 2358 165 51 si
1315 2358 219 51 ambo
1452 2358 439 51 reducerentur
1809 2358 165 51 ad
1891 2358 329 51 tertium,
2110 2358 165 51 unum

1236 2433 379 55 reduceretur
1539 2433 152 55 ad
1615 2433 227 55 aliud
1767 2433 152 55 et
1842 2433 202 55 idem
1969 2433 152 55 ad
2019 2433 253 55 seipsum.

1295 2510 244 57 Quarto,
1472 2510 377 57 principaliter
1783 2510 222 57 arguit
1939 2510 222 57 Doctor
2094 2510 178 57 con-
2183 2510 111 57 55.

1237 2585 192 56 tra
1346 2585 247 56 illud
1511 2585 219 56 quod
1648 2585 274 56 dictum
1840 2585 192 56 est
1949 2585 274 56 prius,
2114 2585 164 56 quod

1234 2663 241 53 utrum
1395 2663 187 53 que
1502 2663 375 53 principium
1796 2663 401 53 productivum
2091 2663 187 53 habet

1237 2737 407 56 productionem
1567 2737 203 56 sibi
1694 2737 356 56 adaequatam
1974 2737 153 56 et
2025 2737 254 56 coaeter¬-

1236 2815 178 53 nam
1337 2815 127 53 ;
1388 2815 204 53 ergo
1516 2815 255 53 stante
1694 2815 204 53 illa
1821 2815 178 53 non
1923 2815 255 53 potest
2075 2815 204 53 habere

1238 2895 237 56 aliam,
1404 2895 190 56 quia
1523 2895 142 56 si
1594 2895 332 56 intelligat
1855 2895 332 56 adaequatum
2092 2895 190 56 exten¬-

1239 2972 208 54 sive,
1377 2972 185 54 tunc
1493 2972 254 54 politur
1678 2972 346 54 principium,
1955 2972 277 54 scilicet
2139 2972 139 54 quia

1235 3047 192 54 non
1344 3047 275 54 probat
1537 3047 220 54 hoc,
1674 3047 192 54 sed
1784 3047 330 54 supponit
2032 3047 220 54 esse
2142 3047 137 54 ve¬-

1234 3123 220 51 rum,
1371 3123 220 51 quod
1508 3123 247 51 tamen
1673 3123 192 51 est
1783 3123 302 51 dubium.
2003 3123 165 51 Si
2058 3123 220 51 inten-

1239 3197 217 57 sive,
1384 3197 217 57 adhuc
1529 3197 169 57 non
1625 3197 314 57 sequitur,
1867 3197 193 57 quia
1987 3197 217 57 licet
2108 3197 169 57 prin¬-

1236 3273 289 55 cipium
1438 3273 433 55 productivum
1785 3273 289 55 habeat
1958 3273 318 55 productum

1238 3349 363 53 adaequatum
1523 3349 363 53 intensive,
1808 3349 233 53 tamen
1964 3349 259 53 stante
2119 3349 156 53 illo

1237 3426 311 56 producto
1470 3426 259 56 potest
1652 3426 259 56 habere
1833 3426 259 56 aliud,
2015 3426 181 56 vel
2093 3426 181 56 aeque

1236 3500 366 53 perfectum
1517 3500 197 53 vel
1630 3500 253 53 minus
1799 3500 394 53 perfectum,
2080 3500 197 53 sicut

1239 3578 227 55 patet
1390 3578 152 55 in
1466 3578 227 55 causa
1618 3578 303 55 univoca,
1845 3578 202 55 quae
1972 3578 253 55 posito
2123 3578 152 55 quod
