2711 3950
358 326 317 55 producat
595 326 211 55 unum
727 326 317 55 effectum
965 326 211 55 sibi
1071 326 317 55 adaequatum

357 400 335 55 intensive,
620 400 215 55 adhuc
764 400 239 55 potest
931 400 239 55 habere
1099 400 215 55 alium
1219 400 168 55 simi¬-

357 477 172 54 lem
456 477 123 54 ;
505 477 221 54 patet
652 477 246 54 etiam,
824 477 196 54 quia
947 477 221 54 licet
1094 477 221 54 visio
1217 477 172 54 Verbi

360 553 343 55 adsequetur
629 553 318 55 potentiae
874 553 245 55 animae
1045 553 269 55 Christi
1217 553 171 55 (quia

356 628 379 56 perfectior
654 628 190 56 non
762 628 271 56 potest
952 628 298 56 haberi,
1141 628 244 56 tenendo

359 705 187 53 quod
476 705 211 53 talis
616 705 211 53 visio
756 705 164 53 sit
850 705 164 53 ita
943 705 281 53 perfecta
1154 705 187 53 quod
1248 705 140 53 per¬-

355 783 270 51 fectior
552 783 172 51 non
650 783 246 51 potest
823 783 270 51 creari,
1019 783 270 51 videtur
1191 783 197 51 tenere

356 860 252 49 Doctor
532 860 151 49 in
608 860 151 49 3.
684 860 328 49 distinet.
936 860 202 49 14.)
1062 860 227 49 tamen
1188 860 202 49 potest

357 933 253 52 noscere
541 933 184 52 actu
655 933 253 52 elicito
839 933 207 52 aliud
977 933 413 52 intelligibile,
1298 933 92 52 ut

332 1010 225 54 'patet
489 1010 135 54 in
557 1010 135 54 3.
624 1010 203 54 dist.
759 1010 158 54 14.
849 1010 293 54 Similiter
1074 1010 180 54 Deus
1187 1010 203 54 novit
1299 1010 90 54 se

359 1086 247 53 notitia
538 1086 291 53 adaequata
762 1086 314 53 intensive,
1009 1086 179 53 quia
1121 1086 202 53 talis
1233 1086 157 53 noti¬-

363 1162 147 48 tia
447 1162 147 48 est
531 1162 147 48 ita
615 1162 231 48 formali
783 1162 147 48 ter
867 1162 273 48 infinita,
1078 1162 189 48 sicut
1204 1162 189 48 Deus,
1309 1162 84 48 ut

362 1240 210 51 supra
502 1240 233 51 patuit
665 1240 303 51 praesenti
898 1240 210 51 dist.
1038 1240 140 51 q.
1108 1240 140 51 3.
1178 1240 140 51 et
1225 1240 163 51 tamen

362 1316 206 49 novit
500 1316 206 49 etiam
637 1316 183 49 alia
752 1316 115 49 a
798 1316 161 49 se,
889 1316 138 49 ut
958 1316 206 49 supra
1096 1316 229 49 patuit
1233 1316 161 49 prae-

359 1389 144 54 ti
431 1389 216 54 dist.
575 1389 264 54 quaest.
767 1389 144 54 1.
839 1389 144 54 et
912 1389 216 54 magis
1056 1389 264 54 patebit
1224 1389 168 54 infra

363 1468 202 52 dist.
497 1468 157 52 39.
587 1468 179 52 ergo
699 1468 157 52 sic
789 1468 179 52 erit
901 1468 135 52 in
946 1468 269 52 proposito.

416 1543 232 53 Quinto
578 1543 256 53 arguit,
764 1543 139 53 et
834 1543 209 53 ratio
974 1543 186 53 stat
1090 1543 139 53 in
1160 1543 186 53 hoc,
1253 1543 139 53 quia

360 1619 344 51 principium
631 1619 368 51 productivum
925 1619 147 51 ut
999 1619 221 51 tale,
1146 1619 172 51 est
1220 1619 172 51 prius

358 1696 414 52 principiato,
694 1696 181 52 imo
798 1696 258 52 quando
978 1696 207 52 actu
1082 1696 310 52 principiat

363 1772 202 53 adhuc
497 1772 358 53 intelligilur
788 1772 224 53 prius,
945 1772 134 53 ut
1012 1772 202 53 patet
1124 1772 269 53 subtiliter

362 1849 109 41 a
406 1849 241 41 Doctore
581 1849 131 41 in
646 1849 109 41 2
690 1849 197 41 dist.
821 1849 131 41 1.
887 1849 131 41 et
953 1849 197 41 dist.
1084 1849 153 41 25.
1171 1849 131 41 et
1215 1849 175 41 alibi.

360 1927 151 51 et
435 1927 201 51 vide
561 1927 201 51 quae
686 1927 176 51 ibi
787 1927 301 51 exposui.
1012 1927 151 51 Si
1088 1927 201 51 ergo
1188 1927 201 51 prius,

359 2003 287 52 sequitur
575 2003 192 52 quod
694 2003 168 52 non
790 2003 263 52 mutatur
982 2003 216 52 ratio
1102 2003 287 52 principii,

350 2079 208 53 per
469 2079 208 53 hoc
588 2079 237 53 quod
736 2079 237 53 nunc
885 2079 267 53 habet
1033 2079 356 53 productum,

357 2153 240 52 patet,
525 2153 192 52 quia
645 2153 216 52 ratio
789 2153 288 52 formalis
1006 2153 264 52 prioris
1198 2153 168 52 non
1270 2153 120 52 mu¬-

355 2231 221 51 tatur
503 2231 172 51 per
601 2231 271 51 aliquod
798 2231 345 51 posterius;
1069 2231 197 51 ergo
1192 2231 148 51 si
1241 2231 148 51 tale

351 2307 346 51 principium
623 2307 173 51 non
722 2307 272 51 haberet
920 2307 173 51 hoc
1019 2307 322 51 principia
1242 2307 148 51 tum,

352 2382 266 51 posset
539 2382 266 51 habere
725 2382 266 51 aliud,
912 2382 186 51 cum
1018 2382 266 51 habeat
1178 2382 213 51 eamdem

354 2459 303 52 rationem
581 2459 328 52 principii
833 2459 202 52 quam
959 2459 252 52 prius;
1136 2459 202 52 ergo
1237 2459 151 52 tale

353 2533 364 53 principium
639 2533 182 53 (si
743 2533 182 53 sit
847 2533 364 53 perfectum)
1132 2533 156 53 si
1184 2533 208 53 potuit

354 2611 247 51 habere
527 2611 222 51 aliud
675 2611 420 51 principiatum,
1021 2611 197 51 puta
1144 2611 148 51 B,
1218 2611 148 51 si
1268 2611 123 51 non

356 2685 265 53 fuisset
549 2685 386 53 principiatum
862 2685 145 53 A,
934 2685 265 53 videtur
1127 2685 193 53 quod
1223 2685 169 53 simul

355 2762 252 52 possit
531 2762 252 52 habere
708 2762 126 52 A
758 2762 151 52 et
834 2762 126 52 B
884 2762 151 52 ul
960 2762 176 52 duo
1035 2762 353 52 principiata,

355 2840 191 50 cum
464 2840 191 50 per
573 2840 136 50 A
628 2840 437 50 principiatum
983 2840 191 50 non
1092 2840 328 50 tollatur
1310 2840 82 50 a

359 2914 292 53 principio
583 2914 202 53 ratio
695 2914 359 53 principiandi..

412 2992 233 49 Doctor
575 2992 280 49 remittit
785 2992 140 49 se
855 2992 140 49 ad
925 2992 210 49 dist.
1065 2992 140 49 7.
1135 2992 210 49 hujus
1252 2992 140 49 pri¬-

355 3067 186 52 mi.
462 3067 213 52 Quia
595 3067 239 52 tamen
754 3067 186 52 ibi
860 3067 186 52 non
967 3067 266 52 solvit
1153 3067 186 52 has
1233 3067 159 52 duas

352 3148 320 52 rationes
592 3148 347 52 expresse,
859 3148 187 52 imo
966 3148 294 52 clarius
1153 3148 240 52 possunt

358 3224 206 52 solvi
496 3224 137 52 ex
564 3224 229 52 dictis
725 3224 137 52 in
793 3224 252 52 quaest.
977 3224 137 52 2.
1045 3224 229 52 Quodl.
1183 3224 206 52 aliqua¬-

355 3301 217 50 liter
500 3301 217 50 solvo
645 3301 193 50 eas.
765 3301 145 50 Ad
838 3301 266 50 primam,
1031 3301 169 50 qu®
1127 3301 169 50 est
1200 3301 193 50 quarta

353 3375 160 54 in
433 3375 294 54 ordine,
647 3375 213 54 dico
780 3375 213 54 quod
914 3375 294 54 genitum
1100 3375 294 54 ad®quatur

357 3451 329 55 principio
610 3451 355 55 productivo
889 3451 355 55 intensive,
1167 3451 203 55 quia
1268 3451 127 55 est

356 3527 182 55 ita
460 3527 363 55 perfectum,
745 3527 182 55 cum
849 3527 311 55 includat
1083 3527 259 55 eamdem
1238 3527 156 55 per¬-

358 3605 383 52 fectionem,
658 3605 191 52 imo
768 3605 219 52 sibi
904 3605 437 52 communicatur
1232 3605 164 52 tota

1440 317 320 56 perfectio
1687 317 320 56 principii
1933 317 370 56 productivi,
2204 317 271 56 ad®qualur

1437 396 240 50 etiam
1598 396 374 50 extensive.
1891 396 187 50 Cum
1998 396 321 50 dicitur,
2239 396 214 50 quod
2345 396 134 50 hoc

1435 471 178 53 non
1536 471 280 53 probat,
1740 471 204 53 dico
1867 471 204 53 quod
1994 471 178 53 hoc
2096 471 305 53 ostendit
2300 471 178 53 infra

1441 548 263 52 distinet
1639 548 132 52 7.
1705 548 110 52 m
1748 548 198 52 Quol.
1880 548 242 52 quaesi.
2056 548 132 52 2.
2122 548 154 52 ubi
2210 548 154 52 hoc
2275 548 198 52 probat,

1432 627 173 49 et
1519 627 375 49 argumento
1807 627 375 49 ostensivo
2095 627 173 49 et
2153 627 317 49 argumento

1437 698 277 52 ducente
1638 698 151 52 ad
1714 698 403 52 impossibile,
2042 698 202 52 vide
2168 698 176 52 ibi
2268 698 151 52 et
2319 698 151 52 quae

1439 774 163 50 ibi
1509 774 233 50 exposui.

1487 848 155 52 Ad
1565 848 337 52 secundum,
1824 848 207 52 dico
1953 848 311 52 breviter
2186 848 207 52 quod
2290 848 181 52 prin¬-

1436 924 266 52 cipium
1622 924 398 52 productivum
1941 924 292 52 ejusdem
2153 924 319 52 rationis
2366 924 106 52 in

1441 999 282 53 divinis,
1652 999 164 53 est
1746 999 164 53 ita
1839 999 282 53 praecise
2051 999 329 53 principium
2285 999 188 53 respe¬-

1443 1077 168 51 ctu
1539 1077 240 51 illius
1707 1077 408 51 productionis,
2044 1077 192 51 quod
2164 1077 144 51 si
2236 1077 168 51 non
2308 1077 168 51 esset

1438 1152 259 50 illius
1619 1152 337 50 praecise,
1878 1152 233 50 nullo
2034 1152 207 50 modo
2163 1152 259 50 posset
2319 1152 155 50 esse

1443 1226 290 51 alterius;
1666 1226 134 51 et
1733 1226 179 51 illa
1845 1226 290 51 productio
2068 1226 290 51 Filii-est
2291 1226 156 51 ita
2358 1226 112 51 ne-

1442 1303 206 53 cesse
1579 1303 183 53 esse
1694 1303 137 53 in
1763 1303 275 53 divinis,
1969 1303 183 53 quod
2083 1303 137 53 si
2152 1303 183 53 illa
2243 1303 229 53 praecise

1440 1379 176 51 non
1540 1379 252 51 esset,
1717 1379 226 51 esset
1867 1379 377 51 simpliciter
2144 1379 327 51 impossibile

1440 1456 216 50 posse
1584 1456 192 50 esse
1704 1456 240 50 aliam,
1872 1456 144 50 ut
1944 1456 336 50 subtiliter
2185 1456 288 50 ostenditur

1442 1531 125 51 a
1492 1531 276 51 Doctore
1693 1531 150 51 in
1768 1531 150 51 q.
1843 1531 150 51 2.
1918 1531 301 51 Quodlib.
2144 1531 150 51 Et
2219 1531 176 51 sic
2294 1531 176 51 dico,

1441 1607 206 52 quod
1570 1607 206 52 tale
1699 1607 361 52 principium
1982 1607 387 52 productivum
2266 1607 206 52 (quam¬-

1444 1684 163 52 vis
1537 1684 163 52 sit
1630 1684 210 52 prius
1770 1684 303 52 producto)
2003 1684 163 52 sic
2096 1684 280 52 praecise
2283 1684 186 52 deter¬-

1439 1759 298 52 minatur
1656 1759 163 52 ad
1737 1759 244 52 illud
1900 1759 380 52 prodactum,
2198 1759 217 52 quod
2306 1759 163 52 sim¬-

1438 1834 310 52 pliciter
1671 1834 310 52 repugnat
1904 1834 155 52 ei
1981 1834 233 52 posse
2137 1834 259 52 habere
2292 1834 181 52 aliud

1437 1910 372 51 productum,
1730 1910 239 51 etiam
1889 1910 266 51 posito
2075 1910 212 51 quod
2207 1910 186 51 non
2287 1910 186 51 habe^

1437 1987 186 53 ret
1543 1987 239 53 prius
1702 1987 371 53 productum.
1993 1987 186 53 Cum
2099 1987 212 53 ergo
2205 1987 265 53 dicitur,

1439 2062 212 51 quod
1571 2062 186 51 cum
1677 2062 186 51 sit
1783 2062 265 51 prius,
1969 2062 186 51 non
2075 2062 318 51 variatur
2287 2062 186 51 ratio

1437 2138 321 52 principii
1684 2138 370 52 productivi,
1980 2138 222 52 dico,
2128 2138 197 52 quod
2252 2138 222 52 licet
2375 2138 99 52 in

1438 2214 148 50 se
1512 2214 173 50 non
1611 2214 321 50 varietur,
1858 2214 222 50 tamen
2007 2214 148 50 in
2081 2214 198 50 illo
2204 2214 247 50 priori
2352 2214 124 50 non

1437 2289 271 53 habebit
1634 2289 296 53 rationem
1856 2289 320 53 principii
2102 2289 345 53 productivi
2349 2289 123 53 re¬-

1437 2367 253 50 spectu
1614 2367 304 50 alterius
1842 2367 329 50 producti,
2095 2367 177 50 cum
2196 2367 177 50 sit
2272 2367 203 50 deter¬-

1435 2443 292 52 minatum
1648 2443 159 52 ad
1728 2443 213 52 tale
1861 2443 372 52 productum.
2153 2443 159 52 De
2233 2443 186 52 hoc
2313 2443 159 52 vide

1439 2519 344 51 singularia
1709 2519 294 51 Doctoris
1930 2519 147 51 in
2004 2519 270 51 Quolib.
2200 2519 270 51 quaest.
2372 2519 98 51 2.

1443 2596 134 52 et
1510 2596 336 52 aliqualiter
1779 2596 202 52 infra
1913 2596 291 52 distinet.
2137 2596 134 52 7.
2204 2596 134 52 et
2249 2596 224 52 pr®cipue

1440 2673 237 51 aliqua
1606 2673 118 51 a
1653 2673 142 51 me
1724 2673 166 51 ibi
1796 2673 260 51 exposita.

1781 2797 320 35 SGHOL1UM.

1488 2893 242 47 Instat
1657 2893 435 47 quadrupliciter
2019 2893 242 47 contra
2188 2893 145 47 id
2261 2893 193 47 quod
2357 2893 121 47 as¬-

1443 2959 247 45 seruit,
1622 2959 270 45 scilicet
1825 2959 405 45 intelligentiam
2162 2959 157 45 non
2252 2959 180 45 esse
2342 2959 135 45 pro¬-

1443 3023 267 43 ductivam
1643 3023 222 43 Verbi,
1799 3023 133 43 et
1865 3023 222 43 solvit
1999 3023 289 43 instantias.

1496 3131 287 61 Contra
1697 3131 230 61 ista
1841 3131 373 61 instatur,
2128 3131 201 61 (a)
2243 3131 172 61 et
2301 3131 172 61 pri¬-

1439 3209 172 59 mo
1525 3209 201 59 sic
1640 3209 144 59 :
1698 3209 488 59 Intelligentia
2100 3209 201 59 est
2215 3209 172 59 in
2272 3209 201 59 Patre

1438 3284 207 62 sub
1557 3284 325 62 propria
1793 3284 325 62 ratione
2000 3284 472 62 intelligentim,

1436 3360 173 61 et
1523 3360 318 61 propria
1754 3360 376 61 perfectio
2014 3360 462 61 intelligentise

1437 3436 178 60 ut
1526 3436 535 60 intelligentia,
1972 3436 208 60 est
2091 3436 327 60 Verbum;
2299 3436 178 60 ergo

1435 3512 297 60 Verbum
1643 3512 208 60 est
1762 3512 178 60 in
1851 3512 505 60 intelligentia
2237 3512 238 60 Patris

1438 3590 177 62 ut
1527 3590 296 62 Patris
1734 3590 237 62 est,
1882 3590 237 62 quod
2030 3590 207 62 est
2118 3590 296 62 negatum.
