2711 3950
311 324 193 70 vel
422 324 359 70 cogitatio
698 324 166 70 in
781 324 470 70 intelligentia
1140 324 221 70 nascit

312 400 185 63 de
405 400 247 63 actu
559 400 277 63 primo
744 400 216 63 qui
867 400 216 63 est
990 400 185 63 in
1052 400 308 63 memoria,

320 475 226 61 quae
461 475 198 61 est
574 475 254 61 visio
743 475 395 61 habitualis
1054 475 198 61 vel
1138 475 226 61 scien¬-

315 553 229 48 tia
446 553 392 48 secundum
708 553 196 48 eum.

291 627 189 62 Ad
385 627 189 62 Ad
479 627 346 62 tertiam
731 627 472 62 instantiam,
1109 627 220 62 (e)
1204 627 157 62 cum

298 703 339 52 Differentia
570 703 249 52 dicitur
751 703 136 52 de
818 703 339 52 differentia
1090 703 271 52 memoriae
1271 703 90 52 et

297 769 272 74 ifcaulis
501 769 430 74 intelligentise,
863 769 181 74 dico
976 769 181 74 quod
1089 769 181 74 illi
1180 769 181 74 adver-

295 855 315 71 quandoque
537 855 218 71 sarii
682 855 170 71 non
779 855 242 71 ponunt
949 855 388 71 differentiam
1240 855 121 71 re-

294 930 322 67 differen-
542 930 198 67 alem
666 930 223 67 inter
814 930 371 67 intellectum
1111 930 149 67 et
1161 930 198 67 volun-

286 1003 221 63 Vam
413 1003 284 63 tatem
602 1003 347 63 Patris,
854 1003 189 63 et
948 1003 284 63 tamen
1106 1003 252 63 habent

292 1080 371 57 effectibus,
589 1080 322 57 concedere
836 1080 247 57 tantam
985 1080 371 57 differentiam,

313 1157 253 64 quod
471 1157 347 64 alterum
724 1157 316 64 potest
945 1157 253 64 esse
1071 1157 284 64 princi¬-

312 1232 239 65 pium
462 1232 418 65 elicitivum
790 1232 359 65 alicujus
1029 1232 329 65 producti¬-

308 1311 305 64 onis,
511 1311 305 64 cujus
714 1311 372 64 alterum
985 1311 237 64 non
1086 1311 271 64 potest

308 1387 247 63 esse
462 1387 431 63 principium
801 1387 431 63 elicitivum
1109 1387 247 63 forma¬-

303 1462 217 63 le.
427 1462 310 63 Filius
644 1462 248 63 enim
799 1462 434 63 producitur
1108 1462 248 63 forma-

301 1538 288 64 liter
493 1538 224 64 per
621 1538 288 64 modum
813 1538 384 64 naturae,
1100 1538 224 64 sed
1196 1538 160 64 non

301 1615 459 64 producitur
662 1615 459 64 formaliter
1022 1615 229 64 per
1121 1615 229 64 modum

308 1689 437 65 voluntatis;
657 1689 291 65 igitur
861 1689 262 65 licet
1036 1689 204 65 non
1123 1689 233 65 diffe¬-

310 1766 246 52 rant
464 1766 369 52 realiter
741 1766 338 52 memoria
987 1766 185 52 et
1048 1766 308 52 intelli¬-

308 1844 338 64 gentia
545 1844 371 64 Patris,
815 1844 236 64 est
950 1844 304 64 tamen
1119 1844 236 64 tanta

312 1919 423 63 differentia
650 1919 254 63 inter
819 1919 254 63 illa,
988 1919 225 63 quod
1101 1919 254 63 alterum

312 1994 306 66 posset
527 1994 245 66 poni
680 1994 429 66 principium
986 1994 368 66 elicitivum

311 2069 358 66 alicujus
580 2069 508 66 productionis,
998 2069 269 66 cujus
1147 2069 209 66 reli¬-

305 2144 300 66 quum
492 2144 262 66 non
642 2144 412 66 ponatur
904 2144 449 66 principium

310 2220 406 56 elicitivum
629 2220 348 56 formale;
891 2220 261 56 talis
1036 2220 319 56 differen¬-

306 2297 216 65 tia
429 2297 277 65 patet
614 2297 369 65 secundum
891 2297 431 65 Augustinum
1199 2297 154 65 15.

312 2373 173 62 de
399 2373 404 62 Trinitate,
717 2373 231 62 cap.
861 2373 173 62 8.
948 2373 173 62 et
1034 2373 202 62 ubi
1121 2373 231 62 prius.

311 2451 261 61 Talis
485 2451 203 61 est
601 2451 261 61 enim,
775 2451 232 61 quod
920 2451 174 61 si
1007 2451 261 61 Pater
1152 2451 203 61 esset

288 2529 252 53 Text.
456 2529 449 53 memorialiter
821 2529 337 53 noscens,
1073 2529 196 53 non
1158 2529 196 53 autem

292 2584 235 85 ©eram.
457 2584 165 85 5i.
551 2584 376 85 intelligens,
857 2584 165 85 non
951 2584 212 85 esset
1069 2584 282 85 perfectus,

308 2678 391 62 secundun
602 2678 489 62 Philosophum
993 2678 196 62 12
1058 2678 294 62 Metaph.

310 2755 209 51 non
430 2755 358 51 obstante
698 2755 239 51 illa
848 2755 418 51 identitate
1146 2755 209 51 memo¬-

311 2831 232 61 riae
456 2831 174 61 ad
543 2831 550 61 intelligentiam,
1006 2831 232 61 sive
1122 2831 232 61 recor¬-

307 2906 347 53 dationis
567 2906 174 53 ad
625 2906 492 53 intellectionem.

282 2980 244 74 .26.
434 2980 153 74 ,
495 2980 183 74 Ad
587 2980 336 74 quartam
831 2980 427 74 instantiam
1136 2980 214 74 dico,

289 3057 301 67 Operatio'
520 3057 162 67 (f)
613 3057 185 67 quod
728 3057 185 67 haec
844 3057 162 67 est
937 3057 301 67 immediata
1145 3057 208 67 contin-

290 3133 192 66 taiis
417 3133 170 66 noa.
524 3133 192 66 gens,
652 3133 192 66 calor
779 3133 298 66 calefacit,
1013 3133 128 66 et
1077 3133 170 66 ista
1184 3133 149 66 est
1248 3133 106 66 im-

288 3197 288 74 estctK!u"
510 3197 244 74 mediata
687 3197 333 74 necessaria,
953 3197 200 74 calor
1086 3197 155 74 est
1152 3197 200 74 calefa-

287 3275 203 81 *com.
423 3275 181 81 te!*
536 3275 248 81 clivus,
717 3275 181 81 quia
829 3275 203 81 inter
965 3275 248 81 extrema
1123 3275 226 81 neutrius

303 3361 383 61 istorum
582 3361 453 61 invenitur
931 3361 383 61 aliquod
1175 3361 174 61 me¬-

306 3437 253 62 dium.
475 3437 197 62 Ita
587 3437 225 62 dico
728 3437 225 62 quod
868 3437 225 62 ista
1009 3437 197 62 est
1121 3437 197 62 per
1205 3437 141 62 se,

296 3516 360 60 ■operatio
573 3516 360 60 inquantum
850 3516 360 60 operatio,
1127 3516 194 60 est
1210 3516 138 60 non

297 3589 492 65 produGtiva,
691 3589 262 65 quia
855 3589 492 65 operationes
1216 3589 131 65 ut

1412 324 429 63 operationes
1756 324 229 63 sunt
1899 324 257 63 fines
2070 324 172 63 et
2127 324 315 63 perfecti¬-

1408 401 258 61 ones
1569 401 451 61 operantis.
1923 401 419 61 Productio
2213 401 225 61 autem

1408 474 168 64 ut
1492 474 364 64 productio
1772 474 224 64 est,
1912 474 196 64 non
2024 474 224 64 est'
2136 474 308 64 perfectio

1405 551 505 60 producentis,
1815 551 221 60 sed
1942 551 315 60 habens
2131 551 315 60 terminum

1403 627 438 61 productum
1740 627 303 61 extra
1943 627 438 61 essentiam
2246 627 202 61 pro¬-

1405 702 377 57 ducentis,
1695 702 203 57 vel
1811 702 290 57 saltem
2015 702 203 57 non
2102 702 348 57 includitur

1401 776 418 65 formaliter
1730 776 179 65 in
1819 776 328 65 persona
2028 776 418 65 producentis.

1461 854 269 62 Quare
1640 854 299 62 igitur
1850 854 269 62 actus
2029 854 388 62 secundus,
2298 854 149 62 (g)

1404 930 215 63 quo
1527 930 276 63 Pater
1711 930 429 63 intelligit
2048 930 215 63 vel
2140 930 307 63 operatur

1404 1004 448 63 formaliter,
1762 1004 209 63 non
1852 1004 328 63 producit?

1464 1082 403 61 Respondeo,
1781 1082 230 61 quia
1925 1082 259 61 illud
2069 1082 374 61 intelligere

1401 1157 178 60 ex
1490 1157 326 60 ratione
1727 1157 207 60 sua
1846 1157 207 60 est
1964 1157 326 60 operari
2171 1157 267 60 Patris,

1401 1235 179 61 et
1491 1235 208 61 non
1610 1235 208 61 est
1729 1235 387 61 producere
2026 1235 149 61 ;
2056 1235 387 61 productione

1403 1310 260 62 autem
1576 1310 231 62 sive
1721 1310 347 62 dictione
1981 1310 376 62 producit,
2241 1310 202 62 sicut

1403 1386 318 62 aliquid
1634 1386 463 62 calefactione
2010 1386 376 62 calefacit
2271 1386 173 62 for¬-

1400 1463 367 61 maliter,
1676 1463 275 61 cujus
1859 1463 214 61 non
1982 1463 214 61 est
2104 1463 245 61 alia
2227 1463 214 61 causa

1394 1538 349 61 prior.
1638 1538 279 61 Quod
1812 1538 314 61 autem
2022 1538 349 61 dicis,
2231 1538 209 61 idem

1396 1615 270 62 esse
1565 1615 472 62 principium
1936 1615 371 62 istorum
2172 1615 270 62 duorum

1396 1691 371 52 actuum,
1666 1691 236 52 non
1801 1691 472 52 altercando
2172 1691 270 52 modo
2307 1691 135 52 de

1399 1763 406 64 intellectu
1718 1763 290 64 agente
1921 1763 174 64 et
2009 1763 406 64 possibili,
2299 1763 145 64 po¬-

1396 1842 247 62 test
1550 1842 370 62 concedi,
1828 1842 247 62 quod
1982 1842 185 62 ex
2043 1842 401 62 plenitudine

1398 1916 478 63 perfectionis
1787 1916 299 63 potest
1996 1916 388 63 competere
2265 1916 179 63 ali¬-

1405 1991 168 65 cui
1501 1991 192 65 quod
1621 1991 288 65 operetur
1837 1991 144 65 et
1909 1991 288 65 producat
2124 1991 192 65 vide
2244 1991 240 65 clari-
2388 1991 72 65 ?

1405 2057 264 73 aliquid
1597 2057 216 73 aliud
1741 2057 120 73 a
1789 2057 168 73 se,
1885 2057 216 73 magis
2028 2057 216 73 tamen
2148 2057 312 73 infraU5ist.

1405 2128 161 78 hoc
1497 2128 252 78 patebit
1680 2128 229 78 quando
1841 2128 275 78 dicetur,
2047 2128 229 78 quod3'
2185 2128 275 78 12;tet5j7'

1408 2209 202 76 dicere
1549 2209 142 76 non
1630 2209 142 76 est
1711 2209 223 76 aliquis
1873 2209 182 76 actus
1995 2209 243 76 intelli-
2177 2209 304 76 qu®j1j-514,
2399 2209 61 76 .

1399 2295 260 63 gendi
1573 2295 434 63 formaliter,
1920 2295 203 63 est
2036 2295 260 63 tamen
2181 2295 260 63 aliquis

1396 2366 294 55 actus
1592 2366 522 55 intellectus;
2017 2366 326 55 nullus
2212 2366 229 55 autem

1398 2441 276 61 actus
1582 2441 490 61 intelligendi
1980 2441 429 61 formaliter
2287 2441 153 61 est

1402 2516 449 62 productivus,
1767 2516 197 62 sed
1879 2516 309 62 aliquis
2104 2516 253 62 alius
2244 2516 197 62 actus

1397 2591 429 65 formaliter
1735 2591 460 65 naturaliter
2072 2591 368 65 praecedens

1396 2668 215 64 vel
1519 2668 430 64 subsequens
1857 2668 307 64 potest
2072 2668 246 64 esse
2195 2668 246 64 produ¬-

1401 2743 307 65 ctivus,
1624 2743 279 65 qualis
1820 2743 195 65 est
1931 2743 251 65 actus
2071 2743 279 65 dicendi.

1659 2876 477 43 COMMENTARIUS.

1457 2980 153 55 (a)
1544 2980 218 55 Ultimo
1697 2980 218 55 Doctor
1850 2980 240 55 adducit
2024 2980 240 55 aliquas
2198 2980 240 55 instan-
2351 2980 109 55 57.

1404 3057 188 54 tias
1521 3057 235 54 contra
1685 3057 211 54 multa
1826 3057 211 54 dicta
1967 3057 141 54 in
2037 3057 188 54 ista
2131 3057 305 54 quaestione,

1405 3133 179 52 quae
1516 3133 313 52 instantiae
1762 3133 179 52 sunt
1874 3133 156 52 ibi
1963 3133 112 52 :
2008 3133 223 52 Contra
2164 3133 179 52 ista
2253 3133 179 52 insta¬-

1403 3206 171 52 tur,
1510 3206 128 52 et
1574 3206 193 52 primo
1702 3206 150 52 sic
1788 3206 107 52 :
1831 3206 364 52 Intelligentia
2130 3206 150 52 est
2216 3206 128 52 in
2259 3206 171 52 Patre.

1397 3282 186 55 Hic
1504 3282 266 55 arguit
1690 3282 266 55 contra
1875 3282 212 55 unum
2008 3282 266 55 dictum
2167 3282 266 55 superius

1397 3361 280 44 contra
1593 3361 364 44 Henricum.
1873 3361 308 44 Dicebat
2097 3361 224 44 enim
2209 3361 224 44 Doctor

1397 3437 141 50 si
1468 3437 354 50 intellectus
1751 3437 212 50 nudus
1893 3437 141 50 ut
1963 3437 259 50 Patris,
2128 3437 307 50 convertitur

1397 3511 227 56 super
1548 3511 379 56 intellectum
1851 3511 328 56 formatum,
2104 3511 202 56 etc.
2230 3511 177 56 ibi
2306 3511 126 56 de¬-

1396 3589 302 55 ducebat,
1623 3589 202 55 ergo
1749 3589 277 55 notitia
1950 3589 252 55 genita
2127 3589 202 55 sive
2227 3589 202 55 Verbum
