2653 3950
148 369 210 60 esset
288 369 326 60 formaliter
544 369 140 60 in
614 369 233 60 Patre,
777 369 186 60 quod
893 369 163 60 est
963 369 210 60 falsum;

143 446 176 59 sed
244 446 176 59 hic
344 446 252 59 probat
520 446 201 59 isto
646 446 352 59 argumento,
923 446 201 59 quod
1024 446 151 59 Ver¬-

146 524 160 57 bum
237 524 160 57 sit
329 524 319 57 formaliter
580 524 137 57 in
648 524 228 57 Patre,
808 524 137 57 et
876 524 228 57 probat
1036 524 160 57 sic
1105 524 68 57 :

145 599 417 57 Intelligenlia
489 599 172 57 est
587 599 344 57 formaliter
857 599 147 57 in
931 599 245 57 Patre,
1078 599 98 57 et

139 674 464 58 intelligenlia
521 674 191 58 est
630 674 300 58 Verbum;
848 674 218 58 ergo
957 674 218 58 Verbum

146 748 159 45 est
237 748 318 45 formaliter
487 748 136 45 in
532 748 182 45 Patre.

193 824 185 59 (b)
298 824 159 59 Ad
377 824 211 59 hanc
510 824 317 59 rationem
747 824 343 59 respondet
1012 824 185 59 ibi
1091 824 79 59 :

140 902 151 57 Ad
215 902 252 57 primum
392 902 227 57 dico.
543 902 328 57 Sententia
796 902 227 57 hujus
922 902 252 57 litterae

141 976 212 57 est,
273 976 212 57 quod
405 976 238 57 Pater
564 976 238 57 habet
723 976 159 57 in
802 976 159 57 se
855 976 318 57 formaliter

136 1053 345 58 memoriam,
402 1053 478 58 inlelligentiam
800 1053 212 58 sive
906 1053 266 58 notitiam

138 1129 336 57 simplicem
397 1129 155 57 et
474 1129 388 57 voluntatem,
784 1129 207 57 quae
914 1129 233 57 omnia
1043 1129 129 57 di¬-

139 1204 206 58 cunt
268 1204 439 58 perfectionem,
629 1204 155 58 et
707 1204 232 58 eadem
861 1204 206 58 sunt
965 1204 206 58 forma-

137 1280 216 56 liler
281 1280 144 56 in
353 1280 216 56 Filio
497 1280 144 56 et
569 1280 264 56 Spiritu
761 1280 264 56 sancio.
953 1280 168 56 Non
1025 1280 144 56 enim

137 1357 207 59 Pater
275 1357 322 59 intelligit
528 1357 161 59 per
620 1357 253 59 Filium,
803 1357 161 59 nec
895 1357 253 59 diligit
1056 1357 115 59 per

137 1434 294 57 Spiritum
358 1434 294 57 sanctum,
579 1434 221 57 quasi
726 1434 245 57 Filius
898 1434 172 57 sit
972 1434 196 57 forma¬-

139 1510 201 55 liter
273 1510 336 55 intellectio
541 1510 246 55 Patris,
720 1510 134 55 et
788 1510 269 55 Spiritus
967 1510 201 55 sanctus

137 1583 168 57 sit
233 1583 336 57 formaliter
497 1583 192 57 amor
617 1583 264 57 Patris;
809 1583 168 57 sed
881 1583 288 57 intelligit

135 1658 172 58 per
234 1658 442 58 inlelligentiam
602 1658 344 58 formaliter
872 1658 196 58 sibi
970 1658 196 58 inexi-

133 1735 320 58 stentern,
380 1735 197 58 quae
503 1735 172 58 non
601 1735 172 58 est
700 1735 271 58 notitia
897 1735 271 58 genita,
1069 1735 99 58 et

132 1810 212 56 amat
265 1810 186 56 per
371 1810 265 56 amorem
557 1810 212 56 sibi
690 1810 371 56 formaliter
955 1810 212 56 inexi-

133 1886 295 58 stentem,
355 1886 172 58 qui
453 1886 197 58 amor
576 1886 172 58 non
674 1886 172 58 est
773 1886 344 58 formaliter
1018 1886 148 58 Spi¬-

135 1963 221 56 ritus
283 1963 295 56 sanctus.
504 1963 148 56 Et
578 1963 246 56 probat
750 1963 172 56 per
824 1963 344 56 auctoritatem

136 2038 336 58 Augustini,
400 2038 192 58 quae
520 2038 216 58 clara
665 2038 168 58 est
761 2038 168 58 ibi
857 2038 120 58 :
881 2038 288 58 Intelligit

135 2114 252 57 igitur
311 2114 202 57 quod
437 2114 227 57 Pater
588 2114 353 57 formaliter
866 2114 176 57 est
941 2114 227 57 memoria

133 2190 222 57 sibi,
281 2190 148 57 id
355 2190 197 57 est,
479 2190 197 57 quod
602 2190 272 57 memoria
800 2190 173 57 est
874 2190 296 57 formaliter

136 2265 144 57 in
208 2265 240 57 Patre,
376 2265 144 57 et
448 2265 168 57 sic
544 2265 408 57 intelligenlia
880 2265 144 57 et
928 2265 240 57 voluntas

135 2340 188 54 sive
253 2340 282 54 volitio,
465 2340 141 54 et
536 2340 188 54 haec
653 2340 212 54 omnia
794 2340 188 54 sunt
889 2340 282 54 formaliter

133 2419 148 56 in
207 2419 222 56 Filio
355 2419 148 56 et
430 2419 148 56 in
504 2419 272 56 Spiritu
701 2419 272 56 sancto,
898 2419 173 56 cum
973 2419 197 56 dicant

135 2494 387 55 perfectionem
425 2494 339 55 simpliciter.

190 2570 273 58 Sequitur
395 2570 136 58 in
463 2570 250 58 littera
645 2570 114 58 :
690 2570 136 58 Et
758 2570 136 58 in
826 2570 159 58 hoc
917 2570 159 58 est
985 2570 182 58 dissi¬-

138 2646 288 56 militudo
354 2646 216 56 inter
498 2646 288 56 personas
713 2646 144 56 et
785 2646 240 56 partes
929 2646 240 56 imaginis

136 2720 167 56 in
220 2720 251 56 nobis
387 2720 334 56 secundum
638 2720 279 56 ipsum,
833 2720 279 56 patet,
1000 2720 167 56 quia

139 2795 220 62 imago
285 2795 146 62 in
358 2795 220 62 nobis
505 2795 171 62 (ut
602 2795 269 62 patebit
798 2795 220 62 infra
944 2795 220 62 dist.
1066 2795 98 62 3.

136 2871 270 60 quaest.
333 2871 221 60 ult.)
480 2871 221 60 habet
627 2871 196 60 tres
750 2871 270 60 partes,
922 2871 245 60 scilicet

127 2947 356 59 memoriam
394 2947 415 59 perfectam,
691 2947 475 59 comprehendendo

134 3023 226 57 etiam
285 3023 351 57 voluntatem
561 3023 201 57 quae
686 3023 377 57 attribuitur
962 3023 201 57 Patri,

133 3097 159 60 et
212 3097 238 60 habet
371 3097 476 60 intelligenliam
767 3097 344 60 perfectam
1005 3097 159 60 quae

131 3172 362 58 attribuitur
420 3172 241 58 Filio,
589 3172 145 58 et
662 3172 241 58 amorem
830 3172 314 58 perfectum
1047 3172 121 58 qui

130 3249 380 58 attribuitur
433 3249 304 58 Spiritui
661 3249 278 58 sancto,
863 3249 177 58 sed
965 3249 177 58 non
1041 3249 127 58 se¬-

130 3326 259 62 quitur
311 3326 207 62 quod
441 3326 233 62 omnis
596 3326 337 62 perfectio
855 3326 207 62 quae
985 3326 181 62 est
1062 3326 104 62 in

130 3403 164 58 una
223 3403 211 58 parte
364 3403 305 58 imaginis,
599 3403 164 58 sit
693 3403 141 58 in
763 3403 188 58 alia
857 3403 305 58 formaliter,

132 3479 207 57 sicut
270 3479 161 57 est
362 3479 138 57 in
431 3479 276 57 personis
638 3479 276 57 divinis;
844 3479 161 57 nec
913 3479 253 57 similiter

130 3555 310 58 dicimus,
363 3555 207 58 quod
492 3555 285 58 secunda
699 3555 207 58 pars
829 3555 310 58 imaginis
1036 3555 129 58 sit

129 3629 345 56 formaliter
400 3629 296 56 memoria,
622 3629 172 56 nec
721 3629 345 56 formaliter
967 3629 197 56 volun¬

1229 378 172 60 tas
1328 378 197 60 sive
1451 378 221 60 amor;
1598 378 172 60 nec
1697 378 320 60 similiter
1942 378 270 60 dicimus
2114 378 148 60 quod

1224 455 289 56 voluntas
1441 455 193 56 sive
1562 455 217 56 amor,
1706 455 169 56 sit
1803 455 338 56 formaliter
2044 455 217 56 memoria

1228 531 144 59 et
1300 531 432 59 intelligenlia,
1660 531 216 59 sicut
1805 531 264 59 dicimus
1997 531 144 59 in
2045 531 216 59 divinis

1227 607 188 59 quod
1344 607 235 59 Filius
1508 607 164 59 est
1602 607 258 59 memoria
1790 607 211 59 sibi,
1907 607 352 59 intelligenlia

1224 683 192 55 sibi
1344 683 144 55 et
1416 683 288 55 voluntas
1632 683 216 55 sibi,
1777 683 168 55 hoc
1873 683 192 55 idem
1993 683 264 55 dicimus
2161 683 96 55 de

1223 758 208 55 Patre
1361 758 139 55 et
1431 758 254 55 Spiritu
1592 758 208 55 sancto.

1281 827 128 78 (c)
1354 827 183 78 Dices,
1482 827 220 78 sufficit
1647 827 147 78 quod
1739 827 128 78 sit
1812 827 202 78 notitia
1959 827 183 78 decla-
2087 827 165 78 Hen^/
2178 827 92 78 su_

1223 911 245 60 rativa.
1401 911 267 60 Dicerent
1602 911 201 60 isti,
1735 911 178 60 quod
1847 911 134 60 ex
1913 911 156 60 quo
2003 911 223 60 Verbum
2136 911 134 60 Pra-

1220 987 191 58 est
1329 987 436 58 declarativum
1683 987 300 58 objecti
1901 987 191 58 vel
1983 987 272 58 memoriae

1221 1061 227 58 cujus
1372 1061 202 58 est,
1498 1061 277 58 videtur
1700 1061 202 58 quod
1826 1061 277 58 notitia
2002 1061 252 58 actualis

1219 1136 181 56 cum
1322 1136 181 56 sit
1426 1136 207 56 vere
1555 1136 387 56 declarativa
1865 1136 336 56 memorise,
2097 1136 155 56 sive

1221 1213 246 60 objecti
1400 1213 403 60 intelligibilis
1736 1213 202 60 cujus
1870 1213 179 60 est,
1982 1213 157 60 sit
2049 1213 202 60 Verbum.

1273 1292 282 58 Respondet
1490 1292 217 58 Doctor
1642 1292 238 58 negando
1815 1292 152 58 ibi
1902 1292 108 58 :
1945 1292 173 58 Nego
2032 1292 238 58 Sententia

1219 1368 400 57 intelligendo,
1549 1368 188 57 etc.
1667 1368 306 57 Sententia
1902 1368 212 57 hujus
2020 1368 235 57 litterae

1219 1441 201 59 est,
1345 1441 201 59 quod
1470 1441 302 59 notitiam
1697 1441 201 59 esse
1822 1441 402 59 declarativam
2124 1441 126 59 me¬-

1219 1518 206 57 mori*
1357 1518 229 57 Patris
1517 1518 183 57 sive
1631 1518 298 57 essentiae
1861 1518 252 57 divinae
2044 1518 137 57 ut
2090 1518 160 57 prae¬-

1217 1593 230 58 sentis
1378 1593 345 58 intellectui
1654 1593 253 58 Patris,
1839 1593 230 58 potest
1977 1593 276 58 dupliciter

1216 1668 346 58 intelligi.
1488 1668 173 58 Uno
1587 1668 222 58 modo,
1735 1668 198 58 quod
1859 1668 321 58 declarare
2081 1668 173 58 dicat

1215 1744 241 59 tantum
1384 1744 337 59 relationem
1649 1744 313 59 rationis,
1890 1744 169 59 qua
1962 1744 289 59 relatione,

1220 1819 211 49 Pater
1360 1819 282 49 mediante
1572 1819 188 49 tali
1689 1819 258 49 notitia
1877 1819 282 49 declarat
2065 1819 188 49 essen¬-

1218 1895 221 59 tiam,
1366 1895 148 59 et
1440 1895 172 59 sic
1538 1895 369 59 intellectio
1833 1895 270 59 simplex
2030 1895 172 59 est
2103 1895 148 59 per¬-

1217 1970 217 56 fecte
1362 1970 386 56 declarativa.
1675 1970 193 56 Alio
1796 1970 217 56 modo,
1940 1970 145 56 ut
2013 1970 217 56 dicit
2133 1970 121 56 re¬-

1214 2048 329 57 lationem
1460 2048 274 57 realem
1652 2048 164 57 ad
1734 2048 329 57 personam
1953 2048 301 57 dicentem,

1218 2124 169 58 ita
1314 2124 193 58 quod
1435 2124 217 58 talis
1580 2124 266 58 notitia
1773 2124 169 58 non
1870 2124 241 58 tantum
2015 2124 241 58 includit

1214 2200 373 59 relationem
1508 2200 400 59 declarantis
1827 2200 160 59 ad
1907 2200 320 59 objectum
2121 2200 133 59 de¬-

1219 2276 337 53 claratum,
1478 2276 181 53 sed
1582 2276 233 53 etiam
1738 2276 311 53 includit
1945 2276 311 53 relationem

1214 2351 280 56 realem
1410 2351 168 56 ad
1494 2351 336 56 personam
1747 2351 336 56 dicentem
1999 2351 224 56 sive
2111 2351 140 56 ex¬-

1219 2427 329 57 primentem,
1477 2427 141 57 et
1547 2427 211 57 talis
1688 2427 258 57 notitia
1876 2427 258 57 proprie
2040 2427 211 57 dicitur

1216 2502 265 49 Verbum
1401 2502 318 49 divinum.
1639 2502 212 49 Alia
1771 2502 212 49 vero
1904 2502 291 49 notitia
2089 2502 159 49 sim¬-

1216 2579 227 56 plex,
1367 2579 151 56 et
1443 2579 151 56 si
1518 2579 227 56 dicat
1670 2579 353 56 relationem
1947 2579 303 56 rationis
2149 2579 101 56 ad

1215 2654 311 59 objectum
1448 2654 130 59 d
1500 2654 363 59 'claratum,
1785 2654 156 59 et
1863 2654 285 59 quantum
2071 2654 156 59 ad
2122 2654 130 59 hoc

1216 2728 253 59 posset
1393 2728 203 59 dici
1520 2728 279 59 Verbum,
1722 2728 203 59 quia
1849 2728 228 59 tamen
2001 2728 177 59 non
2077 2728 177 59 dicit

1215 2806 383 59 relationem
1515 2806 273 59 realem
1707 2806 164 59 ad
1788 2806 301 59 aliquam
1980 2806 273 59 personam

1213 2881 347 58 dicentem
1473 2881 231 58 sive
1618 2881 463 58 exprimentem,
1994 2881 231 58 ideo
2109 2881 145 58 non

1217 2955 285 61 dicitur
1424 2955 285 61 proprie
1631 2955 285 61 verbum,
1838 2955 155 61 de
1916 2955 181 61 quo
2019 2955 155 61 in
2071 2955 181 61 prae¬-

1215 3033 239 59 senti
1374 3033 345 59 loquimur,
1639 3033 159 59 et
1718 3033 159 59 de
1798 3033 186 59 hac
1904 3033 292 59 materia
2089 3033 159 59 pro¬-

1217 3106 233 60 lixius
1380 3106 279 60 declarat
1589 3106 233 60 Doctor
1752 3106 209 60 infra
1892 3106 140 60 d.
1961 3106 163 60 27.
2054 3106 140 60 q.
2101 3106 93 60 2.

1272 3185 229 59 Secundo
1439 3185 353 59 principaliter
1730 3185 229 59 arguit*
1896 3185 208 59 contra
2041 3185 104 59 '
2083 3185 166 59 ""m.
2166 3185 104 59 24.

1215 3260 221 60 aliud
1363 3260 245 60 dictum
1534 3260 319 60 superius,
1780 3260 319 60 videlicet
2025 3260 196 60 quod
2123 3260 123 60 no¬-

1214 3336 221 59 titia
1362 3336 270 59 simplex
1559 3336 148 59 et
1632 3336 295 59 actualis
1854 3336 172 59 non
1952 3336 246 59 potest
2099 3336 148 59 esse

1213 3411 227 61 ratio
1364 3411 302 61 formalis
1591 3411 353 61 producendi
1868 3411 302 61 notitiam
2070 3411 176 61 geni¬-

1215 3487 201 59 tam,
1341 3487 151 59 et
1416 3487 176 59 hic
1517 3487 252 59 probat
1693 3487 352 59 contrarium
1969 3487 176 59 per
2045 3487 201 59 dictum

1211 3563 328 59 Augustini
1463 3563 177 59 15.
1564 3563 152 59 de
1640 3563 278 59 Trinit.
1842 3563 202 59 quod
1968 3563 253 59 Verbum
2120 3563 126 59 est

1210 3640 217 59 visio
1354 3640 144 59 de
1427 3640 289 59 visione;
1643 3640 193 59 ergo
1764 3640 217 59 visio
1908 3640 193 59 sive
2004 3640 241 59 actualis
