2711 3950
408 364 272 54 notitia,
612 364 159 54 est
703 364 204 54 ratio
839 364 272 54 formalis
1043 364 317 54 producendi
1269 364 159 54 visi¬-

404 442 200 52 onem
529 442 200 52 sive
654 442 300 52 notitiam
854 442 250 52 genitam.

379 515 184 54 59.
484 515 184 54 (d)
589 515 342 54 Respondet
852 515 263 54 Doctor
1036 515 184 54 ibi
1141 515 131 54 :
1193 515 184 54 Cum
1272 515 158 54 vero

386 574 91 72 ^
422 574 219 72 7urcapi-
587 574 201 72 dicitur
733 574 219 72 secundo,
897 574 146 72 quod
989 574 128 72 est
1062 574 201 72 notitia
1208 574 110 72 de
1244 574 183 72 notitia.

386 653 294 74 xuulltTr1C1"
624 653 184 74 Sensus
753 653 220 74 litterae
918 653 147 74 est,
1010 653 147 74 quod
1102 653 165 74 visio
1212 653 184 74 potest
1322 653 110 74 capi

384 739 390 52 ^dupliciter.
701 739 171 52 Uno
798 739 195 52 modo
920 739 366 52 actualiler,
1188 739 244 52 scilicet

399 812 180 53 pro
502 812 282 53 notitia
707 812 282 53 actuali
913 812 334 53 simplici.
1169 812 205 53 Alio
1272 812 154 53 modo

398 889 404 51 habitualiter
726 889 151 51 et
801 889 177 51 hoc
902 889 378 51 dupliciter,
1180 889 252 51 scilicet

394 969 181 51 vel
498 969 181 51 pro
601 969 259 51 habitu
783 969 259 51 intuso
964 969 207 51 sive
1094 969 337 51 acquisito
1327 969 104 51 ex

393 1043 319 52 pluribus
633 1043 319 52 actibus,
872 1043 186 52 vel
979 1043 186 52 pro
1085 1043 213 52 ipsa
1192 1043 239 52 memoria

391 1118 296 52 fecunda.
613 1118 222 52 Debet
762 1118 197 52 ergo
885 1118 173 52 sic
984 1118 346 52 intelligi,
1255 1118 148 52 in
1305 1118 123 52 no¬-

395 1194 154 52 bis
483 1194 198 52 visio
615 1194 242 52 objecti
791 1194 176 52 sive
901 1194 264 52 actualis
1099 1194 242 52 notitia
1253 1194 176 52 illius

394 1270 181 51 est
498 1270 207 51 vere
627 1270 310 51 producta
860 1270 155 51 de
937 1270 285 51 visione
1119 1270 310 51 habituali,

394 1345 371 53 accipiendo
686 1345 318 53 visionem
925 1345 371 53 habitualem
1217 1345 186 53 pro
1296 1345 133 53 me¬-

397 1421 221 54 moria
545 1421 295 54 fecunda.
766 1421 148 54 Et
840 1421 197 54 quod
963 1421 344 54 Augustinus
1233 1421 172 54 sic
1307 1421 123 54 in-

402 1499 440 53 lelligatprobat
768 1499 171 53 per
866 1499 220 53 aliud
1013 1499 245 53 dictum
1160 1499 269 53 Augustini

395 1578 202 40 ibi:
521 1578 202 40 Tunc
647 1578 202 40 enim
774 1578 177 40 est
875 1578 253 40 verbum
1052 1578 354 40 simillimum
1305 1578 126 40 rei

395 1653 226 51 nolae
546 1653 151 51 de
621 1653 176 51 qua
722 1653 327 51 gignitur,
973 1653 252 51 supple
1149 1653 151 51 in
1200 1653 226 51 ratione

396 1729 257 52 objecti
583 1729 444 52 intelligibilis,
957 1729 140 52 et
1027 1729 210 52 imago
1167 1729 210 52 ejus,
1284 1729 140 52 sup¬-

393 1804 161 53 ple
485 1804 230 53 ipsius
646 1804 253 53 objecti
830 1804 437 53 intelligibilis,
1198 1804 230 53 quando
1336 1804 92 53 de

394 1881 242 48 visione
570 1881 285 48 scientiae
789 1881 198 48 visio
921 1881 351 48 cogitationis
1184 1881 242 48 exoritur,

396 1955 144 52 et
468 1955 216 52 dicit
612 1955 264 52 Doctor,
804 1955 192 52 quod
924 1955 216 52 istae
1043 1955 384 52 constructiones

395 2031 183 40 sunt
510 2031 138 40 in
579 2031 367 40 transitivae.
877 2031 161 40 Nam
968 2031 206 40 visio
1106 2031 298 40 scientiae
1312 2031 115 40 est

396 2106 179 53 ipsa
508 2106 291 53 scientia,
732 2106 134 53 et
799 2106 202 53 visio
933 2106 358 53 cogitationis
1224 2106 157 53 est
1292 2106 134 53 ipsa

397 2182 303 53 cogitatio
630 2182 116 53 ;
676 2182 140 53 et
746 2182 303 53 accipitur
979 2182 163 53 ibi
1072 2182 279 53 scientia
1258 2182 163 53 habi¬-

391 2259 258 51 tualis,
578 2259 164 51 non
672 2259 164 51 pro
766 2259 235 51 habitu
931 2259 235 51 infuso
1095 2259 164 51 vel
1166 2259 258 51 acquisito

391 2335 151 53 ex
466 2335 302 53 pluribus
693 2335 277 53 actibus
895 2335 302 53 sciendi,
1122 2335 176 53 sed
1222 2335 176 53 pro
1298 2335 126 53 me¬-

389 2411 216 53 moria
533 2411 288 53 fecunda,
749 2411 192 53 quae
869 2411 264 53 dicitur
1061 2411 288 53 scientia
1253 2411 168 53 habi¬-

387 2487 259 52 tualis
568 2487 155 52 ex
646 2487 181 52 Huc
750 2487 207 52 quod
879 2487 233 52 sicut
1035 2487 259 52 hauens
1190 2487 233 52 habitum

385 2562 313 52 scientiae
626 2562 289 52 cauauium
842 2562 144 52 ex
915 2562 361 52 frequentans
1179 2562 241 52 aciinus,

384 2644 304 48 faciliter
618 2644 234 48 poiesi
782 2644 211 48 exire
922 2644 141 48 in
992 2644 211 48 actum
1133 2644 281 48 sciendi,
1320 2644 94 48 na

380 2719 282 49 habens
577 2719 338 49 memoriam
831 2719 366 49 lecunuain
1112 2719 141 49 (
1169 2719 225 49 quud
1281 2719 141 49 est

385 2795 253 52 habere
562 2795 303 52 objectum
789 2795 303 52 pertecte
1016 2795 303 52 praesens
1218 2795 202 52 intel¬-

383 2870 285 52 lectui)
590 2870 285 52 prompte
797 2870 155 52 et
875 2870 311 52 expedite
1108 2870 259 52 potest
1264 2870 155 52 pro¬-

386 2945 257 52 ducere
566 2945 283 52 Verbum,
772 2945 206 52 quod
901 2945 206 52 erit
1029 2945 231 52 imago
1184 2945 154 52 et
1235 2945 180 52 simi¬-

381 3022 259 52 litudo
563 3022 285 52 objecti
770 3022 363 52 praesentis
1056 3022 130 52 m
1108 3022 311 52 memoria.
1315 3022 104 52 Et

380 3092 186 52 sic
487 3092 239 52 patet
646 3092 213 52 quod
779 3092 266 52 quando
965 3092 372 52 Augustinus
1231 3092 186 52 dicit

381 3171 207 51 visio
519 3171 367 51 cogitationis
817 3171 253 51 exordur
1001 3171 138 51 de
1070 3171 253 51 visione
1230 3171 184 51 scien¬-

378 3246 222 53 tiae,
526 3246 246 53 sensus
699 3246 197 53 est,
822 3246 197 53 quod
945 3246 320 53 cogitatio
1191 3246 148 53 in
1241 3246 172 53 nobis

379 3322 183 52 sive
494 3322 275 52 actualis
700 3322 252 52 notitia
883 3322 137 52 in
952 3322 206 52 nobis
1089 3322 252 52 proprie
1250 3322 160 52 dici¬-

381 3398 185 53 tur
486 3398 290 53 verbum,
697 3398 264 53 quando
882 3398 317 53 exoritur
1120 3398 158 53 de
1172 3398 238 53 visione

379 3476 295 49 scientiae,
610 3476 126 49 id
674 3476 168 49 est,
779 3476 126 49 de
842 3476 253 49 scientia
1031 3476 295 49 habituali,
1242 3476 168 49 scili¬-

372 3555 186 53 cet
479 3555 159 53 de
558 3555 213 53 ipsa
691 3555 292 53 memoria
904 3555 319 53 fecunda,
1143 3555 239 53 cujus
1276 3555 133 53 me¬-

371 3632 266 55 moria)
558 3632 213 55 ipsa
691 3632 346 55 cogitatio
957 3632 213 55 sive
1090 3632 293 55 verbum,
1277 3632 133 55 est

1478 356 345 60 similitudo
1749 356 148 60 et
1823 356 246 60 imago;
1995 356 394 60 pariformiter
2315 356 172 60 est
2389 356 123 60 di¬-

1479 436 272 55 cendum
1669 436 163 55 de
1750 436 244 55 Verbo
1913 436 299 55 divino,
2131 436 217 55 quod
2239 436 272 55 exprimi¬-

1483 512 168 50 tur
1579 512 144 50 de
1651 512 288 50 scientia
1867 512 264 50 Patris,
2058 512 144 50 id
2130 512 192 50 est,
2250 512 144 50 de
2298 512 216 50 memoria

1481 589 228 54 ipsius
1641 589 251 54 Patris.
1823 589 296 54 Sequentia
2051 589 205 54 clara
2165 589 160 54 sunt.

1539 654 114 86 Et
1596 654 152 86 quod
1691 654 133 86 ibi
1767 654 171 86 dicit
1881 654 95 86 :
1919 654 114 86 Si
1976 654 190 86 potest
2109 654 152 86 esse
2204 654 114 86 in
2261 654 152 86 ani-
2337 654 190 86 Scie®yaJ

1484 743 118 53 ma
1543 743 236 53 scientia
1720 743 295 53 sempiterna,
1956 743 157 53 etc.
2054 743 138 53 Hoc
2133 743 177 53 debet
2251 743 138 53 in-
2310 743 216 53 bitualis.

1484 819 246 55 telligi
1662 819 134 55 de
1730 819 268 55 scientia
1931 819 291 55 habituali
2154 819 179 55 quae
2266 819 156 55 est
2356 819 134 55 in
2400 819 112 55 me¬-

1481 893 240 53 moria,
1649 893 144 53 et
1721 893 263 53 accipit
1912 893 168 53 ibi
2008 893 311 53 scientiam
2224 893 287 53 habitualem

1480 967 164 55 pro
1573 967 258 55 objecto
1761 967 282 55 perfecte
1972 967 305 55 praesente
2183 967 329 55 intellectui,

1482 1043 201 53 quod
1608 1043 302 53 objectum
1834 1043 201 53 sibi
1960 1043 302 53 praesens
2187 1043 277 53 dicitur
2363 1043 151 53 esse

1480 1118 151 54 in
1555 1118 302 54 memoria,
1781 1118 201 54 quia
1907 1118 151 54 ut
1982 1118 201 54 sic,
2108 1118 302 54 pertinet
2334 1118 151 54 ad
2384 1118 126 54 me¬-

1480 1194 252 55 moriam
1656 1194 327 55 fecundam,
1907 1194 151 55 et
1983 1194 277 55 objecto
2184 1194 176 55 sic
2260 1194 252 55 perfecte

1479 1270 313 52 praesenti
1720 1270 217 52 magis
1864 1270 361 52 attribuitur
2153 1270 217 52 ratio
2273 1270 241 52 memoriae

1478 1346 212 53 quam
1611 1346 425 53 intellectui,
1956 1346 292 53 quamvis
2169 1346 319 53 utrumque
2381 1346 133 53 sit

1476 1423 207 54 pars
1606 1423 337 54 memoriae,
1865 1423 207 54 quia
1994 1423 285 54 notitia
2201 1423 181 54 est
2279 1423 233 54 proprie

1480 1498 368 55 declarativa
1775 1498 147 55 et
1849 1498 417 55 manifestativa
2192 1498 245 55 ipsius
2339 1498 172 55 obje¬-

1482 1574 183 54 cti,
1596 1574 160 54 cum
1688 1574 388 54 principaliter
2007 1574 365 54 specificetur
2304 1574 137 54 ab
2349 1574 160 54 ipso,

1473 1651 168 54 ut
1557 1651 252 54 supra
1725 1651 336 54 exposui.
1977 1651 168 54 Et
2060 1651 224 54 quod
2172 1651 336 54 Augustinus

1479 1728 315 52 accipiat
1715 1728 342 52 scientiam
1978 1728 394 52 sempiternam
2294 1728 184 52 pro
2373 1728 131 52 me¬-

1477 1803 246 53 moria,
1650 1803 221 53 patet
1797 1803 221 53 parum
1945 1803 221 53 infra
2092 1803 172 53 per
2166 1803 344 53 expositionem

1477 1878 327 49 Doctoris.
1728 1878 201 49 Nota
1854 1878 252 49 etiam,
2030 1878 176 49 cum
2131 1878 226 49 dicit
2257 1878 252 49 scientia

1475 1952 378 54 sempiterna,
1777 1952 176 54 non
1878 1952 227 54 debet
2029 1952 328 54 intelligi
2256 1952 252 54 scientia

1473 2029 345 53 habitualis
1744 2029 345 53 sempiterna
2015 2029 295 53 proprie,
2236 2029 197 53 nisi
2335 2029 172 53 acci¬-

1473 2104 252 53 piendo
1649 2104 377 53 sempiternum
1951 2104 176 53 pro
2051 2104 352 53 coaeterno;
2328 2104 151 53 et
2378 2104 126 53 hoc

1474 2180 252 53 quando
1650 2180 227 53 anima
1801 2180 176 53 est
1902 2180 202 53 sibi
2028 2180 328 53 praesens,
2280 2180 202 53 sive
2381 2180 126 53 in¬-

1475 2255 305 53 tellectui
1709 2255 164 53 suo
1803 2255 141 53 in
1873 2255 258 53 ratione
2061 2255 258 53 objecti
2225 2255 281 53 intelligi¬-

1471 2331 226 53 bilis
1622 2331 226 53 actu,
1773 2331 201 53 quia
1898 2331 151 53 ut
1974 2331 176 53 sic
2074 2331 176 53 est
2175 2331 327 53 pertinens
2401 2331 101 53 ad

1471 2409 345 52 memoriam;
1736 2409 159 52 et
1815 2409 239 52 licet
1974 2409 186 52 sit
2080 2409 265 52 semper
2239 2409 265 52 praesens

1474 2484 358 53 entilative,
1761 2484 191 53 quia
1880 2484 191 53 idem
2000 2484 287 53 realiter
2214 2484 191 53 quod
2310 2484 191 53 intel¬-

1468 2561 270 51 lectus,
1665 2561 172 51 non
1763 2561 221 51 tamen
1911 2561 172 51 est
2009 2561 295 51 praesens
2231 2561 246 51 saltem
2378 2561 123 51 pro

1473 2638 205 52 statu
1610 2638 182 52 isto
1724 2638 114 52 m
1769 2638 250 52 ratione
1951 2638 250 52 objecti
2133 2638 182 52 actu
2224 2638 273 52 intelligi¬-

1470 2713 235 53 bilis,
1634 2713 141 53 ui
1704 2713 211 53 patet
1845 2713 211 53 supra
1986 2713 258 53 quaesi.
2173 2713 141 53 1.
2244 2713 258 53 Prolog.
2408 2713 94 53 Et

1467 2788 202 55 ideo
1593 2788 354 55 Augustinus
1871 2788 303 55 loquitur
2073 2788 429 55 conditionaliler

1471 2865 164 53 cum
1564 2865 234 53 dicit,
1728 2865 140 53 si
1798 2865 234 53 potest
1961 2865 187 53 esse
2078 2865 140 53 in
2148 2865 210 53 anima
2265 2865 234 53 scientia

1466 2939 360 54 sempiterna,
1754 2939 192 54 etc.
1874 2939 144 54 Et
1946 2939 240 54 positu
2113 2939 192 54 quod
2233 2939 192 54 sit,
2329 2939 168 54 tamen

1466 3016 420 55 intelligenlia,
1816 3016 140 55 id
1886 3016 187 55 est,
2002 3016 280 55 actualis
2189 3016 303 55 intellectio

1465 3094 283 54 ejusdem
1671 3094 258 54 animae
1852 3094 180 54 non
1955 3094 206 54 erit
2084 3094 387 54 sempiterna,
2367 3094 129 54 pa¬-

1469 3169 190 53 let,
1588 3169 190 53 quia
1707 3169 190 53 actu
1826 3169 167 53 non
1921 3169 238 53 semper
2088 3169 143 53 se
2135 3169 357 53 intelligeret.

1461 3243 181 53 Sed
1565 3243 310 53 quidquid
1797 3243 207 53 sit,
1927 3243 310 53 sufficit
2160 3243 207 53 quod
2263 3243 233 53 habetur

1461 3320 158 55 ab
1540 3320 343 55 Augustino
1804 3320 290 55 quomodo
2015 3320 290 55 accipit
2200 3320 290 55 aliquando

1461 3397 298 52 scientiam
1690 3397 160 52 pro
1782 3397 252 52 objecto
1965 3397 298 52 praesente
2171 3397 320 52 intellectui,

1460 3472 147 54 et
1534 3472 172 54 hoc
1632 3472 147 54 in
1706 3472 270 54 ratione
1902 3472 270 54 objecti
2098 3472 196 54 actu
2197 3472 294 54 intelligi¬

1445 3553 145 39 bilis.

1512 3625 227 55 Tertio
1671 3625 385 55 principaliter
1988 3625 227 55 arguit
2147 3625 227 55 Doctor
2306 3625 181 55 con-
2397 3625 113 55 61.
