2682 3979
337 354 157 50 Sed
426 354 179 50 quia
538 354 112 50 a
583 354 157 50 non
673 354 426 50 intelligentibus
1009 354 359 50 reprehenditur,

335 420 197 46 quod
459 420 321 46 negaverit
705 420 197 46 dari
829 420 222 46 ullam
976 420 271 46 ?formam
1174 420 173 46 sua
1248 420 123 46 na¬-

338 483 197 48 tura
461 483 467 48 supernaturalem,
855 483 172 48 sed
953 483 246 48 tantum
1125 483 172 48 per
1199 483 172 48 acci¬-

338 546 217 47 dens,
482 546 193 47 quia
603 546 120 47 a
651 546 169 47 Deo
747 546 217 47 datur
892 546 337 47 immediate,
1156 546 144 47 ut
1205 546 169 47 visus

332 609 243 49 croco,
502 609 243 49 adduco
671 609 194 49 alia
793 609 194 49 ojus
914 609 194 49 loca
1035 609 146 49 ad
1108 609 170 49 hoc
1181 609 194 49 impro¬-

334 673 235 50 bandum
498 673 141 50 1.
568 673 141 50 d.
639 673 164 50 17.
733 673 141 50 q.
803 673 141 50 2.
874 673 117 50 §
921 673 235 50 Contra
1085 673 211 50 istam
1203 673 164 50 solu¬-

334 738 258 45 tionem,
521 738 117 45 a
568 738 141 45 n.
638 738 164 45 34.
732 738 141 45 et
802 738 117 45 §
849 738 141 45 Ad
920 738 352 45 solutionem,
1201 738 141 45 n.
1248 738 117 45 38.

331 802 199 47 ponit
464 802 243 47 habitum
640 802 243 47 infusum
817 802 332 47 charitatis,
1083 802 133 47 et
1149 802 133 47 3.
1215 802 133 47 d.
1259 802 111 47 23.

334 867 118 47 §
382 867 235 47 Aliter
546 867 235 47 potest
711 867 212 47 fidem
852 867 282 47 infusam,
1063 867 141 47 et
1134 867 141 47 3.
1204 867 141 47 d.
1251 867 118 47 26.

334 931 126 46 §
384 931 152 46 Ad
460 931 152 46 q.
536 931 202 46 spem
662 931 303 46 infusam.
890 931 152 46 Et
966 931 253 46 simile
1143 931 227 46 habet
1269 931 101 46 4.

342 992 131 49 d.
408 992 153 49 49.
495 992 131 49 q.
561 992 153 49 11.
649 992 219 49 quibus
802 992 197 49 locis
934 992 197 49 docet
1065 992 241 49 habitus
1219 992 153 49 infu¬-

341 1057 172 46 sos
440 1057 344 46 concurrero
710 1057 319 46 ellective
955 1057 147 46 ad
1028 1057 245 46 actus,
1200 1057 147 46 ex
1249 1057 123 46 quo

341 1119 343 48 colligitur
610 1119 220 48 actus
757 1119 196 48 esse
879 1119 269 48 ejusdem
1075 1119 269 48 ordinis
1247 1119 122 48 cum

344 1182 218 50 ipsis.
497 1182 175 50 Item
606 1182 131 50 2.
672 1182 131 50 d.
737 1182 131 50 3.
803 1182 131 50 q.
868 1182 131 50 9.
933 1182 131 50 n.
999 1182 131 50 7.
1064 1182 196 50 docet
1174 1182 196 50 gratiam

343 1246 144 48 et
415 1246 263 48 gloriam
606 1246 191 48 mere
726 1246 191 48 esse
846 1246 455 48 supernaturales.
1205 1246 168 48 Prae¬-

341 1310 224 46 terea,
497 1310 134 46 3.
564 1310 134 46 d.
631 1310 156 46 23.
721 1310 112 46 §
765 1310 224 46 Aliter
922 1310 246 46 potest,
1101 1310 201 46 dicit
1213 1310 156 46 actum

339 1374 190 49 fidei
465 1374 232 49 infusae
634 1374 126 49 et
697 1374 295 49 acquisitae
929 1374 169 49 esse
1034 1374 253 49 diversae
1203 1374 169 49 ratio-

346 1439 178 47 nis,
457 1439 134 47 et
524 1439 223 47 quodl.
680 1439 156 47 14.
770 1439 201 47 docet
903 1439 201 47 actum
1037 1439 312 47 charitatis
1260 1439 112 47 es¬-

340 1503 344 48 sentialiter
615 1503 275 48 differre
821 1503 137 48 ab
890 1503 206 48 amore
1027 1503 298 48 naturali;
1234 1503 137 48 ergo

338 1568 252 48 sentit
514 1568 176 48 hos
615 1568 227 48 actus
766 1568 202 48 esse
892 1568 479 48 supernaturales;
1270 1568 101 48 ot

341 1633 239 48 quando
509 1633 168 48 ait
604 1633 263 48 habitum
796 1633 191 48 esse
915 1633 263 48 proprie
1083 1633 287 48 supernatu¬-

341 1695 228 48 ralem,
501 1695 160 48 non
592 1695 228 48 actum,
752 1695 137 48 1.
820 1695 137 48 d.
889 1695 160 48 17.
980 1695 137 48 q.
1049 1695 137 48 2.
1117 1695 137 48 ad
1163 1695 205 48 tertium

342 1761 160 50 pro
434 1761 206 50 opin.
571 1761 252 50 Magist.
754 1761 137 50 n.
822 1761 160 50 53.
914 1761 183 50 ideo
1028 1761 160 50 hoc
1120 1761 206 50 dicit
1234 1761 137 50 quia

342 1826 252 50 (inquit)
531 1826 189 50 forma
657 1826 168 50 illa
762 1826 315 50 charitatis,
1014 1826 189 50 licet
1140 1826 147 50 sit
1203 1826 168 50 super-

343 1890 285 48 naturalis
562 1890 219 48 posita
715 1890 131 48 in
781 1890 197 48 esse,
912 1890 328 48 naturaliter
1175 1890 197 48 agit,
1284 1890 88 48 et

339 1954 192 49 quia
459 1954 216 49 causa
603 1954 263 49 secunda
794 1954 311 49 concurrit
1034 1954 144 49 ad
1106 1954 240 49 actum,
1249 1954 120 49 non

337 2018 144 48 ad
409 2018 289 48 habitum,
626 2018 192 48 quia
746 2018 289 48 creatur,
962 2018 144 48 et
1034 2018 240 48 ibidem
1179 2018 192 48 elocet

334 2083 233 49 actum
490 2083 207 49 esse
619 2083 467 49 supernaturalem
1008 2083 285 49 ratione
1190 2083 181 49 forma

337 2147 360 49 concurrentis
629 2147 135 49 ad
696 2147 225 49 ipsum.
854 2147 247 49 Constat
1034 2147 180 49 ergo
1124 2147 247 49 manifeste

340 2211 282 39 secundum
551 2211 235 39 Scotum
715 2211 258 39 habitus
903 2211 141 39 et
973 2211 211 39 actus
1090 2211 282 39 intrinsece

342 2274 187 49 dari
459 2274 445 49 supernaturales.
833 2274 187 49 Quod
950 2274 141 49 si
1021 2274 164 49 sub
1114 2274 164 49 hoc
1185 2274 187 49 nomine

343 2337 154 47 ita
431 2337 154 47 non
519 2337 307 47 docuisset,
760 2337 307 47 sufficeret
1001 2337 263 47 docuisse
1177 2337 197 47 habitus

345 2400 241 50 infusos
520 2400 131 50 et
586 2400 219 50 actus,
739 2400 175 50 quos
849 2400 241 50 nostris
1024 2400 241 50 viribus
1177 2400 197 50 elicere

343 2463 319 51 nequimus.
589 2463 147 51 Et
662 2463 294 51 utrumque
883 2463 245 51 docuit
1055 2463 245 51 Scotus
1202 2463 172 51 locis

346 2527 236 50 citatis
517 2527 129 50 et
581 2527 193 50 alias
710 2527 214 50 saepe.
860 2527 150 50 Nec
946 2527 214 50 Patres
1096 2527 150 50 vel
1161 2527 214 50 Concilia

344 2592 265 49 amplius
536 2592 265 49 petunt.
729 2592 168 49 Qui
825 2592 192 49 ergo
945 2592 385 49 reprehendunt
1234 2592 144 49 Sco¬-

342 2657 177 47 tum
443 2657 151 47 in
518 2657 202 47 hoc,
644 2657 429 47 reprehendendi
998 2657 227 47 sunt,
1149 2657 202 47 quia
1250 2657 126 47 rem

343 2721 172 47 non
442 2721 394 47 intelligunt.
762 2721 221 47 Adde,
909 2721 148 47 si
983 2721 320 47 negaremus
1205 2721 172 47 actus

343 2787 296 49 secundum
565 2787 370 49 substantiam
861 2787 469 49 supernaturales,
1231 2787 148 49 idem

344 2853 211 48 doceri
491 2853 105 48 a
534 2853 190 48 Cajet
660 2853 127 48 i.
723 2853 127 48 2.
787 2853 127 48 q.
850 2853 169 48 109.
955 2853 169 48 art.
1061 2853 127 48 4.
1124 2853 127 48 et
1187 2853 127 48 2.
1251 2853 127 48 2.
1293 2853 84 48 q.

344 2917 180 41 170.
457 2917 180 41 art.
570 2917 135 41 2.
637 2917 135 41 ad
705 2917 135 41 3.
773 2917 158 41 ubi
863 2917 135 41 id
930 2917 248 41 videtur
1111 2917 135 41 D.
1178 2917 203 41 Thom.
1291 2917 90 41 et

342 2980 216 49 tenent
494 2980 216 49 Palud.
645 2980 130 49 3.
710 2980 130 49 d.
775 2980 151 49 23.
861 2980 130 49 q.
926 2980 130 49 3.
991 2980 173 49 fin.
1099 2980 130 49 q.
1164 2980 130 49 1.
1229 2980 173 49 art.
1315 2980 65 49 1

349 3045 158 40 Soto
448 3045 119 40 1.
507 3045 119 40 de
567 3045 158 40 nat.
666 3045 119 40 c.
725 3045 138 40 22.
804 3045 218 40 coroll.
963 3045 119 40 2.
1022 3045 119 40 et
1081 3045 158 40 lib.
1180 3045 119 40 2.
1240 3045 119 40 c.
1279 3045 99 40 16.

346 3108 138 51 ad
415 3108 254 51 primum,
600 3108 185 51 Rada
715 3108 138 51 1.
784 3108 138 51 p.
854 3108 231 51 contr.
1015 3108 138 51 4.
1085 3108 138 51 ad
1131 3108 92 51 i.

399 3225 173 63 Ad
486 3225 432 63 quaestionem
831 3225 202 63 (x)
946 3225 288 63 igitur
1119 3225 259 63 respon¬-

340 3302 245 63 deo,
493 3302 489 63 distinguendo
891 3302 306 63 primo,
1074 3302 306 63 qualiter

347 3379 325 64 aliquid
583 3379 325 64 dicitur
819 3379 531 64 supernaturale.
1232 3379 148 64 Po¬-

342 3456 332 59 tentia
574 3456 266 59 enim
741 3456 432 59 receptiva
1040 3456 332 59 compara¬-

341 3529 213 61 tur
462 3529 183 61 ad
554 3529 274 61 actum
737 3529 244 61 quem
889 3529 366 61 recipit,
1164 3529 213 61 vel
1255 3529 122 61 ad

342 3605 292 64 agens
536 3605 162 64 a
601 3605 227 64 quo
731 3605 389 64 recipit.
1023 3605 292 64 Primo
1185 3605 195 64 modo

1418 349 250 65 ipsa
1574 349 219 65 est
1699 349 375 65 potentia
1980 349 437 65 naturalis,
2292 349 156 65 vel

1416 424 372 61 violenta,
1703 424 200 61 vel
1817 424 315 61 neutra.
2046 424 401 61 Naturalis,
2332 424 115 61 si

1415 502 419 58 naturaliter
1750 502 419 58 inclinetur;
2086 502 363 58 violenta,
2337 502 112 58 si

1415 576 220 53 sit
1540 576 314 53 contra
1760 576 534 53 inclinationem
2168 576 283 53 natura¬-

1416 650 251 68 lem;
1573 650 345 68 neutra,
1824 650 188 68 si
1918 650 283 68 neque
2075 650 377 68 inclinatur

1413 726 201 66 ad
1513 726 302 66 istam
1714 726 335 66 formam
1949 726 302 66 neque
2150 726 201 66 ad
2217 726 235 66 oppo¬-

1415 801 313 66 sitam.
1634 801 188 66 In
1728 801 219 66 hac
1853 801 282 66 autem
2042 801 219 66 (y)
2136 801 313 66 compara¬-

1416 878 257 63 tione
1588 878 257 63 nulla
1759 878 200 63 est
1845 878 543 63 supernaturalitas.

1480 952 177 75 Sed
1581 952 354 75 comparando
1859 952 354 75 receptivum
2137 952 152 75 ad
2212 952 227 75 Sc^,e
2339 952 126 75 g°|

1422 1030 218 57 agens
1567 1030 121 57 a
1616 1030 170 57 nuo
1713 1030 267 57 recipit
1907 1030 267 57 formam,
2101 1030 170 57 est
2198 1030 146 57 dr
2247 1030 218 57 18-,net

1420 1106 398 57 naturalitas,
1744 1106 249 57 quando
1918 1106 348 57 receptivum
2191 1106 199 57 q-4.
2316 1106 149 57 et
2365 1106 100 57 9.

1411 1181 470 62 comparatur
1781 1181 201 62 ad
1881 1181 269 62 tale
2049 1181 336 62 agens,
2251 1181 201 62 quod

1411 1258 293 62 natum
1607 1258 228 62 est
1737 1258 488 62 naturaliter
2095 1258 358 62 imprimere

1412 1330 293 65 talem
1608 1330 326 65 formam
1836 1330 195 65 in
1934 1330 261 65 tali
2097 1330 326 65 passo.
2292 1330 163 65 Su¬-

1415 1407 551 62 pernaturalitas
1874 1407 306 62 autem,
2089 1407 306 62 quando
2272 1407 184 62 com¬-

1414 1480 357 65 paratur
1673 1480 195 65 ad
1771 1480 260 65 tale
1933 1480 325 65 agens/
2161 1480 260 65 quod
2291 1480 162 65 non

1415 1558 207 63 est
1534 1558 444 63 naturaliter
1889 1558 444 63 impressivum
2214 1558 237 63 illius

1416 1633 287 63 formae
1617 1633 172 63 in
1703 1633 230 63 illo
1818 1633 230 63 passo.

1474 1706 154 75 Ad
1551 1706 360 75 propositum
1834 1706 231 75 dico,
1989 1706 206 75 quod
2117 1706 206 75 com-
2220 1706 257 75 lnlJ^tus

1424 1787 258 58 parando
1611 1787 351 58 intellectum
1892 1787 328 58 possibilem
2149 1787 140 58 ad
2196 1787 281 58 possibilis

1420 1860 288 58 notitiam
1636 1860 288 58 actualem
1852 1860 144 58 in
1924 1860 168 58 se,
2021 1860 216 58 nulla
2165 1860 168 58 est
2237 1860 240 58 Pai-ai'>

1420 1941 197 59 sibi
1543 1941 295 59 cognitio
1764 1941 467 59 supcrnaturalis,
2158 1941 197 59 quia
2256 1941 221 59 Quomodo

1422 2013 368 64 intellectus
1717 2013 343 64 possibilis
1987 2013 319 64 quacumque
2232 2013 172 64 sit
2305 2013 172 64 nobis

1421 2075 336 80 cognitione
1685 2075 360 80 naturaliter
1973 2075 360 80 perficitur,
2237 2075 240 80 «t^pm-na

1414 2163 189 62 et
1509 2163 189 62 ad
1604 2163 441 62 quamcumque
1951 2163 473 62 naturaliter
2297 2163 158 62 in-

1417 2239 386 63 clinatur.
1714 2239 208 63 Sed
1833 2239 327 63 secundo
2071 2239 238 63 modo
2190 2239 267 63 loquen¬-

1415 2315 221 63 do,
1542 2315 221 63 sic
1668 2315 221 63 est
1795 2315 600 63 supernaturalis,
2268 2315 190 63 quae

1415 2391 410 62 generatur
1731 2391 189 62 ab
1825 2391 315 62 aliquo
2046 2391 347 62 agente,
2267 2391 189 62 quod

1415 2466 221 51 non
1542 2466 221 51 est
1668 2466 285 51 natum
1858 2466 316 51 movere
2048 2466 411 51 intellectum

1417 2541 457 62 possibilem
1776 2541 196 62 ad
1874 2541 294 62 talem
2038 2541 424 62 cognitionem

1417 2616 508 62 naturaliter.
1830 2616 222 62 Pro
1957 2616 286 62 statu
2148 2616 286 62 autem
2306 2616 159 62 (z)

1420 2692 246 62 isto
1574 2692 369 62 secundum
1851 2692 492 62 Philosophum,
2220 2692 246 62 intel¬-

1422 2768 297 62 lectus
1630 2768 416 62 possibilis
1957 2768 267 62 natus
2135 2768 208 62 est
2224 2768 238 62 moveri

1424 2842 174 63 ad
1511 2842 435 63 cognitionem
1859 2842 174 63 ab
1946 2842 406 63 intellectu
2235 2842 232 63 agente

1425 2918 169 63 et
1509 2918 451 63 phantasmate;
1876 2918 282 63 igitur
2073 2918 226 63 sola
2214 2918 226 63 illa
2327 2918 141 63 co¬-

1424 2995 289 61 gnitio
1626 2995 376 61 naturalis
1915 2995 231 61 est,
2060 2995 231 61 quae
2204 2995 173 61 ab
2262 2995 202 61 istis

1423 3069 399 63 agentibus
1730 3069 307 63 potest
1945 3069 368 63 imprimi.
2191 3069 276 63 Virtute

1420 3145 294 61 autem
1617 3145 229 61 (a)
1747 3145 360 61 istorum
2009 3145 327 61 potest
2205 3145 262 61 haberi

1422 3221 294 61 omnis
1618 3221 392 61 cognitio
1912 3221 490 61 incomplexa,
2272 3221 196 61 quae

1421 3298 450 60 secundum
1758 3298 337 60 legem
1983 3298 450 60 communem
2283 3298 187 60 ha¬-

1423 3372 262 61 betur
1598 3372 146 61 a
1656 3372 350 61 viatore,
1918 3372 262 61 sicut
2093 3372 262 61 patet
2268 3372 175 61 in
2326 3372 146 61 in¬-

1422 3448 361 54 stantia
1684 3448 328 54 contra
1914 3448 361 54 tertiam
2143 3448 328 54 rationem

1432 3522 463 65 principalem;
1808 3522 173 65 et
1895 3522 231 65 ideo
2039 3522 260 65 licet
2213 3522 231 65 Deus
2328 3522 145 65 (b)

1427 3598 298 65 possit
1636 3598 208 65 per
1755 3598 476 65 revelationem
2112 3598 357 65 specialem,
