2653 3950
219 614 4 44 QuajreAvi-

211 268 246 57 rois,
374 268 273 57 quibus
566 268 300 57 videtur
784 268 300 57 probare
1002 268 218 57 quod
1112 268 136 57 est

210 346 437 55 impossibile,
565 346 219 55 quod
702 346 246 55 eadem
865 346 273 55 natura
1029 346 219 55 possit

214 420 387 53 communicari
524 420 284 53 univoce
731 420 155 53 et
808 420 361 53 aequivoce,
1066 420 181 53 primo

215 494 326 55 declarat,
466 494 201 55 quod
591 494 301 55 Averroes
817 494 150 55 in
892 494 150 55 8.
967 494 226 55 Phys.
1093 494 150 55 com.

209 575 186 55 46.
316 575 240 55 cujus
476 575 266 55 textus
662 575 293 55 incipit
875 575 133 55 :
928 575 240 55 Utrum
1062 575 186 55 autem

196 652 244 53 cennam
366 652 366 53 unumquodque
659 652 341 53 moventium,
927 652 195 53 quae
1049 652 171 53 non
1122 652 122 53 mo-

200 724 275 53 animalibus
417 724 216 53 venlur,
574 724 157 53 etc.
672 724 216 53 videtur
830 724 177 53 loqui
948 724 118 53 de
1007 724 197 53 natura
1125 724 118 53 per-

199 799 126 57 in
262 799 251 57 tractatu
450 799 188 57 feota
576 799 209 57 contra
722 799 293 57 Avicennam,
952 799 167 57 quia
1036 799 209 57 Avicenna

199 872 272 65 cliinvifs
408 872 126 65 ad
471 872 230 65 vi^6tur
638 872 209 65 dicere
785 872 167 65 quod
889 872 209 65 animal
1015 872 230 65 perfectum

196 943 190 64 hoc-
315 943 333 64 (cujusmodi
577 943 167 64 est
672 943 214 64 homo,
815 943 214 64 equus
958 943 143 64 et
1005 943 238 64 similia)

207 1028 253 54 potest
384 1028 278 54 univoce
586 1028 152 54 et
662 1028 329 54 aequivoce
915 1028 304 54 causari,
1118 1028 127 54 ita

207 1104 212 55 quod
339 1104 212 55 unus
472 1104 212 55 homo
604 1104 265 55 potest
790 1104 292 55 causari
975 1104 265 55 univoce,

208 1180 327 54 scilicet
453 1180 191 54 per
562 1180 490 54 propagationem,
970 1180 163 54 ut
1024 1180 218 54 quando

204 1253 337 43 causatur
457 1253 169 43 ab
541 1253 225 43 alio
682 1253 281 43 homine
879 1253 337 43 mediante
1103 1253 141 43 se¬-

200 1330 232 52 mine
345 1330 145 52 ,
403 1330 174 52 et
490 1330 261 52 alius
664 1330 232 52 homo
809 1330 290 52 potest
983 1330 261 52 causari

201 1405 365 53 aequivoce
482 1405 196 53 non
594 1405 168 53 ab
678 1405 224 53 alio
818 1405 309 53 homine,
1043 1405 196 53 sed
1127 1405 112 53 ab

198 1472 304 76 S<tradicHn
437 1472 152 76 aHa
524 1472 196 76 causa
655 1472 304 76 sequivoca,
894 1472 174 76 puta
1003 1472 109 76 a
1046 1472 196 76 Sole;
1155 1472 87 76 et

199 1553 255 57 Averroi.
390 1553 127 57 si
453 1553 255 57 Averroes
644 1553 148 57 sic
729 1553 297 57 intelligat
962 1553 191 57 verum
1068 1553 170 57 dicit,

200 1632 195 42 et
297 1632 325 42 Doclor
524 1632 195 42 in
621 1632 227 42 hoc
751 1632 195 42 ei
849 1632 227 42 non
946 1632 292 42 contra¬-

208 1707 272 56 dicit.
398 1707 163 56 Si
479 1707 217 56 vero
615 1707 407 56 intelligat,
941 1707 217 56 quod
1050 1707 190 56 etiam

203 1784 246 54 entia
367 1784 383 54 imperfecta
667 1784 191 54 non
776 1784 301 54 possunt
968 1784 273 54 generari

201 1860 308 53 univoce
425 1860 168 53 et
509 1860 392 53 aequivoce,
818 1860 308 53 quantum
1042 1860 168 53 ad
1098 1860 140 53 hoc

199 1935 274 55 Doclor
390 1935 164 55 ei
472 1935 438 55 contradicit,
828 1935 164 55 et
910 1935 274 55 probat
1075 1935 164 55 quod

198 2012 240 53 eadem
358 2012 266 53 natura
545 2012 266 53 potest
731 2012 399 53 communicari
1024 2012 213 53 aequi¬-

196 2086 208 54 voce
326 2086 156 54 et
404 2086 312 54 univoce,
638 2086 182 54 sic
743 2086 442 54 intelligendo,
1081 2086 156 54 quod

199 2162 253 55 natura
376 2162 329 55 specifica
629 2162 152 55 in
705 2162 177 55 uno
806 2162 329 55 individuo
1034 2162 203 55 potest

199 2240 218 53 esse
335 2240 191 53 per
444 2240 490 53 propagationem,
852 2240 163 53 et
934 2240 191 53 hoc
1015 2240 218 53 quando

195 2314 375 55 generatur
484 2314 173 55 ab
570 2314 231 55 alio
715 2314 375 55 individuo
974 2314 260 55 ejusdem

196 2392 336 52 speciei,
448 2392 252 52 sicut
616 2392 224 52 unus
755 2392 196 52 mus
867 2392 364 52 generatur
1119 2392 112 52 ab

196 2465 213 54 alio
330 2465 240 54 mure;
489 2465 160 54 et
569 2465 160 54 in
649 2465 213 54 alio
782 2465 346 54 individuo
1022 2465 213 54 potest

195 2543 202 53 esse
321 2543 329 53 aequivoce
574 2543 152 53 et
650 2543 177 53 non
751 2543 177 53 per
827 2543 404 53 propagationem,

194 2617 155 53 ut
272 2617 259 53 quando
453 2617 414 53 communicatur
789 2617 259 53 alteri
944 2617 285 53 individuo

195 2693 271 56 ejusdem
392 2693 271 56 speciei
589 2693 148 56 ab
663 2693 197 56 alio
786 2693 295 56 alterius
983 2693 246 56 speciei,

192 2771 168 53 ut
276 2771 281 53 quando
473 2771 224 53 unus
613 2771 196 53 mus
725 2771 393 53 generatur,
1034 2771 224 53 puta
1146 2771 84 53 a

194 2845 218 58 Sole
330 2845 327 58 mediante
575 2845 463 58 putrefactione
929 2845 300 58 alicujus,

195 2922 207 54 puta
325 2922 207 54 equi
454 2922 181 54 vel
558 2922 311 54 alicujus
791 2922 337 54 alterius;
1050 2922 155 54 et
1102 2922 129 54 sic

196 2997 172 54 duo
295 2997 319 54 individua
540 2997 270 54 ejusdem
737 2997 270 54 naturae
909 2997 319 54 specifica?,

193 3073 159 55 et
273 3073 372 55 imperfecta
565 3073 186 55 sic
671 3073 159 55 se
751 3073 292 55 habent,
963 3073 212 55 quod
1070 3073 159 55 unum

194 3150 258 54 potest
375 3150 310 54 generari
608 3150 362 54 aequivoce,
892 3150 181 54 hoc
995 3150 207 54 est,
1099 3150 129 54 non

194 3225 155 56 ab
272 3225 258 56 aliquo
452 3225 284 56 ejusdem
659 3225 310 56 speciei,
891 3225 155 56 et
968 3225 232 56 aliud
1097 3225 129 56 po¬-

195 3302 200 53 test
320 3302 300 53 generari
545 3302 300 53 univoce,
771 3302 325 53 videlicet
1021 3302 150 53 ab
1071 3302 150 53 ali¬-

195 3376 176 56 quo
295 3376 276 56 ejusdem
496 3376 301 56 speciei.
722 3376 176 56 Non
822 3376 226 56 autem
973 3376 176 56 sic
1048 3376 176 56 debet

191 3453 400 54 intelligi,
505 3453 228 54 quod
648 3453 228 54 unum
791 3453 171 54 et
876 3453 228 54 idem
991 3453 228 54 numero

196 3530 238 58 possit
363 3530 310 58 aequivoce
601 3530 143 58 et
672 3530 262 58 univoce
863 3530 310 58 generari,
1077 3530 143 58 quia

1293 267 191 56 hoc
1402 267 191 56 non
1511 267 327 56 perlinet
1755 267 163 56 ad
1837 267 408 56 intentionem
2136 267 191 56 quae¬-

1291 341 327 53 stionis,
1536 341 245 53 licet
1700 341 191 53 non
1809 341 300 53 haberem
2027 341 191 53 pro
2109 341 218 53 incon¬-

1286 418 377 56 venienti,
1576 418 232 56 quod
1721 418 174 56 si
1808 418 232 56 mus,
1952 418 203 56 qui
2068 418 232 56 nunc
2184 418 145 56 est

1292 491 335 60 generatus
1550 491 155 60 ab
1627 491 206 60 alio
1756 491 206 60 mure
1885 491 283 60 univoce
2091 491 155 60 si
2143 491 180 60 fuis¬-

1291 570 181 56 set
1395 570 337 56 generatus
1654 570 129 56 a
1705 570 233 56 Sole,
1861 570 233 56 adhuc
2016 570 233 56 etiam
2146 570 181 56 esset

1288 643 218 58 idem
1424 643 191 58 mus
1533 643 300 58 numero,
1752 643 191 58 qui
1861 643 218 58 nunc
1997 643 218 58 est,
2107 643 218 58 quando

1290 722 336 55 generatur
1549 722 155 55 ab
1626 722 207 55 alio
1755 722 233 55 mure,
1910 722 155 55 et
1988 722 181 55 hoc
2066 722 258 55 expresse

1298 799 204 53 patet
1434 799 113 53 a
1479 799 249 53 Doctore
1661 799 136 53 in
1729 799 136 53 2.
1797 799 204 53 dist.
1932 799 159 53 20.
2023 799 249 53 quaest.
2181 799 91 53 2.

1345 873 166 56 (b)
1440 873 190 56 Quod
1559 873 309 56 conclusio
1796 873 166 56 sua
1891 873 166 56 sil
1986 873 237 56 falsa.
2152 873 166 56 Hic
2223 873 119 56 g;.

1292 927 206 75 Doclor
1436 927 144 75 per
1519 927 329 75 auctoritates
1786 927 123 75 et
1848 927 247 75 rationes
2033 927 144 75 in-
2094 927 247 75 Eadteu™ana

1294 1018 218 75 tendit
1447 1018 262 75 probare,
1643 1018 174 75 quod
1752 1018 196 75 eadem
1883 1018 218 75 natura
2036 1018 174 75 spe-
2123 1018 218 75 j^pSecia

1298 1094 212 82 cifica,
1452 1094 270 82 imperfecta
1664 1094 193 82 tamen,
1800 1094 193 82 possit
1935 1094 232 82 communi-
2108 1094 193 82 p0|e^t
2224 1094 116 82 com-

1296 1171 167 56 cari
1400 1171 271 56 aequivoce
1609 1171 125 56 et
1672 1171 250 56 univoce,
1859 1171 146 56 ita
1943 1171 167 56 quod
2047 1171 146 56 uni
2110 1171 229 56 aiunicari

1291 1252 303 54 individuo
1524 1252 140 54 ab
1594 1252 186 54 alio
1710 1252 280 54 alterius
1920 1252 256 54 speciei
2106 1252 140 54 et
2176 1252 163 54 sic
2246 1252 93 54 et

1289 1328 336 54 aequivoce,
1553 1328 144 54 et
1625 1328 192 54 alii
1745 1328 312 54 Individuo
1984 1328 144 54 ab
2056 1328 192 54 alio
2152 1328 168 54 ejus¬-

1288 1404 196 54 dem
1400 1404 308 54 speciei
1624 1404 168 54 et
1708 1404 196 54 sic
1821 1404 336 54 univoce,
2073 1404 168 54 ut
2129 1404 196 54 supra

1288 1479 326 55 exposui.
1532 1479 272 55 Probat
1722 1479 244 55 primo
1885 1479 190 55 per
1967 1479 353 55 Augustinum,

1289 1556 180 56 qui
1392 1556 206 56 vult
1521 1556 206 56 quod
1650 1556 335 56 generatum
1908 1556 180 56 per
1985 1556 335 56 putrefacti¬-

1283 1632 259 55 onem,
1456 1632 230 55 quod
1600 1632 202 55 est
1715 1632 374 55 aequivoce
1974 1632 346 55 generatum,

1288 1708 302 55 propagat
1514 1708 201 55 alia
1640 1708 201 55 quod
1766 1708 176 55 est
1867 1708 277 55 univoce
2043 1708 277 55 generare,

1287 1785 207 54 quia
1416 1785 207 54 mus,
1546 1785 181 54 qui
1649 1785 336 54 generatur
1907 1785 181 54 per
1985 1785 336 54 putrefacti¬-

1283 1862 244 52 onem,
1446 1862 217 52 puta
1581 1862 136 52 a
1636 1862 244 52 Sole,
1798 1862 326 52 propagat
2043 1862 244 52 alium
2178 1862 136 52 mu¬-

1281 1936 224 55 rem,
1421 1936 168 55 id
1505 1936 224 55 est,
1645 1936 308 55 generat
1868 1936 252 55 alium
2036 1936 252 55 murem
2176 1936 140 55 me¬-

1285 2015 264 51 diante
1470 2015 291 51 semine,
1681 2015 159 51 et
1760 2015 238 51 tamen
1919 2015 211 51 isti
2051 2015 185 51 duo
2130 2015 185 51 mures

1282 2092 197 54 sunt
1406 2092 271 54 ejusdem
1603 2092 296 54 speciei;
1800 2092 173 54 ergo.

1334 2173 218 51 Quod
1470 2173 163 51 si
1552 2173 245 51 negat
1715 2173 327 51 Averroes
1960 2173 354 51 assumptum
2205 2173 109 51 de

1277 2244 300 58 apibus,
1495 2244 218 58 etc.
1631 2244 218 58 Quia
1767 2244 245 58 forte
1931 2244 327 58 diceret,
2149 2244 163 58 quod

1280 2323 243 54 omnes
1442 2323 216 54 apes
1577 2323 378 54 generantur
1875 2323 189 54 per
1956 2323 351 54 putrefacti¬-

1278 2398 252 55 onem,
1446 2398 168 55 et
1530 2398 252 55 nulla
1698 2398 196 55 per
1810 2398 504 55 propagationem;
2201 2398 112 55 et

1279 2472 335 56 similiter
1537 2472 232 56 forte
1692 2472 309 56 diceret,
1923 2472 206 56 quod
2052 2472 232 56 omnes
2181 2472 129 56 mu¬-

1276 2552 181 54 res
1380 2552 363 54 generantur
1665 2552 181 54 per
1768 2552 466 54 propagationem.
2131 2552 181 54 Dicit

1278 2626 271 55 Doclor
1467 2626 217 55 quod
1603 2626 271 55 saltem
1792 2626 190 55 hoc
1901 2626 190 55 non
2009 2626 271 55 potest
2172 2626 135 55 ne¬-

1277 2702 206 55 gare
1406 2702 154 55 de
1483 2702 309 55 plantis,
1714 2702 206 55 quia
1843 2702 386 55 experientia
2126 2702 180 55 notum

1280 2780 201 55 est,
1405 2780 201 55 quod
1531 2780 176 55 una
1631 2780 251 55 planta
1807 2780 326 55 generatur
2032 2780 276 55 aequivoce

1274 2858 188 49 et
1368 2858 219 49 non
1493 2858 188 49 ex
1587 2858 345 49 semine,
1838 2858 188 49 et
1932 2858 282 49 tamen
2089 2858 219 49 eadem

1276 2931 327 56 producit
1521 2931 299 56 semina,
1738 2931 163 56 ex
1820 2931 272 56 quibus
1983 2931 327 56 generantur

1277 3007 226 55 aliae
1428 3007 277 55 plantae
1629 3007 277 55 ejusdem
1830 3007 277 55 speciei
2031 3007 176 55 cum
2107 3007 201 55 planta

1273 3085 332 51 generante
1529 3085 179 51 per
1605 3085 230 51 semina.

1325 3159 186 56 (c)
1431 3159 398 56 Contradicit
1749 3159 239 56 etiam
1908 3159 159 56 ei
1961 3159 345 56 Augustinus.

1275 3236 257 58 Littera
1461 3236 257 58 sequens
1648 3236 163 58 est
1741 3236 210 58 satis
1881 3236 210 58 clara
2021 3236 210 58 usque
2161 3236 163 58 ibi
2231 3236 70 58 :

1270 3312 229 57 Quod
1414 3312 258 57 autem
1586 3312 258 57 omnia
1758 3312 373 57 praedicta
2015 3312 287 57 generata

1269 3390 326 55 aequivoce
1520 3390 201 55 sint
1645 3390 276 55 ejusdem
1846 3390 276 55 speciei
2046 3390 176 55 cum
2121 3390 176 55 gene¬-

1270 3464 193 68 ratis
1398 3464 257 68 univoce,
1591 3464 150 68 hoc
1676 3464 214 68 probat
1826 3464 107 68 a
1869 3464 321 68 posteriori.
2105 3464 214 68 Rationes

1268 3537 269 65 Dicimus
1463 3537 196 65 enim
1585 3537 196 65 quod
1708 3537 171 65 duo
1806 3537 220 65 mures
1952 3537 196 65 sunt
2050 3537 269 65 Probantes
