<?xml version="1.0" encoding="UTF-8"?>
<alto xmlns:xsi="http://www.w3.org/2001/XMLSchema-instance"
      xmlns="http://www.loc.gov/standards/alto/ns-v4#"
      xmlns:page="http://schema.primaresearch.org/PAGE/gts/pagecontent/2013-07-15"
      xsi:schemaLocation="http://www.loc.gov/standards/alto/ns-v4# https://www.loc.gov/standards/alto/v4/alto.xsd">
   <Description>
      <MeasurementUnit>pixel</MeasurementUnit>
      <OCRProcessing ID="IdOcr">
         <ocrProcessingStep>
            <processingDateTime>2021-03-24T10:47:04.711-04:00</processingDateTime>
            <processingSoftware>
               <softwareCreator>READ COOP</softwareCreator>
               <softwareName>Transkribus</softwareName>
            </processingSoftware>
         </ocrProcessingStep>
      </OCRProcessing>
   </Description>
   <Tags/>
   <Layout>
      <Page ID="Page1" PHYSICAL_IMG_NR="1" HEIGHT="3950" WIDTH="2653">
         <TopMargin HEIGHT="0" WIDTH="2653" VPOS="0" HPOS="0"/>
         <LeftMargin HEIGHT="3665" WIDTH="0" VPOS="0" HPOS="0"/>
         <RightMargin HEIGHT="3665" WIDTH="47" VPOS="0" HPOS="2606"/>
         <BottomMargin HEIGHT="285" WIDTH="2653" VPOS="3665" HPOS="0"/>
         <PrintSpace HEIGHT="3665" WIDTH="2606" VPOS="0" HPOS="0">
            <TextBlock ID="TextRegion_1616370194265_2903"
                       HEIGHT="3317"
                       WIDTH="1059"
                       VPOS="329"
                       HPOS="231">
               <Shape>
                  <Polygon POINTS="265,341 282,329 1287,329 1290,482 1290,1349 1277,3646 231,3646 232,3592"/>
               </Shape>
               <TextLine ID="tl_3"
                         BASELINE="283,373 394,374 663,375 744,376 880,375 1131,384 1204,375 1286,363"
                         HEIGHT="60"
                         WIDTH="1003"
                         VPOS="330"
                         HPOS="283">
                  <String HEIGHT="60"
                          WIDTH="226"
                          VPOS="330"
                          HPOS="258"
                          CONTENT="ignis"/>
                  <SP HEIGHT="60" WIDTH="25" VPOS="330" HPOS="484"/>
                  <String HEIGHT="60"
                          WIDTH="326"
                          VPOS="330"
                          HPOS="408"
                          CONTENT="generatur"/>
                  <SP HEIGHT="60" WIDTH="25" VPOS="330" HPOS="734"/>
                  <String HEIGHT="60" WIDTH="150" VPOS="330" HPOS="659" CONTENT="ex"/>
                  <SP HEIGHT="60" WIDTH="25" VPOS="330" HPOS="810"/>
                  <String HEIGHT="60"
                          WIDTH="201"
                          VPOS="330"
                          HPOS="734"
                          CONTENT="aere"/>
                  <SP HEIGHT="60" WIDTH="25" VPOS="330" HPOS="935"/>
                  <String HEIGHT="60"
                          WIDTH="326"
                          VPOS="330"
                          HPOS="860"
                          CONTENT="corrupto,"/>
                  <SP HEIGHT="60" WIDTH="25" VPOS="330" HPOS="1186"/>
                  <String HEIGHT="60" WIDTH="150" VPOS="330" HPOS="1110" CONTENT="et"/>
                  <SP HEIGHT="60" WIDTH="25" VPOS="330" HPOS="1261"/>
                  <String HEIGHT="60"
                          WIDTH="125"
                          VPOS="330"
                          HPOS="1161"
                          CONTENT="si¬"
                          SUBS_TYPE="HypPart1"
                          SUBS_CONTENT="similiter"/>
                  <HYP CONTENT="-"/>
               </TextLine>
               <TextLine ID="tl_4"
                         BASELINE="283,452 442,453 523,454 665,454 914,462 1028,452"
                         HEIGHT="52"
                         WIDTH="745"
                         VPOS="413"
                         HPOS="283">
                  <String HEIGHT="52"
                          WIDTH="264"
                          VPOS="413"
                          HPOS="259"
                          CONTENT="militer"
                          SUBS_TYPE="HypPart2"
                          SUBS_CONTENT="similiter"/>
                  <SP HEIGHT="52" WIDTH="24" VPOS="413" HPOS="523"/>
                  <String HEIGHT="52" WIDTH="144" VPOS="413" HPOS="451" CONTENT="ex"/>
                  <SP HEIGHT="52" WIDTH="24" VPOS="413" HPOS="595"/>
                  <String HEIGHT="52"
                          WIDTH="216"
                          VPOS="413"
                          HPOS="523"
                          CONTENT="terra"/>
                  <SP HEIGHT="52" WIDTH="24" VPOS="413" HPOS="740"/>
                  <String HEIGHT="52"
                          WIDTH="312"
                          VPOS="413"
                          HPOS="668"
                          CONTENT="corrupta,"/>
                  <SP HEIGHT="52" WIDTH="24" VPOS="413" HPOS="980"/>
                  <String HEIGHT="52"
                          WIDTH="144"
                          VPOS="413"
                          HPOS="884"
                          CONTENT="etc."/>
               </TextLine>
               <TextLine ID="line_1616370194491_2906"
                         BASELINE="263,528 382,528 496,529 675,529 897,528 1009,528 1169,528 1287,518"
                         HEIGHT="57"
                         WIDTH="1024"
                         VPOS="483"
                         HPOS="263">
                  <String HEIGHT="57"
                          WIDTH="186"
                          VPOS="483"
                          HPOS="240"
                          CONTENT="67.."/>
                  <SP HEIGHT="57" WIDTH="23" VPOS="483" HPOS="426"/>
                  <String HEIGHT="57" WIDTH="140" VPOS="483" HPOS="356" CONTENT="In"/>
                  <SP HEIGHT="57" WIDTH="23" VPOS="483" HPOS="496"/>
                  <String HEIGHT="57"
                          WIDTH="186"
                          VPOS="483"
                          HPOS="426"
                          CONTENT="ista"/>
                  <SP HEIGHT="57" WIDTH="23" VPOS="483" HPOS="612"/>
                  <String HEIGHT="57"
                          WIDTH="256"
                          VPOS="483"
                          HPOS="542"
                          CONTENT="littera"/>
                  <SP HEIGHT="57" WIDTH="23" VPOS="483" HPOS="798"/>
                  <String HEIGHT="57"
                          WIDTH="279"
                          VPOS="483"
                          HPOS="728"
                          CONTENT="occurrit"/>
                  <SP HEIGHT="57" WIDTH="23" VPOS="483" HPOS="1008"/>
                  <String HEIGHT="57" WIDTH="163" VPOS="483" HPOS="938" CONTENT="una"/>
                  <SP HEIGHT="57" WIDTH="23" VPOS="483" HPOS="1101"/>
                  <String HEIGHT="57"
                          WIDTH="209"
                          VPOS="483"
                          HPOS="1031"
                          CONTENT="parva"/>
                  <SP HEIGHT="57" WIDTH="23" VPOS="483" HPOS="1240"/>
                  <String HEIGHT="57"
                          WIDTH="140"
                          VPOS="483"
                          HPOS="1147"
                          CONTENT="dif-"
                          SUBS_TYPE="HypPart1"
                          SUBS_CONTENT="difconu-adi-"/>
                  <HYP CONTENT="-"/>
               </TextLine>
               <TextLine ID="line_1616370194492_2908"
                         BASELINE="262,606 378,604 462,604 688,604 831,604 950,605 1146,604 1289,594"
                         HEIGHT="56"
                         WIDTH="1027"
                         VPOS="561"
                         HPOS="262">
                  <String HEIGHT="56"
                          WIDTH="267"
                          VPOS="561"
                          HPOS="241"
                          CONTENT="conu-adi-"
                          SUBS_TYPE="HypPart2"
                          SUBS_CONTENT="difconu-adi-"/>
                  <SP HEIGHT="56" WIDTH="21" VPOS="561" HPOS="508"/>
                  <String HEIGHT="56"
                          WIDTH="185"
                          VPOS="561"
                          HPOS="447"
                          CONTENT="ficui"/>
                  <SP HEIGHT="56" WIDTH="21" VPOS="561" HPOS="632"/>
                  <String HEIGHT="56"
                          WIDTH="164"
                          VPOS="561"
                          HPOS="570"
                          CONTENT="tas."/>
                  <SP HEIGHT="56" WIDTH="21" VPOS="561" HPOS="734"/>
                  <String HEIGHT="56"
                          WIDTH="226"
                          VPOS="561"
                          HPOS="673"
                          CONTENT="Videtur"/>
                  <SP HEIGHT="56" WIDTH="21" VPOS="561" HPOS="899"/>
                  <String HEIGHT="56"
                          WIDTH="164"
                          VPOS="561"
                          HPOS="837"
                          CONTENT="enim"/>
                  <SP HEIGHT="56" WIDTH="21" VPOS="561" HPOS="1001"/>
                  <String HEIGHT="56"
                          WIDTH="164"
                          VPOS="561"
                          HPOS="940"
                          CONTENT="sibi"/>
                  <SP HEIGHT="56" WIDTH="21" VPOS="561" HPOS="1104"/>
                  <String HEIGHT="56"
                          WIDTH="205"
                          VPOS="561"
                          HPOS="1043"
                          CONTENT="Doctor"/>
                  <SP HEIGHT="56" WIDTH="21" VPOS="561" HPOS="1248"/>
                  <String HEIGHT="56"
                          WIDTH="123"
                          VPOS="561"
                          HPOS="1166"
                          CONTENT="con-"
                          SUBS_TYPE="HypPart1"
                          SUBS_CONTENT="conctl°'"/>
                  <HYP CONTENT="-"/>
               </TextLine>
               <TextLine ID="line_1616370194492_2910"
                         BASELINE="262,659 508,690 607,679 698,679 774,680 845,680 1009,678 1140,679 1288,679"
                         HEIGHT="70"
                         WIDTH="1027"
                         VPOS="624"
                         HPOS="261">
                  <String HEIGHT="70"
                          WIDTH="197"
                          VPOS="624"
                          HPOS="239"
                          CONTENT="ctl°'"
                          SUBS_TYPE="HypPart2"
                          SUBS_CONTENT="conctl°'"/>
                  <SP HEIGHT="70" WIDTH="22" VPOS="624" HPOS="436"/>
                  <String HEIGHT="70"
                          WIDTH="306"
                          VPOS="624"
                          HPOS="370"
                          CONTENT="tradicere,"/>
                  <SP HEIGHT="70" WIDTH="22" VPOS="624" HPOS="676"/>
                  <String HEIGHT="70"
                          WIDTH="175"
                          VPOS="624"
                          HPOS="611"
                          CONTENT="quia"/>
                  <SP HEIGHT="70" WIDTH="22" VPOS="624" HPOS="785"/>
                  <String HEIGHT="70" WIDTH="131" VPOS="624" HPOS="720" CONTENT="in"/>
                  <SP HEIGHT="70" WIDTH="22" VPOS="624" HPOS="851"/>
                  <String HEIGHT="70" WIDTH="131" VPOS="624" HPOS="785" CONTENT="2."/>
                  <SP HEIGHT="70" WIDTH="22" VPOS="624" HPOS="917"/>
                  <String HEIGHT="70"
                          WIDTH="197"
                          VPOS="624"
                          HPOS="851"
                          CONTENT="disl."/>
                  <SP HEIGHT="70" WIDTH="22" VPOS="624" HPOS="1048"/>
                  <String HEIGHT="70" WIDTH="153" VPOS="624" HPOS="982" CONTENT="14."/>
                  <SP HEIGHT="70" WIDTH="22" VPOS="624" HPOS="1135"/>
                  <String HEIGHT="70"
                          WIDTH="175"
                          VPOS="624"
                          HPOS="1069"
                          CONTENT="vult"/>
                  <SP HEIGHT="70" WIDTH="22" VPOS="624" HPOS="1244"/>
                  <String HEIGHT="70"
                          WIDTH="131"
                          VPOS="624"
                          HPOS="1157"
                          CONTENT="quod"/>
               </TextLine>
               <TextLine ID="tl_8"
                         BASELINE="283,754 433,753 669,753 792,755 1045,754 1283,761"
                         HEIGHT="59"
                         WIDTH="1001"
                         VPOS="709"
                         HPOS="283">
                  <String HEIGHT="59"
                          WIDTH="243"
                          VPOS="709"
                          HPOS="256"
                          CONTENT="omnes"/>
                  <SP HEIGHT="59" WIDTH="27" VPOS="709" HPOS="499"/>
                  <String HEIGHT="59"
                          WIDTH="325"
                          VPOS="709"
                          HPOS="418"
                          CONTENT="materiae"/>
                  <SP HEIGHT="59" WIDTH="27" VPOS="709" HPOS="743"/>
                  <String HEIGHT="59"
                          WIDTH="216"
                          VPOS="709"
                          HPOS="662"
                          CONTENT="sint"/>
                  <SP HEIGHT="59" WIDTH="27" VPOS="709" HPOS="878"/>
                  <String HEIGHT="59"
                          WIDTH="298"
                          VPOS="709"
                          HPOS="797"
                          CONTENT="ejusdem"/>
                  <SP HEIGHT="59" WIDTH="27" VPOS="709" HPOS="1095"/>
                  <String HEIGHT="59"
                          WIDTH="298"
                          VPOS="709"
                          HPOS="986"
                          CONTENT="rationis,"/>
               </TextLine>
               <TextLine ID="tl_9"
                         BASELINE="279,826 496,829 591,829 824,829 968,828 1162,829 1282,827"
                         HEIGHT="58"
                         WIDTH="1003"
                         VPOS="786"
                         HPOS="279">
                  <String HEIGHT="58"
                          WIDTH="325"
                          VPOS="786"
                          HPOS="252"
                          CONTENT="loquendo"/>
                  <SP HEIGHT="58" WIDTH="27" VPOS="786" HPOS="577"/>
                  <String HEIGHT="58" WIDTH="163" VPOS="786" HPOS="496" CONTENT="de"/>
                  <SP HEIGHT="58" WIDTH="27" VPOS="786" HPOS="659"/>
                  <String HEIGHT="58"
                          WIDTH="325"
                          VPOS="786"
                          HPOS="577"
                          CONTENT="materiis"/>
                  <SP HEIGHT="58" WIDTH="27" VPOS="786" HPOS="902"/>
                  <String HEIGHT="58"
                          WIDTH="217"
                          VPOS="786"
                          HPOS="821"
                          CONTENT="quae"/>
                  <SP HEIGHT="58" WIDTH="27" VPOS="786" HPOS="1038"/>
                  <String HEIGHT="58"
                          WIDTH="271"
                          VPOS="786"
                          HPOS="957"
                          CONTENT="insunt"/>
                  <SP HEIGHT="58" WIDTH="27" VPOS="786" HPOS="1228"/>
                  <String HEIGHT="58"
                          WIDTH="163"
                          VPOS="786"
                          HPOS="1119"
                          CONTENT="rei."/>
               </TextLine>
               <TextLine ID="tl_10"
                         BASELINE="278,903 384,903 530,904 636,904 833,905 1155,905 1286,894"
                         HEIGHT="54"
                         WIDTH="1008"
                         VPOS="861"
                         HPOS="278">
                  <String HEIGHT="54" WIDTH="208" VPOS="861" HPOS="248" CONTENT="Nam"/>
                  <SP HEIGHT="54" WIDTH="30" VPOS="861" HPOS="456"/>
                  <String HEIGHT="54"
                          WIDTH="267"
                          VPOS="861"
                          HPOS="367"
                          CONTENT="dicit"/>
                  <SP HEIGHT="54" WIDTH="30" VPOS="861" HPOS="634"/>
                  <String HEIGHT="54" WIDTH="208" VPOS="861" HPOS="545" CONTENT="ibi"/>
                  <SP HEIGHT="54" WIDTH="30" VPOS="861" HPOS="752"/>
                  <String HEIGHT="54"
                          WIDTH="296"
                          VPOS="861"
                          HPOS="663"
                          CONTENT="contra"/>
                  <SP HEIGHT="54" WIDTH="30" VPOS="861" HPOS="960"/>
                  <String HEIGHT="54"
                          WIDTH="356"
                          VPOS="861"
                          HPOS="871"
                          CONTENT="communem"/>
                  <SP HEIGHT="54" WIDTH="30" VPOS="861" HPOS="1227"/>
                  <String HEIGHT="54"
                          WIDTH="178"
                          VPOS="861"
                          HPOS="1108"
                          CONTENT="opi¬"
                          SUBS_TYPE="HypPart1"
                          SUBS_CONTENT="opinionem"/>
                  <HYP CONTENT="-"/>
               </TextLine>
               <TextLine ID="tl_11"
                         BASELINE="277,978 449,977 609,980 681,982 758,982 910,981 1059,980 1283,988"
                         HEIGHT="57"
                         WIDTH="1006"
                         VPOS="938"
                         HPOS="277">
                  <String HEIGHT="57"
                          WIDTH="265"
                          VPOS="938"
                          HPOS="251"
                          CONTENT="nionem"
                          SUBS_TYPE="HypPart2"
                          SUBS_CONTENT="opinionem"/>
                  <SP HEIGHT="57" WIDTH="26" VPOS="938" HPOS="515"/>
                  <String HEIGHT="57"
                          WIDTH="212"
                          VPOS="938"
                          HPOS="436"
                          CONTENT="quod"/>
                  <SP HEIGHT="57" WIDTH="26" VPOS="938" HPOS="648"/>
                  <String HEIGHT="57" WIDTH="159" VPOS="938" HPOS="568" CONTENT="si"/>
                  <SP HEIGHT="57" WIDTH="26" VPOS="938" HPOS="727"/>
                  <String HEIGHT="57" WIDTH="159" VPOS="938" HPOS="648" CONTENT="in"/>
                  <SP HEIGHT="57" WIDTH="26" VPOS="938" HPOS="806"/>
                  <String HEIGHT="57"
                          WIDTH="238"
                          VPOS="938"
                          HPOS="727"
                          CONTENT="coelo"/>
                  <SP HEIGHT="57" WIDTH="26" VPOS="938" HPOS="965"/>
                  <String HEIGHT="57"
                          WIDTH="238"
                          VPOS="938"
                          HPOS="886"
                          CONTENT="esset"/>
                  <SP HEIGHT="57" WIDTH="26" VPOS="938" HPOS="1124"/>
                  <String HEIGHT="57"
                          WIDTH="265"
                          VPOS="938"
                          HPOS="1018"
                          CONTENT="materia,"/>
               </TextLine>
               <TextLine ID="tl_12"
                         BASELINE="278,1053 393,1054 681,1057 924,1057 1143,1056 1281,1053"
                         HEIGHT="58"
                         WIDTH="1003"
                         VPOS="1013"
                         HPOS="278">
                  <String HEIGHT="58"
                          WIDTH="238"
                          VPOS="1013"
                          HPOS="252"
                          CONTENT="esset"/>
                  <SP HEIGHT="58" WIDTH="26" VPOS="1013" HPOS="489"/>
                  <String HEIGHT="58"
                          WIDTH="396"
                          VPOS="1013"
                          HPOS="410"
                          CONTENT="simpliciter"/>
                  <SP HEIGHT="58" WIDTH="26" VPOS="1013" HPOS="806"/>
                  <String HEIGHT="58"
                          WIDTH="290"
                          VPOS="1013"
                          HPOS="727"
                          CONTENT="ejusdem"/>
                  <SP HEIGHT="58" WIDTH="26" VPOS="1013" HPOS="1017"/>
                  <String HEIGHT="58"
                          WIDTH="317"
                          VPOS="1013"
                          HPOS="938"
                          CONTENT="rationis"/>
                  <SP HEIGHT="58" WIDTH="26" VPOS="1013" HPOS="1255"/>
                  <String HEIGHT="58"
                          WIDTH="132"
                          VPOS="1013"
                          HPOS="1149"
                          CONTENT="cum"/>
               </TextLine>
               <TextLine ID="tl_13"
                         BASELINE="276,1130 456,1131 688,1131 995,1132 1027,1142 1120,1131 1280,1132"
                         HEIGHT="55"
                         WIDTH="1004"
                         VPOS="1088"
                         HPOS="276">
                  <String HEIGHT="55"
                          WIDTH="307"
                          VPOS="1088"
                          HPOS="248"
                          CONTENT="materia"/>
                  <SP HEIGHT="55" WIDTH="28" VPOS="1088" HPOS="555"/>
                  <String HEIGHT="55"
                          WIDTH="307"
                          VPOS="1088"
                          HPOS="471"
                          CONTENT="istorum"/>
                  <SP HEIGHT="55" WIDTH="28" VPOS="1088" HPOS="778"/>
                  <String HEIGHT="55"
                          WIDTH="390"
                          VPOS="1088"
                          HPOS="694"
                          CONTENT="inferiorum"/>
                  <SP HEIGHT="55" WIDTH="28" VPOS="1088" HPOS="1085"/>
                  <String HEIGHT="55" WIDTH="139" VPOS="1088" HPOS="1001" CONTENT=";"/>
                  <SP HEIGHT="55" WIDTH="28" VPOS="1088" HPOS="1141"/>
                  <String HEIGHT="55"
                          WIDTH="167"
                          VPOS="1088"
                          HPOS="1057"
                          CONTENT="si"/>
                  <SP HEIGHT="55" WIDTH="28" VPOS="1088" HPOS="1224"/>
                  <String HEIGHT="55"
                          WIDTH="167"
                          VPOS="1088"
                          HPOS="1113"
                          CONTENT="ergo"/>
               </TextLine>
               <TextLine ID="tl_14"
                         BASELINE="274,1206 425,1206 661,1209 808,1208 1059,1207 1283,1217"
                         HEIGHT="58"
                         WIDTH="1009"
                         VPOS="1164"
                         HPOS="274">
                  <String HEIGHT="58"
                          WIDTH="245"
                          VPOS="1164"
                          HPOS="247"
                          CONTENT="omnes"/>
                  <SP HEIGHT="58" WIDTH="27" VPOS="1164" HPOS="492"/>
                  <String HEIGHT="58"
                          WIDTH="327"
                          VPOS="1164"
                          HPOS="410"
                          CONTENT="materiae"/>
                  <SP HEIGHT="58" WIDTH="27" VPOS="1164" HPOS="738"/>
                  <String HEIGHT="58"
                          WIDTH="218"
                          VPOS="1164"
                          HPOS="656"
                          CONTENT="sunt"/>
                  <SP HEIGHT="58" WIDTH="27" VPOS="1164" HPOS="874"/>
                  <String HEIGHT="58"
                          WIDTH="300"
                          VPOS="1164"
                          HPOS="792"
                          CONTENT="ejusdem"/>
                  <SP HEIGHT="58" WIDTH="27" VPOS="1164" HPOS="1092"/>
                  <String HEIGHT="58"
                          WIDTH="300"
                          VPOS="1164"
                          HPOS="983"
                          CONTENT="rationis,"/>
               </TextLine>
               <TextLine ID="tl_15"
                         BASELINE="275,1282 379,1282 469,1283 654,1285 863,1285 969,1285 1159,1284 1281,1273"
                         HEIGHT="57"
                         WIDTH="1006"
                         VPOS="1241"
                         HPOS="275">
                  <String HEIGHT="57"
                          WIDTH="212"
                          VPOS="1241"
                          HPOS="249"
                          CONTENT="ergo"/>
                  <SP HEIGHT="57" WIDTH="26" VPOS="1241" HPOS="460"/>
                  <String HEIGHT="57" WIDTH="159" VPOS="1241" HPOS="381" CONTENT="et"/>
                  <SP HEIGHT="57" WIDTH="26" VPOS="1241" HPOS="540"/>
                  <String HEIGHT="57"
                          WIDTH="265"
                          VPOS="1241"
                          HPOS="460"
                          CONTENT="formae"/>
                  <SP HEIGHT="57" WIDTH="26" VPOS="1241" HPOS="725"/>
                  <String HEIGHT="57"
                          WIDTH="318"
                          VPOS="1241"
                          HPOS="646"
                          CONTENT="receptae"/>
                  <SP HEIGHT="57" WIDTH="26" VPOS="1241" HPOS="963"/>
                  <String HEIGHT="57"
                          WIDTH="185"
                          VPOS="1241"
                          HPOS="884"
                          CONTENT="per"/>
                  <SP HEIGHT="57" WIDTH="26" VPOS="1241" HPOS="1069"/>
                  <String HEIGHT="57"
                          WIDTH="265"
                          VPOS="1241"
                          HPOS="990"
                          CONTENT="dictum"/>
                  <SP HEIGHT="57" WIDTH="26" VPOS="1241" HPOS="1255"/>
                  <String HEIGHT="57"
                          WIDTH="132"
                          VPOS="1241"
                          HPOS="1149"
                          CONTENT="Do-"/>
               </TextLine>
               <TextLine ID="tl_16"
                         BASELINE="279,1346 417,1348"
                         HEIGHT="40"
                         WIDTH="138"
                         VPOS="1308"
                         HPOS="279">
                  <String HEIGHT="40"
                          WIDTH="177"
                          VPOS="1308"
                          HPOS="240"
                          CONTENT="ctoris."/>
               </TextLine>
               <TextLine ID="line_1616370194494_2912"
                         BASELINE="254,1425 563,1425 660,1425 841,1435 977,1426 1065,1425 1282,1424"
                         HEIGHT="58"
                         WIDTH="1028"
                         VPOS="1381"
                         HPOS="254">
                  <String HEIGHT="58"
                          WIDTH="158"
                          VPOS="1381"
                          HPOS="234"
                          CONTENT="Unio"/>
                  <SP HEIGHT="58" WIDTH="20" VPOS="1381" HPOS="392"/>
                  <String HEIGHT="58"
                          WIDTH="198"
                          VPOS="1381"
                          HPOS="333"
                          CONTENT="dicto-"/>
                  <SP HEIGHT="58" WIDTH="20" VPOS="1381" HPOS="531"/>
                  <String HEIGHT="58"
                          WIDTH="257"
                          VPOS="1381"
                          HPOS="471"
                          CONTENT="kesponsio"/>
                  <SP HEIGHT="58" WIDTH="20" VPOS="1381" HPOS="728"/>
                  <String HEIGHT="58"
                          WIDTH="138"
                          VPOS="1381"
                          HPOS="669"
                          CONTENT="est"/>
                  <SP HEIGHT="58" WIDTH="20" VPOS="1381" HPOS="808"/>
                  <String HEIGHT="58"
                          WIDTH="237"
                          VPOS="1381"
                          HPOS="748"
                          CONTENT="facilis,"/>
                  <SP HEIGHT="58" WIDTH="20" VPOS="1381" HPOS="985"/>
                  <String HEIGHT="58"
                          WIDTH="158"
                          VPOS="1381"
                          HPOS="926"
                          CONTENT="quia"/>
                  <SP HEIGHT="58" WIDTH="20" VPOS="1381" HPOS="1084"/>
                  <String HEIGHT="58"
                          WIDTH="138"
                          VPOS="1381"
                          HPOS="1025"
                          CONTENT="ibi"/>
                  <SP HEIGHT="58" WIDTH="20" VPOS="1381" HPOS="1163"/>
                  <String HEIGHT="58"
                          WIDTH="198"
                          VPOS="1381"
                          HPOS="1084"
                          CONTENT="loquitur"/>
               </TextLine>
               <TextLine ID="line_1616370194494_2916"
                         BASELINE="253,1503 331,1499 562,1501 754,1502 1026,1501 1122,1502 1282,1500"
                         HEIGHT="60"
                         WIDTH="1029"
                         VPOS="1456"
                         HPOS="253">
                  <String HEIGHT="60"
                          WIDTH="237"
                          VPOS="1456"
                          HPOS="227"
                          CONTENT="Scoti"/>
                  <SP HEIGHT="60" WIDTH="26" VPOS="1456" HPOS="464"/>
                  <String HEIGHT="60" WIDTH="158" VPOS="1456" HPOS="385" CONTENT="de"/>
                  <SP HEIGHT="60" WIDTH="26" VPOS="1456" HPOS="543"/>
                  <String HEIGHT="60"
                          WIDTH="290"
                          VPOS="1456"
                          HPOS="464"
                          CONTENT="materia"/>
                  <SP HEIGHT="60" WIDTH="26" VPOS="1456" HPOS="754"/>
                  <String HEIGHT="60"
                          WIDTH="237"
                          VPOS="1456"
                          HPOS="675"
                          CONTENT="prima"/>
                  <SP HEIGHT="60" WIDTH="26" VPOS="1456" HPOS="913"/>
                  <String HEIGHT="60"
                          WIDTH="317"
                          VPOS="1456"
                          HPOS="833"
                          CONTENT="denudata"/>
                  <SP HEIGHT="60" WIDTH="26" VPOS="1456" HPOS="1150"/>
                  <String HEIGHT="60"
                          WIDTH="158"
                          VPOS="1456"
                          HPOS="1071"
                          CONTENT="ab"/>
                  <SP HEIGHT="60" WIDTH="26" VPOS="1456" HPOS="1229"/>
                  <String HEIGHT="60"
                          WIDTH="158"
                          VPOS="1456"
                          HPOS="1124"
                          CONTENT="omni"/>
               </TextLine>
               <TextLine ID="tl_19"
                         BASELINE="274,1574 422,1585 505,1578 595,1578 723,1579 955,1578 1178,1587 1281,1577"
                         HEIGHT="59"
                         WIDTH="1007"
                         VPOS="1533"
                         HPOS="274">
                  <String HEIGHT="59"
                          WIDTH="252"
                          VPOS="1533"
                          HPOS="249"
                          CONTENT="forma,"/>
                  <SP HEIGHT="59" WIDTH="25" VPOS="1533" HPOS="501"/>
                  <String HEIGHT="59" WIDTH="151" VPOS="1533" HPOS="425" CONTENT="et"/>
                  <SP HEIGHT="59" WIDTH="25" VPOS="1533" HPOS="576"/>
                  <String HEIGHT="59"
                          WIDTH="176"
                          VPOS="1533"
                          HPOS="501"
                          CONTENT="sic"/>
                  <SP HEIGHT="59" WIDTH="25" VPOS="1533" HPOS="677"/>
                  <String HEIGHT="59"
                          WIDTH="201"
                          VPOS="1533"
                          HPOS="601"
                          CONTENT="sunt"/>
                  <SP HEIGHT="59" WIDTH="25" VPOS="1533" HPOS="803"/>
                  <String HEIGHT="59"
                          WIDTH="277"
                          VPOS="1533"
                          HPOS="727"
                          CONTENT="ejusdem"/>
                  <SP HEIGHT="59" WIDTH="25" VPOS="1533" HPOS="1004"/>
                  <String HEIGHT="59"
                          WIDTH="327"
                          VPOS="1533"
                          HPOS="929"
                          CONTENT="rationis;"/>
                  <SP HEIGHT="59" WIDTH="25" VPOS="1533" HPOS="1256"/>
                  <String HEIGHT="59"
                          WIDTH="126"
                          VPOS="1533"
                          HPOS="1155"
                          CONTENT="hic"/>
               </TextLine>
               <TextLine ID="tl_20"
                         BASELINE="270,1652 369,1653 606,1654 696,1654 914,1655 1141,1655 1277,1652"
                         HEIGHT="58"
                         WIDTH="1007"
                         VPOS="1611"
                         HPOS="270">
                  <String HEIGHT="58"
                          WIDTH="218"
                          VPOS="1611"
                          HPOS="243"
                          CONTENT="vero"/>
                  <SP HEIGHT="58" WIDTH="27" VPOS="1611" HPOS="461"/>
                  <String HEIGHT="58"
                          WIDTH="327"
                          VPOS="1611"
                          HPOS="379"
                          CONTENT="loquitur"/>
                  <SP HEIGHT="58" WIDTH="27" VPOS="1611" HPOS="705"/>
                  <String HEIGHT="58" WIDTH="163" VPOS="1611" HPOS="624" CONTENT="de"/>
                  <SP HEIGHT="58" WIDTH="27" VPOS="1611" HPOS="787"/>
                  <String HEIGHT="58"
                          WIDTH="299"
                          VPOS="1611"
                          HPOS="705"
                          CONTENT="materia"/>
                  <SP HEIGHT="58" WIDTH="27" VPOS="1611" HPOS="1005"/>
                  <String HEIGHT="58"
                          WIDTH="299"
                          VPOS="1611"
                          HPOS="923"
                          CONTENT="secunda"/>
                  <SP HEIGHT="58" WIDTH="27" VPOS="1611" HPOS="1223"/>
                  <String HEIGHT="58"
                          WIDTH="163"
                          VPOS="1611"
                          HPOS="1114"
                          CONTENT="quae"/>
               </TextLine>
               <TextLine ID="tl_21"
                         BASELINE="267,1724 331,1726 394,1726 559,1729 874,1729 952,1729 1279,1727"
                         HEIGHT="59"
                         WIDTH="1012"
                         VPOS="1684"
                         HPOS="267">
                  <String HEIGHT="59"
                          WIDTH="173"
                          VPOS="1684"
                          HPOS="242"
                          CONTENT="est"/>
                  <SP HEIGHT="59" WIDTH="25" VPOS="1684" HPOS="415"/>
                  <String HEIGHT="59" WIDTH="148" VPOS="1684" HPOS="341" CONTENT="in"/>
                  <SP HEIGHT="59" WIDTH="25" VPOS="1684" HPOS="489"/>
                  <String HEIGHT="59"
                          WIDTH="247"
                          VPOS="1684"
                          HPOS="415"
                          CONTENT="ultima"/>
                  <SP HEIGHT="59" WIDTH="25" VPOS="1684" HPOS="662"/>
                  <String HEIGHT="59"
                          WIDTH="395"
                          VPOS="1684"
                          HPOS="588"
                          CONTENT="dispositione"/>
                  <SP HEIGHT="59" WIDTH="25" VPOS="1684" HPOS="983"/>
                  <String HEIGHT="59" WIDTH="148" VPOS="1684" HPOS="909" CONTENT="ad"/>
                  <SP HEIGHT="59" WIDTH="25" VPOS="1684" HPOS="1057"/>
                  <String HEIGHT="59"
                          WIDTH="321"
                          VPOS="1684"
                          HPOS="958"
                          CONTENT="recipiendam"/>
               </TextLine>
               <TextLine ID="tl_22"
                         BASELINE="264,1799 447,1802 749,1813 898,1806 1114,1805 1280,1803"
                         HEIGHT="60"
                         WIDTH="1016"
                         VPOS="1759"
                         HPOS="264">
                  <String HEIGHT="60"
                          WIDTH="275"
                          VPOS="1759"
                          HPOS="237"
                          CONTENT="formam"/>
                  <SP HEIGHT="60" WIDTH="27" VPOS="1759" HPOS="511"/>
                  <String HEIGHT="60"
                          WIDTH="412"
                          VPOS="1759"
                          HPOS="429"
                          CONTENT="specificam,"/>
                  <SP HEIGHT="60" WIDTH="27" VPOS="1759" HPOS="841"/>
                  <String HEIGHT="60"
                          WIDTH="247"
                          VPOS="1759"
                          HPOS="758"
                          CONTENT="sicut"/>
                  <SP HEIGHT="60" WIDTH="27" VPOS="1759" HPOS="1005"/>
                  <String HEIGHT="60"
                          WIDTH="302"
                          VPOS="1759"
                          HPOS="923"
                          CONTENT="dicimus"/>
                  <SP HEIGHT="60" WIDTH="27" VPOS="1759" HPOS="1225"/>
                  <String HEIGHT="60"
                          WIDTH="165"
                          VPOS="1759"
                          HPOS="1115"
                          CONTENT="quod"/>
               </TextLine>
               <TextLine ID="tl_23"
                         BASELINE="262,1878 443,1880 682,1881 866,1881 1176,1882 1279,1878"
                         HEIGHT="60"
                         WIDTH="1017"
                         VPOS="1837"
                         HPOS="262">
                  <String HEIGHT="60"
                          WIDTH="266"
                          VPOS="1837"
                          HPOS="238"
                          CONTENT="materia"/>
                  <SP HEIGHT="60" WIDTH="24" VPOS="1837" HPOS="504"/>
                  <String HEIGHT="60"
                          WIDTH="315"
                          VPOS="1837"
                          HPOS="431"
                          CONTENT="receptiva"/>
                  <SP HEIGHT="60" WIDTH="24" VPOS="1837" HPOS="746"/>
                  <String HEIGHT="60"
                          WIDTH="242"
                          VPOS="1837"
                          HPOS="674"
                          CONTENT="animae"/>
                  <SP HEIGHT="60" WIDTH="24" VPOS="1837" HPOS="916"/>
                  <String HEIGHT="60"
                          WIDTH="412"
                          VPOS="1837"
                          HPOS="843"
                          CONTENT="intellectivae"/>
                  <SP HEIGHT="60" WIDTH="24" VPOS="1837" HPOS="1255"/>
                  <String HEIGHT="60"
                          WIDTH="121"
                          VPOS="1837"
                          HPOS="1158"
                          CONTENT="est"/>
               </TextLine>
               <TextLine ID="tl_24"
                         BASELINE="265,1954 420,1957 702,1957 984,1966 1064,1957 1278,1956"
                         HEIGHT="61"
                         WIDTH="1013"
                         VPOS="1912"
                         HPOS="265">
                  <String HEIGHT="61"
                          WIDTH="281"
                          VPOS="1912"
                          HPOS="237"
                          CONTENT="corpus"/>
                  <SP HEIGHT="61" WIDTH="28" VPOS="1912" HPOS="518"/>
                  <String HEIGHT="61"
                          WIDTH="366"
                          VPOS="1912"
                          HPOS="434"
                          CONTENT="organicum"/>
                  <SP HEIGHT="61" WIDTH="28" VPOS="1912" HPOS="800"/>
                  <String HEIGHT="61"
                          WIDTH="338"
                          VPOS="1912"
                          HPOS="715"
                          CONTENT="humanum,"/>
                  <SP HEIGHT="61" WIDTH="28" VPOS="1912" HPOS="1053"/>
                  <String HEIGHT="61" WIDTH="169" VPOS="1912" HPOS="968" CONTENT="et"/>
                  <SP HEIGHT="61" WIDTH="28" VPOS="1912" HPOS="1137"/>
                  <String HEIGHT="61"
                          WIDTH="253"
                          VPOS="1912"
                          HPOS="1025"
                          CONTENT="materia"/>
               </TextLine>
               <TextLine ID="tl_25"
                         BASELINE="258,2032 477,2034 662,2035 816,2034 938,2034 1072,2033 1274,2031"
                         HEIGHT="57"
                         WIDTH="1016"
                         VPOS="1991"
                         HPOS="258">
                  <String HEIGHT="57"
                          WIDTH="339"
                          VPOS="1991"
                          HPOS="232"
                          CONTENT="receptiva"/>
                  <SP HEIGHT="57" WIDTH="26" VPOS="1991" HPOS="571"/>
                  <String HEIGHT="57"
                          WIDTH="261"
                          VPOS="1991"
                          HPOS="492"
                          CONTENT="formae"/>
                  <SP HEIGHT="57" WIDTH="26" VPOS="1991" HPOS="753"/>
                  <String HEIGHT="57"
                          WIDTH="234"
                          VPOS="1991"
                          HPOS="675"
                          CONTENT="asini"/>
                  <SP HEIGHT="57" WIDTH="26" VPOS="1991" HPOS="909"/>
                  <String HEIGHT="57"
                          WIDTH="208"
                          VPOS="1991"
                          HPOS="831"
                          CONTENT="erit"/>
                  <SP HEIGHT="57" WIDTH="26" VPOS="1991" HPOS="1040"/>
                  <String HEIGHT="57"
                          WIDTH="208"
                          VPOS="1991"
                          HPOS="961"
                          CONTENT="tale"/>
                  <SP HEIGHT="57" WIDTH="26" VPOS="1991" HPOS="1170"/>
                  <String HEIGHT="57"
                          WIDTH="208"
                          VPOS="1991"
                          HPOS="1066"
                          CONTENT="corpus"/>
               </TextLine>
               <TextLine ID="tl_26"
                         BASELINE="263,2107 537,2118 622,2110 770,2110 1053,2108 1275,2106"
                         HEIGHT="63"
                         WIDTH="1012"
                         VPOS="2062"
                         HPOS="263">
                  <String HEIGHT="63"
                          WIDTH="383"
                          VPOS="2062"
                          HPOS="236"
                          CONTENT="organicum;"/>
                  <SP HEIGHT="63" WIDTH="27" VPOS="2062" HPOS="619"/>
                  <String HEIGHT="63" WIDTH="164" VPOS="2062" HPOS="537" CONTENT="et"/>
                  <SP HEIGHT="63" WIDTH="27" VPOS="2062" HPOS="701"/>
                  <String HEIGHT="63"
                          WIDTH="219"
                          VPOS="2062"
                          HPOS="619"
                          CONTENT="quia"/>
                  <SP HEIGHT="63" WIDTH="27" VPOS="2062" HPOS="837"/>
                  <String HEIGHT="63"
                          WIDTH="356"
                          VPOS="2062"
                          HPOS="755"
                          CONTENT="hujusmodi"/>
                  <SP HEIGHT="63" WIDTH="27" VPOS="2062" HPOS="1111"/>
                  <String HEIGHT="63"
                          WIDTH="274"
                          VPOS="2062"
                          HPOS="1001"
                          CONTENT="materiae"/>
               </TextLine>
               <TextLine ID="tl_27"
                         BASELINE="260,2183 363,2185 591,2185 853,2194 1105,2183 1276,2183"
                         HEIGHT="59"
                         WIDTH="1016"
                         VPOS="2139"
                         HPOS="260">
                  <String HEIGHT="59"
                          WIDTH="220"
                          VPOS="2139"
                          HPOS="233"
                          CONTENT="sunt"/>
                  <SP HEIGHT="59" WIDTH="27" VPOS="2139" HPOS="452"/>
                  <String HEIGHT="59"
                          WIDTH="330"
                          VPOS="2139"
                          HPOS="370"
                          CONTENT="alterius"/>
                  <SP HEIGHT="59" WIDTH="27" VPOS="2139" HPOS="699"/>
                  <String HEIGHT="59"
                          WIDTH="357"
                          VPOS="2139"
                          HPOS="617"
                          CONTENT="rationis,"/>
                  <SP HEIGHT="59" WIDTH="27" VPOS="2139" HPOS="974"/>
                  <String HEIGHT="59"
                          WIDTH="330"
                          VPOS="2139"
                          HPOS="892"
                          CONTENT="sequitur"/>
                  <SP HEIGHT="59" WIDTH="27" VPOS="2139" HPOS="1221"/>
                  <String HEIGHT="59"
                          WIDTH="165"
                          VPOS="2139"
                          HPOS="1111"
                          CONTENT="quod"/>
               </TextLine>
               <TextLine ID="tl_28"
                         BASELINE="263,2258 402,2260 631,2261 707,2262 885,2260 1038,2260 1176,2260 1274,2249"
                         HEIGHT="49"
                         WIDTH="1011"
                         VPOS="2216"
                         HPOS="263">
                  <String HEIGHT="49"
                          WIDTH="246"
                          VPOS="2216"
                          HPOS="236"
                          CONTENT="forma"/>
                  <SP HEIGHT="49" WIDTH="27" VPOS="2216" HPOS="482"/>
                  <String HEIGHT="49"
                          WIDTH="301"
                          VPOS="2216"
                          HPOS="400"
                          CONTENT="hominis"/>
                  <SP HEIGHT="49" WIDTH="27" VPOS="2216" HPOS="700"/>
                  <String HEIGHT="49" WIDTH="164" VPOS="2216" HPOS="618" CONTENT="et"/>
                  <SP HEIGHT="49" WIDTH="27" VPOS="2216" HPOS="782"/>
                  <String HEIGHT="49"
                          WIDTH="246"
                          VPOS="2216"
                          HPOS="700"
                          CONTENT="forma"/>
                  <SP HEIGHT="49" WIDTH="27" VPOS="2216" HPOS="946"/>
                  <String HEIGHT="49"
                          WIDTH="246"
                          VPOS="2216"
                          HPOS="864"
                          CONTENT="asini"/>
                  <SP HEIGHT="49" WIDTH="27" VPOS="2216" HPOS="1110"/>
                  <String HEIGHT="49"
                          WIDTH="219"
                          VPOS="2216"
                          HPOS="1028"
                          CONTENT="sunt"/>
                  <SP HEIGHT="49" WIDTH="27" VPOS="2216" HPOS="1247"/>
                  <String HEIGHT="49"
                          WIDTH="137"
                          VPOS="2216"
                          HPOS="1137"
                          CONTENT="al¬"
                          SUBS_TYPE="HypPart1"
                          SUBS_CONTENT="alterius"/>
                  <HYP CONTENT="-"/>
               </TextLine>
               <TextLine ID="tl_29"
                         BASELINE="265,2334 396,2336 636,2344 734,2336 870,2336 1056,2336 1274,2337"
                         HEIGHT="56"
                         WIDTH="1009"
                         VPOS="2294"
                         HPOS="265">
                  <String HEIGHT="56"
                          WIDTH="266"
                          VPOS="2294"
                          HPOS="238"
                          CONTENT="terius"
                          SUBS_TYPE="HypPart2"
                          SUBS_CONTENT="alterius"/>
                  <SP HEIGHT="56" WIDTH="27" VPOS="2294" HPOS="504"/>
                  <String HEIGHT="56"
                          WIDTH="345"
                          VPOS="2294"
                          HPOS="424"
                          CONTENT="rationis;"/>
                  <SP HEIGHT="56" WIDTH="27" VPOS="2294" HPOS="770"/>
                  <String HEIGHT="56" WIDTH="159" VPOS="2294" HPOS="690" CONTENT="et"/>
                  <SP HEIGHT="56" WIDTH="27" VPOS="2294" HPOS="849"/>
                  <String HEIGHT="56"
                          WIDTH="212"
                          VPOS="2294"
                          HPOS="770"
                          CONTENT="quia"/>
                  <SP HEIGHT="56" WIDTH="27" VPOS="2294" HPOS="982"/>
                  <String HEIGHT="56"
                          WIDTH="239"
                          VPOS="2294"
                          HPOS="902"
                          CONTENT="omnia"/>
                  <SP HEIGHT="56" WIDTH="27" VPOS="2294" HPOS="1141"/>
                  <String HEIGHT="56"
                          WIDTH="239"
                          VPOS="2294"
                          HPOS="1035"
                          CONTENT="corpora"/>
               </TextLine>
               <TextLine ID="line_1616370194496_2918"
                         BASELINE="244,2398 449,2412 583,2411 821,2411 1047,2420 1276,2412"
                         HEIGHT="73"
                         WIDTH="1032"
                         VPOS="2354"
                         HPOS="244">
                  <String HEIGHT="73"
                          WIDTH="324"
                          VPOS="2354"
                          HPOS="224"
                          CONTENT="Difficultas,"/>
                  <SP HEIGHT="73" WIDTH="20" VPOS="2354" HPOS="548"/>
                  <String HEIGHT="73"
                          WIDTH="202"
                          VPOS="2354"
                          HPOS="487"
                          CONTENT="humana"/>
                  <SP HEIGHT="73" WIDTH="20" VPOS="2354" HPOS="689"/>
                  <String HEIGHT="73"
                          WIDTH="162"
                          VPOS="2354"
                          HPOS="628"
                          CONTENT="sunt"/>
                  <SP HEIGHT="73" WIDTH="20" VPOS="2354" HPOS="790"/>
                  <String HEIGHT="73"
                          WIDTH="223"
                          VPOS="2354"
                          HPOS="730"
                          CONTENT="ejusdem"/>
                  <SP HEIGHT="73" WIDTH="20" VPOS="2354" HPOS="952"/>
                  <String HEIGHT="73"
                          WIDTH="263"
                          VPOS="2354"
                          HPOS="892"
                          CONTENT="rationis,"/>
                  <SP HEIGHT="73" WIDTH="20" VPOS="2354" HPOS="1155"/>
                  <String HEIGHT="73"
                          WIDTH="202"
                          VPOS="2354"
                          HPOS="1074"
                          CONTENT="sequitur"/>
               </TextLine>
               <TextLine ID="tl_31"
                         BASELINE="264,2499 380,2488 582,2488 794,2487 1119,2487 1274,2488"
                         HEIGHT="57"
                         WIDTH="1010"
                         VPOS="2446"
                         HPOS="264">
                  <String HEIGHT="57"
                          WIDTH="224"
                          VPOS="2446"
                          HPOS="236"
                          CONTENT="quod"/>
                  <SP HEIGHT="57" WIDTH="28" VPOS="2446" HPOS="460"/>
                  <String HEIGHT="57"
                          WIDTH="253"
                          VPOS="2446"
                          HPOS="376"
                          CONTENT="omnes"/>
                  <SP HEIGHT="57" WIDTH="28" VPOS="2446" HPOS="629"/>
                  <String HEIGHT="57"
                          WIDTH="281"
                          VPOS="2446"
                          HPOS="545"
                          CONTENT="animae"/>
                  <SP HEIGHT="57" WIDTH="28" VPOS="2446" HPOS="825"/>
                  <String HEIGHT="57"
                          WIDTH="477"
                          VPOS="2446"
                          HPOS="741"
                          CONTENT="intellectivae"/>
                  <SP HEIGHT="57" WIDTH="28" VPOS="2446" HPOS="1218"/>
                  <String HEIGHT="57"
                          WIDTH="168"
                          VPOS="2446"
                          HPOS="1106"
                          CONTENT="sunt"/>
               </TextLine>
               <TextLine ID="tl_32"
                         BASELINE="261,2562 452,2563 681,2562 797,2564 932,2563 1121,2564 1275,2562"
                         HEIGHT="56"
                         WIDTH="1014"
                         VPOS="2522"
                         HPOS="261">
                  <String HEIGHT="56"
                          WIDTH="286"
                          VPOS="2522"
                          HPOS="235"
                          CONTENT="ejusdem"/>
                  <SP HEIGHT="56" WIDTH="26" VPOS="2522" HPOS="521"/>
                  <String HEIGHT="56"
                          WIDTH="338"
                          VPOS="2522"
                          HPOS="443"
                          CONTENT="rationis."/>
                  <SP HEIGHT="56" WIDTH="26" VPOS="2522" HPOS="781"/>
                  <String HEIGHT="56"
                          WIDTH="182"
                          VPOS="2522"
                          HPOS="703"
                          CONTENT="Sed"/>
                  <SP HEIGHT="56" WIDTH="26" VPOS="2522" HPOS="885"/>
                  <String HEIGHT="56"
                          WIDTH="208"
                          VPOS="2522"
                          HPOS="807"
                          CONTENT="tunc"/>
                  <SP HEIGHT="56" WIDTH="26" VPOS="2522" HPOS="1015"/>
                  <String HEIGHT="56"
                          WIDTH="260"
                          VPOS="2522"
                          HPOS="937"
                          CONTENT="postea"/>
                  <SP HEIGHT="56" WIDTH="26" VPOS="2522" HPOS="1197"/>
                  <String HEIGHT="56"
                          WIDTH="182"
                          VPOS="2522"
                          HPOS="1093"
                          CONTENT="esset"/>
               </TextLine>
               <TextLine ID="tl_33"
                         BASELINE="258,2638 337,2638 624,2649 917,2639 1074,2640 1271,2639"
                         HEIGHT="55"
                         WIDTH="1013"
                         VPOS="2597"
                         HPOS="258">
                  <String HEIGHT="55"
                          WIDTH="203"
                          VPOS="2597"
                          HPOS="233"
                          CONTENT="alia"/>
                  <SP HEIGHT="55" WIDTH="25" VPOS="2597" HPOS="435"/>
                  <String HEIGHT="55"
                          WIDTH="405"
                          VPOS="2597"
                          HPOS="359"
                          CONTENT="difficultas,"/>
                  <SP HEIGHT="55" WIDTH="25" VPOS="2597" HPOS="765"/>
                  <String HEIGHT="55"
                          WIDTH="355"
                          VPOS="2597"
                          HPOS="689"
                          CONTENT="sustinendo"/>
                  <SP HEIGHT="55" WIDTH="25" VPOS="2597" HPOS="1043"/>
                  <String HEIGHT="55"
                          WIDTH="203"
                          VPOS="2597"
                          HPOS="967"
                          CONTENT="quod"/>
                  <SP HEIGHT="55" WIDTH="25" VPOS="2597" HPOS="1170"/>
                  <String HEIGHT="55"
                          WIDTH="203"
                          VPOS="2597"
                          HPOS="1068"
                          CONTENT="coelum"/>
               </TextLine>
               <TextLine ID="tl_34"
                         BASELINE="256,2714 313,2714 581,2715 774,2716 1094,2724 1269,2716"
                         HEIGHT="55"
                         WIDTH="1013"
                         VPOS="2673"
                         HPOS="256">
                  <String HEIGHT="55"
                          WIDTH="187"
                          VPOS="2673"
                          HPOS="229"
                          CONTENT="sit"/>
                  <SP HEIGHT="55" WIDTH="27" VPOS="2673" HPOS="416"/>
                  <String HEIGHT="55"
                          WIDTH="320"
                          VPOS="2673"
                          HPOS="336"
                          CONTENT="animatum"/>
                  <SP HEIGHT="55" WIDTH="27" VPOS="2673" HPOS="656"/>
                  <String HEIGHT="55"
                          WIDTH="240"
                          VPOS="2673"
                          HPOS="576"
                          CONTENT="anima"/>
                  <SP HEIGHT="55" WIDTH="27" VPOS="2673" HPOS="816"/>
                  <String HEIGHT="55"
                          WIDTH="453"
                          VPOS="2673"
                          HPOS="736"
                          CONTENT="intellectiva,"/>
                  <SP HEIGHT="55" WIDTH="27" VPOS="2673" HPOS="1189"/>
                  <String HEIGHT="55"
                          WIDTH="187"
                          VPOS="2673"
                          HPOS="1082"
                          CONTENT="cujus"/>
               </TextLine>
               <TextLine ID="tl_35"
                         BASELINE="253,2791 497,2792 630,2791 828,2791 1032,2800 1153,2792 1270,2782"
                         HEIGHT="58"
                         WIDTH="1018"
                         VPOS="2748"
                         HPOS="252">
                  <String HEIGHT="58"
                          WIDTH="368"
                          VPOS="2748"
                          HPOS="224"
                          CONTENT="oppositum"/>
                  <SP HEIGHT="58" WIDTH="28" VPOS="2748" HPOS="591"/>
                  <String HEIGHT="58"
                          WIDTH="198"
                          VPOS="2748"
                          HPOS="507"
                          CONTENT="non"/>
                  <SP HEIGHT="58" WIDTH="28" VPOS="2748" HPOS="704"/>
                  <String HEIGHT="58"
                          WIDTH="283"
                          VPOS="2748"
                          HPOS="620"
                          CONTENT="probat"/>
                  <SP HEIGHT="58" WIDTH="28" VPOS="2748" HPOS="902"/>
                  <String HEIGHT="58"
                          WIDTH="311"
                          VPOS="2748"
                          HPOS="818"
                          CONTENT="Doctor,"/>
                  <SP HEIGHT="58" WIDTH="28" VPOS="2748" HPOS="1129"/>
                  <String HEIGHT="58"
                          WIDTH="198"
                          VPOS="2748"
                          HPOS="1044"
                          CONTENT="imo"/>
                  <SP HEIGHT="58" WIDTH="28" VPOS="2748" HPOS="1242"/>
                  <String HEIGHT="58"
                          WIDTH="141"
                          VPOS="2748"
                          HPOS="1129"
                          CONTENT="du¬"
                          SUBS_TYPE="HypPart1"
                          SUBS_CONTENT="dubitative"/>
                  <HYP CONTENT="-"/>
               </TextLine>
               <TextLine ID="tl_36"
                         BASELINE="258,2866 431,2867 517,2867 628,2866 859,2875 953,2867 1060,2867 1158,2868 1263,2868"
                         HEIGHT="55"
                         WIDTH="1005"
                         VPOS="2825"
                         HPOS="258">
                  <String HEIGHT="55"
                          WIDTH="302"
                          VPOS="2825"
                          HPOS="233"
                          CONTENT="bitative"
                          SUBS_TYPE="HypPart2"
                          SUBS_CONTENT="dubitative"/>
                  <SP HEIGHT="55" WIDTH="25" VPOS="2825" HPOS="534"/>
                  <String HEIGHT="55" WIDTH="151" VPOS="2825" HPOS="459" CONTENT="de"/>
                  <SP HEIGHT="55" WIDTH="25" VPOS="2825" HPOS="610"/>
                  <String HEIGHT="55"
                          WIDTH="176"
                          VPOS="2825"
                          HPOS="534"
                          CONTENT="hoc"/>
                  <SP HEIGHT="55" WIDTH="25" VPOS="2825" HPOS="710"/>
                  <String HEIGHT="55"
                          WIDTH="327"
                          VPOS="2825"
                          HPOS="635"
                          CONTENT="loquitur,"/>
                  <SP HEIGHT="55" WIDTH="25" VPOS="2825" HPOS="962"/>
                  <String HEIGHT="55" WIDTH="151" VPOS="2825" HPOS="886" CONTENT="ut"/>
                  <SP HEIGHT="55" WIDTH="25" VPOS="2825" HPOS="1037"/>
                  <String HEIGHT="55"
                          WIDTH="226"
                          VPOS="2825"
                          HPOS="962"
                          CONTENT="patet"/>
                  <SP HEIGHT="55" WIDTH="25" VPOS="2825" HPOS="1188"/>
                  <String HEIGHT="55"
                          WIDTH="151"
                          VPOS="2825"
                          HPOS="1112"
                          CONTENT="in"/>
                  <SP HEIGHT="55" WIDTH="25" VPOS="2825" HPOS="1263"/>
                  <String HEIGHT="55"
                          WIDTH="101"
                          VPOS="2825"
                          HPOS="1163"
                          CONTENT="2."/>
               </TextLine>
               <TextLine ID="tl_37"
                         BASELINE="256,2941 284,2941 391,2941 497,2952 683,2941 755,2941 866,2941 965,2942 1115,2950 1268,2942"
                         HEIGHT="58"
                         WIDTH="1012"
                         VPOS="2897"
                         HPOS="256">
                  <String HEIGHT="58"
                          WIDTH="212"
                          VPOS="2897"
                          HPOS="232"
                          CONTENT="dist."/>
                  <SP HEIGHT="58" WIDTH="24" VPOS="2897" HPOS="444"/>
                  <String HEIGHT="58"
                          WIDTH="165"
                          VPOS="2897"
                          HPOS="374"
                          CONTENT="14."/>
                  <SP HEIGHT="58" WIDTH="24" VPOS="2897" HPOS="538"/>
                  <String HEIGHT="58"
                          WIDTH="259"
                          VPOS="2897"
                          HPOS="468"
                          CONTENT="quaest."/>
                  <SP HEIGHT="58" WIDTH="24" VPOS="2897" HPOS="727"/>
                  <String HEIGHT="58" WIDTH="141" VPOS="2897" HPOS="656" CONTENT="1."/>
                  <SP HEIGHT="58" WIDTH="24" VPOS="2897" HPOS="797"/>
                  <String HEIGHT="58" WIDTH="141" VPOS="2897" HPOS="727" CONTENT="Si"/>
                  <SP HEIGHT="58" WIDTH="24" VPOS="2897" HPOS="868"/>
                  <String HEIGHT="58"
                          WIDTH="188"
                          VPOS="2897"
                          HPOS="797"
                          CONTENT="ista"/>
                  <SP HEIGHT="58" WIDTH="24" VPOS="2897" HPOS="986"/>
                  <String HEIGHT="58"
                          WIDTH="165"
                          VPOS="2897"
                          HPOS="915"
                          CONTENT="est"/>
                  <SP HEIGHT="58" WIDTH="24" VPOS="2897" HPOS="1080"/>
                  <String HEIGHT="58"
                          WIDTH="212"
                          VPOS="2897"
                          HPOS="1009"
                          CONTENT="vera,"/>
                  <SP HEIGHT="58" WIDTH="24" VPOS="2897" HPOS="1221"/>
                  <String HEIGHT="58"
                          WIDTH="141"
                          VPOS="2897"
                          HPOS="1127"
                          CONTENT="quod"/>
               </TextLine>
               <TextLine ID="tl_38"
                         BASELINE="258,3016 447,3018 681,3016 906,3017 1128,3016 1271,3017"
                         HEIGHT="47"
                         WIDTH="1013"
                         VPOS="2976"
                         HPOS="258">
                  <String HEIGHT="47"
                          WIDTH="320"
                          VPOS="2976"
                          HPOS="231"
                          CONTENT="materiae"/>
                  <SP HEIGHT="47" WIDTH="27" VPOS="2976" HPOS="551"/>
                  <String HEIGHT="47"
                          WIDTH="320"
                          VPOS="2976"
                          HPOS="471"
                          CONTENT="alterius"/>
                  <SP HEIGHT="47" WIDTH="27" VPOS="2976" HPOS="791"/>
                  <String HEIGHT="47"
                          WIDTH="320"
                          VPOS="2976"
                          HPOS="711"
                          CONTENT="rationis"/>
                  <SP HEIGHT="47" WIDTH="27" VPOS="2976" HPOS="1031"/>
                  <String HEIGHT="47"
                          WIDTH="267"
                          VPOS="2976"
                          HPOS="951"
                          CONTENT="tantum"/>
                  <SP HEIGHT="47" WIDTH="27" VPOS="2976" HPOS="1218"/>
                  <String HEIGHT="47"
                          WIDTH="160"
                          VPOS="2976"
                          HPOS="1111"
                          CONTENT="sint"/>
               </TextLine>
               <TextLine ID="tl_39"
                         BASELINE="259,3093 486,3095 776,3094 1006,3094 1264,3103"
                         HEIGHT="61"
                         WIDTH="1005"
                         VPOS="3050"
                         HPOS="259">
                  <String HEIGHT="61"
                          WIDTH="370"
                          VPOS="3050"
                          HPOS="233"
                          CONTENT="receptivae"/>
                  <SP HEIGHT="61" WIDTH="26" VPOS="3050" HPOS="603"/>
                  <String HEIGHT="61"
                          WIDTH="317"
                          VPOS="3050"
                          HPOS="523"
                          CONTENT="formarum"/>
                  <SP HEIGHT="61" WIDTH="26" VPOS="3050" HPOS="841"/>
                  <String HEIGHT="61"
                          WIDTH="317"
                          VPOS="3050"
                          HPOS="762"
                          CONTENT="alterius"/>
                  <SP HEIGHT="61" WIDTH="26" VPOS="3050" HPOS="1079"/>
                  <String HEIGHT="61"
                          WIDTH="291"
                          VPOS="3050"
                          HPOS="973"
                          CONTENT="rationis,"/>
               </TextLine>
               <TextLine ID="tl_40"
                         BASELINE="259,3170 356,3171 542,3172 750,3171 815,3170 1000,3170 1269,3169"
                         HEIGHT="60"
                         WIDTH="1010"
                         VPOS="3127"
                         HPOS="259">
                  <String HEIGHT="60"
                          WIDTH="191"
                          VPOS="3127"
                          HPOS="232"
                          CONTENT="cum"/>
                  <SP HEIGHT="60" WIDTH="27" VPOS="3127" HPOS="423"/>
                  <String HEIGHT="60"
                          WIDTH="273"
                          VPOS="3127"
                          HPOS="341"
                          CONTENT="corpus"/>
                  <SP HEIGHT="60" WIDTH="27" VPOS="3127" HPOS="614"/>
                  <String HEIGHT="60"
                          WIDTH="328"
                          VPOS="3127"
                          HPOS="532"
                          CONTENT="coeleste"/>
                  <SP HEIGHT="60" WIDTH="27" VPOS="3127" HPOS="860"/>
                  <String HEIGHT="60" WIDTH="164" VPOS="3127" HPOS="778" CONTENT="et"/>
                  <SP HEIGHT="60" WIDTH="27" VPOS="3127" HPOS="941"/>
                  <String HEIGHT="60"
                          WIDTH="273"
                          VPOS="3127"
                          HPOS="860"
                          CONTENT="corpus"/>
                  <SP HEIGHT="60" WIDTH="27" VPOS="3127" HPOS="1133"/>
                  <String HEIGHT="60"
                          WIDTH="246"
                          VPOS="3127"
                          HPOS="1023"
                          CONTENT="humanum"/>
               </TextLine>
               <TextLine ID="tl_41"
                         BASELINE="254,3246 339,3247 543,3248 760,3255 837,3246 1007,3255 1146,3248 1268,3235"
                         HEIGHT="58"
                         WIDTH="1015"
                         VPOS="3202"
                         HPOS="254">
                  <String HEIGHT="58"
                          WIDTH="189"
                          VPOS="3202"
                          HPOS="230"
                          CONTENT="sint"/>
                  <SP HEIGHT="58" WIDTH="24" VPOS="3202" HPOS="419"/>
                  <String HEIGHT="58"
                          WIDTH="283"
                          VPOS="3202"
                          HPOS="348"
                          CONTENT="alterius"/>
                  <SP HEIGHT="58" WIDTH="24" VPOS="3202" HPOS="632"/>
                  <String HEIGHT="58"
                          WIDTH="307"
                          VPOS="3202"
                          HPOS="561"
                          CONTENT="rationis,"/>
                  <SP HEIGHT="58" WIDTH="24" VPOS="3202" HPOS="868"/>
                  <String HEIGHT="58" WIDTH="142" VPOS="3202" HPOS="797" CONTENT="ut"/>
                  <SP HEIGHT="58" WIDTH="24" VPOS="3202" HPOS="939"/>
                  <String HEIGHT="58"
                          WIDTH="236"
                          VPOS="3202"
                          HPOS="868"
                          CONTENT="patet;"/>
                  <SP HEIGHT="58" WIDTH="24" VPOS="3202" HPOS="1104"/>
                  <String HEIGHT="58"
                          WIDTH="189"
                          VPOS="3202"
                          HPOS="1033"
                          CONTENT="ergo"/>
                  <SP HEIGHT="58" WIDTH="24" VPOS="3202" HPOS="1222"/>
                  <String HEIGHT="58"
                          WIDTH="142"
                          VPOS="3202"
                          HPOS="1127"
                          CONTENT="ani¬"
                          SUBS_TYPE="HypPart1"
                          SUBS_CONTENT="anima"/>
                  <HYP CONTENT="-"/>
               </TextLine>
               <TextLine ID="tl_42"
                         BASELINE="254,3323 322,3324 600,3324 866,3322 1052,3323 1266,3325"
                         HEIGHT="54"
                         WIDTH="1012"
                         VPOS="3281"
                         HPOS="254">
                  <String HEIGHT="54"
                          WIDTH="148"
                          VPOS="3281"
                          HPOS="229"
                          CONTENT="ma"
                          SUBS_TYPE="HypPart2"
                          SUBS_CONTENT="anima"/>
                  <SP HEIGHT="54" WIDTH="25" VPOS="3281" HPOS="377"/>
                  <String HEIGHT="54"
                          WIDTH="395"
                          VPOS="3281"
                          HPOS="303"
                          CONTENT="intellectiva"/>
                  <SP HEIGHT="54" WIDTH="25" VPOS="3281" HPOS="698"/>
                  <String HEIGHT="54"
                          WIDTH="321"
                          VPOS="3281"
                          HPOS="624"
                          CONTENT="informans"/>
                  <SP HEIGHT="54" WIDTH="25" VPOS="3281" HPOS="945"/>
                  <String HEIGHT="54"
                          WIDTH="247"
                          VPOS="3281"
                          HPOS="871"
                          CONTENT="corpus"/>
                  <SP HEIGHT="54" WIDTH="25" VPOS="3281" HPOS="1118"/>
                  <String HEIGHT="54"
                          WIDTH="247"
                          VPOS="3281"
                          HPOS="1019"
                          CONTENT="coeleste"/>
               </TextLine>
               <TextLine ID="tl_43"
                         BASELINE="257,3400 299,3400 484,3399 771,3400 984,3400 1262,3401"
                         HEIGHT="54"
                         WIDTH="1005"
                         VPOS="3358"
                         HPOS="257">
                  <String HEIGHT="54" WIDTH="183" VPOS="3358" HPOS="227" CONTENT="et"/>
                  <SP HEIGHT="54" WIDTH="30" VPOS="3358" HPOS="409"/>
                  <String HEIGHT="54"
                          WIDTH="274"
                          VPOS="3358"
                          HPOS="318"
                          CONTENT="anima"/>
                  <SP HEIGHT="54" WIDTH="30" VPOS="3358" HPOS="592"/>
                  <String HEIGHT="54"
                          WIDTH="396"
                          VPOS="3358"
                          HPOS="501"
                          CONTENT="informans"/>
                  <SP HEIGHT="54" WIDTH="30" VPOS="3358" HPOS="897"/>
                  <String HEIGHT="54"
                          WIDTH="305"
                          VPOS="3358"
                          HPOS="805"
                          CONTENT="corpus"/>
                  <SP HEIGHT="54" WIDTH="30" VPOS="3358" HPOS="1110"/>
                  <String HEIGHT="54"
                          WIDTH="274"
                          VPOS="3358"
                          HPOS="988"
                          CONTENT="humanum"/>
               </TextLine>
               <TextLine ID="tl_44"
                         BASELINE="250,3477 377,3477 578,3478 802,3485 914,3477 998,3477 1112,3479 1262,3488"
                         HEIGHT="54"
                         WIDTH="1012"
                         VPOS="3434"
                         HPOS="250">
                  <String HEIGHT="54"
                          WIDTH="217"
                          VPOS="3434"
                          HPOS="226"
                          CONTENT="erunt"/>
                  <SP HEIGHT="54" WIDTH="24" VPOS="3434" HPOS="443"/>
                  <String HEIGHT="54"
                          WIDTH="289"
                          VPOS="3434"
                          HPOS="370"
                          CONTENT="alterius"/>
                  <SP HEIGHT="54" WIDTH="24" VPOS="3434" HPOS="660"/>
                  <String HEIGHT="54"
                          WIDTH="313"
                          VPOS="3434"
                          HPOS="587"
                          CONTENT="rationis,"/>
                  <SP HEIGHT="54" WIDTH="24" VPOS="3434" HPOS="901"/>
                  <String HEIGHT="54"
                          WIDTH="169"
                          VPOS="3434"
                          HPOS="828"
                          CONTENT="sed"/>
                  <SP HEIGHT="54" WIDTH="24" VPOS="3434" HPOS="997"/>
                  <String HEIGHT="54" WIDTH="145" VPOS="3434" HPOS="925" CONTENT="de"/>
                  <SP HEIGHT="54" WIDTH="24" VPOS="3434" HPOS="1069"/>
                  <String HEIGHT="54"
                          WIDTH="169"
                          VPOS="3434"
                          HPOS="997"
                          CONTENT="hoc"/>
                  <SP HEIGHT="54" WIDTH="24" VPOS="3434" HPOS="1166"/>
                  <String HEIGHT="54"
                          WIDTH="193"
                          VPOS="3434"
                          HPOS="1069"
                          CONTENT="alias,"/>
               </TextLine>
               <TextLine ID="tl_45"
                         BASELINE="257,3567 356,3555 480,3554 584,3554 832,3554 1182,3557"
                         HEIGHT="59"
                         WIDTH="925"
                         VPOS="3512"
                         HPOS="257">
                  <String HEIGHT="59"
                          WIDTH="195"
                          VPOS="3512"
                          HPOS="233"
                          CONTENT="quia"/>
                  <SP HEIGHT="59" WIDTH="24" VPOS="3512" HPOS="427"/>
                  <String HEIGHT="59"
                          WIDTH="170"
                          VPOS="3512"
                          HPOS="354"
                          CONTENT="non"/>
                  <SP HEIGHT="59" WIDTH="24" VPOS="3512" HPOS="525"/>
                  <String HEIGHT="59"
                          WIDTH="170"
                          VPOS="3512"
                          HPOS="452"
                          CONTENT="est"/>
                  <SP HEIGHT="59" WIDTH="24" VPOS="3512" HPOS="622"/>
                  <String HEIGHT="59"
                          WIDTH="341"
                          VPOS="3512"
                          HPOS="549"
                          CONTENT="praesentis"/>
                  <SP HEIGHT="59" WIDTH="24" VPOS="3512" HPOS="890"/>
                  <String HEIGHT="59"
                          WIDTH="389"
                          VPOS="3512"
                          HPOS="793"
                          CONTENT="speculationis."/>
               </TextLine>
               <TextLine ID="tl_46"
                         BASELINE="281,3589 375,3631 630,3633 845,3630 958,3632 1227,3634 1260,3635"
                         HEIGHT="65"
                         WIDTH="980"
                         VPOS="3580"
                         HPOS="280">
                  <String HEIGHT="65"
                          WIDTH="191"
                          VPOS="3580"
                          HPOS="256"
                          CONTENT="'His"/>
                  <SP HEIGHT="65" WIDTH="24" VPOS="3580" HPOS="447"/>
                  <String HEIGHT="65"
                          WIDTH="335"
                          VPOS="3580"
                          HPOS="376"
                          CONTENT="declaratis"/>
                  <SP HEIGHT="65" WIDTH="24" VPOS="3580" HPOS="710"/>
                  <String HEIGHT="65"
                          WIDTH="263"
                          VPOS="3580"
                          HPOS="639"
                          CONTENT="negatur"/>
                  <SP HEIGHT="65" WIDTH="24" VPOS="3580" HPOS="901"/>
                  <String HEIGHT="65"
                          WIDTH="191"
                          VPOS="3580"
                          HPOS="830"
                          CONTENT="ista"/>
                  <SP HEIGHT="65" WIDTH="24" VPOS="3580" HPOS="1021"/>
                  <String HEIGHT="65"
                          WIDTH="335"
                          VPOS="3580"
                          HPOS="949"
                          CONTENT="propositio"/>
                  <SP HEIGHT="65" WIDTH="24" VPOS="3580" HPOS="1284"/>
                  <String HEIGHT="65" WIDTH="72" VPOS="3580" HPOS="1188" CONTENT="."/>
               </TextLine>
            </TextBlock>
            <TextBlock ID="TextRegion_1616370167904_2868"
                       HEIGHT="3320"
                       WIDTH="1040"
                       VPOS="336"
                       HPOS="1335">
               <Shape>
                  <Polygon POINTS="1355,336 2375,336 2375,1221 2373,3656 1335,3656 1335,1241"/>
               </Shape>
               <TextLine ID="tl_47"
                         BASELINE="1362,375 1550,376 1767,378 1977,380 2101,378 2291,378 2372,380"
                         HEIGHT="54"
                         WIDTH="1010"
                         VPOS="337"
                         HPOS="1362">
                  <String HEIGHT="54"
                          WIDTH="303"
                          VPOS="337"
                          HPOS="1337"
                          CONTENT="Materiae"/>
                  <SP HEIGHT="54" WIDTH="25" VPOS="337" HPOS="1640"/>
                  <String HEIGHT="54"
                          WIDTH="278"
                          VPOS="337"
                          HPOS="1564"
                          CONTENT="ejusdem"/>
                  <SP HEIGHT="54" WIDTH="25" VPOS="337" HPOS="1842"/>
                  <String HEIGHT="54"
                          WIDTH="303"
                          VPOS="337"
                          HPOS="1766"
                          CONTENT="rationis"/>
                  <SP HEIGHT="54" WIDTH="25" VPOS="337" HPOS="2069"/>
                  <String HEIGHT="54"
                          WIDTH="202"
                          VPOS="337"
                          HPOS="1993"
                          CONTENT="sunt"/>
                  <SP HEIGHT="54" WIDTH="25" VPOS="337" HPOS="2195"/>
                  <String HEIGHT="54"
                          WIDTH="253"
                          VPOS="337"
                          HPOS="2120"
                          CONTENT="tantum"/>
                  <SP HEIGHT="54" WIDTH="25" VPOS="337" HPOS="2372"/>
                  <String HEIGHT="54" WIDTH="101" VPOS="337" HPOS="2271" CONTENT="ab"/>
               </TextLine>
               <TextLine ID="tl_48"
                         BASELINE="1365,450 1510,451 1757,453 1830,454 2157,455 2373,456"
                         HEIGHT="55"
                         WIDTH="1008"
                         VPOS="414"
                         HPOS="1365">
                  <String HEIGHT="55"
                          WIDTH="280"
                          VPOS="414"
                          HPOS="1337"
                          CONTENT="agente"/>
                  <SP HEIGHT="55" WIDTH="28" VPOS="414" HPOS="1617"/>
                  <String HEIGHT="55"
                          WIDTH="308"
                          VPOS="414"
                          HPOS="1533"
                          CONTENT="ejusdem"/>
                  <SP HEIGHT="55" WIDTH="28" VPOS="414" HPOS="1841"/>
                  <String HEIGHT="55"
                          WIDTH="364"
                          VPOS="414"
                          HPOS="1757"
                          CONTENT="rationis,"/>
                  <SP HEIGHT="55" WIDTH="28" VPOS="414" HPOS="2121"/>
                  <String HEIGHT="55"
                          WIDTH="224"
                          VPOS="414"
                          HPOS="2037"
                          CONTENT="quia"/>
                  <SP HEIGHT="55" WIDTH="28" VPOS="414" HPOS="2261"/>
                  <String HEIGHT="55"
                          WIDTH="224"
                          VPOS="414"
                          HPOS="2149"
                          CONTENT="corpus"/>
               </TextLine>
               <TextLine ID="tl_49"
                         BASELINE="1362,526 1488,527 1641,529 1805,531 1930,531 2021,532 2211,532 2373,520"
                         HEIGHT="58"
                         WIDTH="1011"
                         VPOS="487"
                         HPOS="1362">
                  <String HEIGHT="58"
                          WIDTH="227"
                          VPOS="487"
                          HPOS="1337"
                          CONTENT="unius"/>
                  <SP HEIGHT="58" WIDTH="25" VPOS="487" HPOS="1564"/>
                  <String HEIGHT="58"
                          WIDTH="227"
                          VPOS="487"
                          HPOS="1488"
                          CONTENT="muris"/>
                  <SP HEIGHT="58" WIDTH="25" VPOS="487" HPOS="1716"/>
                  <String HEIGHT="58"
                          WIDTH="253"
                          VPOS="487"
                          HPOS="1640"
                          CONTENT="potest"/>
                  <SP HEIGHT="58" WIDTH="25" VPOS="487" HPOS="1893"/>
                  <String HEIGHT="58"
                          WIDTH="202"
                          VPOS="487"
                          HPOS="1817"
                          CONTENT="esse"/>
                  <SP HEIGHT="58" WIDTH="25" VPOS="487" HPOS="2019"/>
                  <String HEIGHT="58" WIDTH="152" VPOS="487" HPOS="1943" CONTENT="ab"/>
                  <SP HEIGHT="58" WIDTH="25" VPOS="487" HPOS="2095"/>
                  <String HEIGHT="58"
                          WIDTH="253"
                          VPOS="487"
                          HPOS="2019"
                          CONTENT="agente"/>
                  <SP HEIGHT="58" WIDTH="25" VPOS="487" HPOS="2272"/>
                  <String HEIGHT="58"
                          WIDTH="202"
                          VPOS="487"
                          HPOS="2171"
                          CONTENT="aequi-"
                          SUBS_TYPE="HypPart1"
                          SUBS_CONTENT="aequivoco"/>
                  <HYP CONTENT="-"/>
               </TextLine>
               <TextLine ID="tl_50"
                         BASELINE="1361,600 1468,601 1586,602 1994,615 2076,606 2273,606 2372,595"
                         HEIGHT="56"
                         WIDTH="1011"
                         VPOS="562"
                         HPOS="1361">
                  <String HEIGHT="56"
                          WIDTH="213"
                          VPOS="562"
                          HPOS="1334"
                          CONTENT="voco"
                          SUBS_TYPE="HypPart2"
                          SUBS_CONTENT="aequivoco"/>
                  <SP HEIGHT="56" WIDTH="27" VPOS="562" HPOS="1547"/>
                  <String HEIGHT="56"
                          WIDTH="186"
                          VPOS="562"
                          HPOS="1467"
                          CONTENT="per"/>
                  <SP HEIGHT="56" WIDTH="27" VPOS="562" HPOS="1654"/>
                  <String HEIGHT="56"
                          WIDTH="506"
                          VPOS="562"
                          HPOS="1574"
                          CONTENT="putrefactionem,"/>
                  <SP HEIGHT="56" WIDTH="27" VPOS="562" HPOS="2079"/>
                  <String HEIGHT="56" WIDTH="160" VPOS="562" HPOS="2000" CONTENT="et"/>
                  <SP HEIGHT="56" WIDTH="27" VPOS="562" HPOS="2159"/>
                  <String HEIGHT="56"
                          WIDTH="266"
                          VPOS="562"
                          HPOS="2079"
                          CONTENT="corpus"/>
                  <SP HEIGHT="56" WIDTH="27" VPOS="562" HPOS="2345"/>
                  <String HEIGHT="56"
                          WIDTH="133"
                          VPOS="562"
                          HPOS="2239"
                          CONTENT="al¬"
                          SUBS_TYPE="HypPart1"
                          SUBS_CONTENT="alterius"/>
                  <HYP CONTENT="-"/>
               </TextLine>
               <TextLine ID="tl_51"
                         BASELINE="1363,675 1494,676 1660,678 1831,681 1956,682 2046,683 2246,682 2373,672"
                         HEIGHT="57"
                         WIDTH="1010"
                         VPOS="638"
                         HPOS="1363">
                  <String HEIGHT="57"
                          WIDTH="259"
                          VPOS="638"
                          HPOS="1337"
                          CONTENT="terius"
                          SUBS_TYPE="HypPart2"
                          SUBS_CONTENT="alterius"/>
                  <SP HEIGHT="57" WIDTH="26" VPOS="638" HPOS="1596"/>
                  <String HEIGHT="57"
                          WIDTH="233"
                          VPOS="638"
                          HPOS="1518"
                          CONTENT="muris"/>
                  <SP HEIGHT="57" WIDTH="26" VPOS="638" HPOS="1751"/>
                  <String HEIGHT="57"
                          WIDTH="259"
                          VPOS="638"
                          HPOS="1674"
                          CONTENT="potest"/>
                  <SP HEIGHT="57" WIDTH="26" VPOS="638" HPOS="1933"/>
                  <String HEIGHT="57"
                          WIDTH="207"
                          VPOS="638"
                          HPOS="1855"
                          CONTENT="esse"/>
                  <SP HEIGHT="57" WIDTH="26" VPOS="638" HPOS="2062"/>
                  <String HEIGHT="57" WIDTH="155" VPOS="638" HPOS="1985" CONTENT="ab"/>
                  <SP HEIGHT="57" WIDTH="26" VPOS="638" HPOS="2140"/>
                  <String HEIGHT="57"
                          WIDTH="259"
                          VPOS="638"
                          HPOS="2062"
                          CONTENT="agente"/>
                  <SP HEIGHT="57" WIDTH="26" VPOS="638" HPOS="2321"/>
                  <String HEIGHT="57"
                          WIDTH="155"
                          VPOS="638"
                          HPOS="2218"
                          CONTENT="uni¬"
                          SUBS_TYPE="HypPart1"
                          SUBS_CONTENT="univoco"/>
                  <HYP CONTENT="-"/>
               </TextLine>
               <TextLine ID="tl_52"
                         BASELINE="1360,751 1466,752 1569,753 1970,767 2044,756 2133,756 2239,757 2374,757"
                         HEIGHT="57"
                         WIDTH="1014"
                         VPOS="714"
                         HPOS="1360">
                  <String HEIGHT="57"
                          WIDTH="203"
                          VPOS="714"
                          HPOS="1335"
                          CONTENT="voco"
                          SUBS_TYPE="HypPart2"
                          SUBS_CONTENT="univoco"/>
                  <SP HEIGHT="57" WIDTH="25" VPOS="714" HPOS="1537"/>
                  <String HEIGHT="57"
                          WIDTH="177"
                          VPOS="714"
                          HPOS="1461"
                          CONTENT="per"/>
                  <SP HEIGHT="57" WIDTH="25" VPOS="714" HPOS="1639"/>
                  <String HEIGHT="57"
                          WIDTH="456"
                          VPOS="714"
                          HPOS="1563"
                          CONTENT="propagationem,"/>
                  <SP HEIGHT="57" WIDTH="25" VPOS="714" HPOS="2019"/>
                  <String HEIGHT="57" WIDTH="152" VPOS="714" HPOS="1943" CONTENT="et"/>
                  <SP HEIGHT="57" WIDTH="25" VPOS="714" HPOS="2095"/>
                  <String HEIGHT="57"
                          WIDTH="177"
                          VPOS="714"
                          HPOS="2019"
                          CONTENT="sic"/>
                  <SP HEIGHT="57" WIDTH="25" VPOS="714" HPOS="2197"/>
                  <String HEIGHT="57"
                          WIDTH="177"
                          VPOS="714"
                          HPOS="2121"
                          CONTENT="per"/>
                  <SP HEIGHT="57" WIDTH="25" VPOS="714" HPOS="2298"/>
                  <String HEIGHT="57"
                          WIDTH="177"
                          VPOS="714"
                          HPOS="2197"
                          CONTENT="illam"/>
               </TextLine>
               <TextLine ID="tl_53"
                         BASELINE="1358,837 1698,829 1942,840 2153,840 2373,833"
                         HEIGHT="54"
                         WIDTH="1015"
                         VPOS="789"
                         HPOS="1358">
                  <String HEIGHT="54"
                          WIDTH="411"
                          VPOS="789"
                          HPOS="1334"
                          CONTENT="propositionem"/>
                  <SP HEIGHT="54" WIDTH="24" VPOS="789" HPOS="1745"/>
                  <String HEIGHT="54"
                          WIDTH="314"
                          VPOS="789"
                          HPOS="1672"
                          CONTENT="Averrois,"/>
                  <SP HEIGHT="54" WIDTH="24" VPOS="789" HPOS="1986"/>
                  <String HEIGHT="54"
                          WIDTH="314"
                          VPOS="789"
                          HPOS="1914"
                          CONTENT="scilicet,"/>
                  <SP HEIGHT="54" WIDTH="24" VPOS="789" HPOS="2228"/>
                  <String HEIGHT="54"
                          WIDTH="242"
                          VPOS="789"
                          HPOS="2131"
                          CONTENT="materiae"/>
               </TextLine>
               <TextLine ID="tl_54"
                         BASELINE="1360,901 1535,903 1739,906 1872,907 1971,908 2227,908 2372,898"
                         HEIGHT="59"
                         WIDTH="1012"
                         VPOS="864"
                         HPOS="1360">
                  <String HEIGHT="59"
                          WIDTH="296"
                          VPOS="864"
                          HPOS="1335"
                          CONTENT="alterius"/>
                  <SP HEIGHT="59" WIDTH="25" VPOS="864" HPOS="1632"/>
                  <String HEIGHT="59"
                          WIDTH="296"
                          VPOS="864"
                          HPOS="1557"
                          CONTENT="rationis"/>
                  <SP HEIGHT="59" WIDTH="25" VPOS="864" HPOS="1854"/>
                  <String HEIGHT="59"
                          WIDTH="197"
                          VPOS="864"
                          HPOS="1780"
                          CONTENT="sunt"/>
                  <SP HEIGHT="59" WIDTH="25" VPOS="864" HPOS="1977"/>
                  <String HEIGHT="59" WIDTH="148" VPOS="864" HPOS="1903" CONTENT="ab"/>
                  <SP HEIGHT="59" WIDTH="25" VPOS="864" HPOS="2051"/>
                  <String HEIGHT="59"
                          WIDTH="321"
                          VPOS="864"
                          HPOS="1977"
                          CONTENT="agentibus"/>
                  <SP HEIGHT="59" WIDTH="25" VPOS="864" HPOS="2298"/>
                  <String HEIGHT="59"
                          WIDTH="173"
                          VPOS="864"
                          HPOS="2199"
                          CONTENT="alte¬"
                          SUBS_TYPE="HypPart1"
                          SUBS_CONTENT="alterius"/>
                  <HYP CONTENT="-"/>
               </TextLine>
               <TextLine ID="tl_55"
                         BASELINE="1357,978 1443,979 1673,992 1829,985 1914,984 2137,984 2369,985"
                         HEIGHT="59"
                         WIDTH="1012"
                         VPOS="940"
                         HPOS="1357">
                  <String HEIGHT="59"
                          WIDTH="208"
                          VPOS="940"
                          HPOS="1331"
                          CONTENT="rius"
                          SUBS_TYPE="HypPart2"
                          SUBS_CONTENT="alterius"/>
                  <SP HEIGHT="59" WIDTH="26" VPOS="940" HPOS="1539"/>
                  <String HEIGHT="59"
                          WIDTH="337"
                          VPOS="940"
                          HPOS="1461"
                          CONTENT="rationis;"/>
                  <SP HEIGHT="59" WIDTH="26" VPOS="940" HPOS="1798"/>
                  <String HEIGHT="59"
                          WIDTH="208"
                          VPOS="940"
                          HPOS="1720"
                          CONTENT="ergo"/>
                  <SP HEIGHT="59" WIDTH="26" VPOS="940" HPOS="1928"/>
                  <String HEIGHT="59" WIDTH="156" VPOS="940" HPOS="1850" CONTENT="et"/>
                  <SP HEIGHT="59" WIDTH="26" VPOS="940" HPOS="2006"/>
                  <String HEIGHT="59"
                          WIDTH="311"
                          VPOS="940"
                          HPOS="1928"
                          CONTENT="materiae"/>
                  <SP HEIGHT="59" WIDTH="26" VPOS="940" HPOS="2239"/>
                  <String HEIGHT="59"
                          WIDTH="234"
                          VPOS="940"
                          HPOS="2135"
                          CONTENT="ejusdem"/>
               </TextLine>
               <TextLine ID="tl_56"
                         BASELINE="1356,1054 1533,1056 1677,1059 1766,1060 2031,1061 2262,1061 2372,1053"
                         HEIGHT="59"
                         WIDTH="1016"
                         VPOS="1016"
                         HPOS="1356">
                  <String HEIGHT="59"
                          WIDTH="321"
                          VPOS="1016"
                          HPOS="1329"
                          CONTENT="rationis"/>
                  <SP HEIGHT="59" WIDTH="27" VPOS="1016" HPOS="1650"/>
                  <String HEIGHT="59"
                          WIDTH="214"
                          VPOS="1016"
                          HPOS="1570"
                          CONTENT="sunt"/>
                  <SP HEIGHT="59" WIDTH="27" VPOS="1016" HPOS="1784"/>
                  <String HEIGHT="59"
                          WIDTH="160"
                          VPOS="1016"
                          HPOS="1704"
                          CONTENT="ab"/>
                  <SP HEIGHT="59" WIDTH="27" VPOS="1016" HPOS="1864"/>
                  <String HEIGHT="59"
                          WIDTH="348"
                          VPOS="1016"
                          HPOS="1784"
                          CONTENT="agentibus"/>
                  <SP HEIGHT="59" WIDTH="27" VPOS="1016" HPOS="2131"/>
                  <String HEIGHT="59"
                          WIDTH="294"
                          VPOS="1016"
                          HPOS="2051"
                          CONTENT="ejusdem"/>
                  <SP HEIGHT="59" WIDTH="27" VPOS="1016" HPOS="2345"/>
                  <String HEIGHT="59"
                          WIDTH="134"
                          VPOS="1016"
                          HPOS="2238"
                          CONTENT="ra¬"
                          SUBS_TYPE="HypPart1"
                          SUBS_CONTENT="rationis,"/>
                  <HYP CONTENT="-"/>
               </TextLine>
               <TextLine ID="tl_57"
                         BASELINE="1359,1131 1499,1140 1615,1133 1836,1136 1909,1136 2066,1138 2182,1138 2372,1128"
                         HEIGHT="59"
                         WIDTH="1014"
                         VPOS="1093"
                         HPOS="1358">
                  <String HEIGHT="59"
                          WIDTH="286"
                          VPOS="1093"
                          HPOS="1332"
                          CONTENT="tionis,"
                          SUBS_TYPE="HypPart2"
                          SUBS_CONTENT="rationis,"/>
                  <SP HEIGHT="59" WIDTH="26" VPOS="1093" HPOS="1618"/>
                  <String HEIGHT="59"
                          WIDTH="182"
                          VPOS="1093"
                          HPOS="1540"
                          CONTENT="non"/>
                  <SP HEIGHT="59" WIDTH="26" VPOS="1093" HPOS="1722"/>
                  <String HEIGHT="59"
                          WIDTH="312"
                          VPOS="1093"
                          HPOS="1644"
                          CONTENT="sequitur"/>
                  <SP HEIGHT="59" WIDTH="26" VPOS="1093" HPOS="1956"/>
                  <String HEIGHT="59"
                          WIDTH="156"
                          VPOS="1093"
                          HPOS="1878"
                          CONTENT="ut"/>
                  <SP HEIGHT="59" WIDTH="26" VPOS="1093" HPOS="2034"/>
                  <String HEIGHT="59"
                          WIDTH="234"
                          VPOS="1093"
                          HPOS="1956"
                          CONTENT="patet"/>
                  <SP HEIGHT="59" WIDTH="26" VPOS="1093" HPOS="2190"/>
                  <String HEIGHT="59"
                          WIDTH="182"
                          VPOS="1093"
                          HPOS="2112"
                          CONTENT="per"/>
                  <SP HEIGHT="59" WIDTH="26" VPOS="1093" HPOS="2294"/>
                  <String HEIGHT="59"
                          WIDTH="182"
                          VPOS="1093"
                          HPOS="2190"
                          CONTENT="exem¬"
                          SUBS_TYPE="HypPart1"
                          SUBS_CONTENT="exemplum"/>
                  <HYP CONTENT="-"/>
               </TextLine>
               <TextLine ID="tl_58"
                         BASELINE="1356,1219 1475,1207 1551,1209 1710,1211"
                         HEIGHT="52"
                         WIDTH="354"
                         VPOS="1168"
                         HPOS="1356">
                  <String HEIGHT="52"
                          WIDTH="218"
                          VPOS="1168"
                          HPOS="1329"
                          CONTENT="plum"
                          SUBS_TYPE="HypPart2"
                          SUBS_CONTENT="exemplum"/>
                  <SP HEIGHT="52" WIDTH="27" VPOS="1168" HPOS="1547"/>
                  <String HEIGHT="52"
                          WIDTH="163"
                          VPOS="1168"
                          HPOS="1465"
                          CONTENT="de"/>
                  <SP HEIGHT="52" WIDTH="27" VPOS="1168" HPOS="1628"/>
                  <String HEIGHT="52"
                          WIDTH="191"
                          VPOS="1168"
                          HPOS="1519"
                          CONTENT="mure."/>
               </TextLine>
               <TextLine ID="tl_59"
                         BASELINE="1408,1296 1456,1296 1734,1286 2059,1288 2276,1289 2372,1290"
                         HEIGHT="61"
                         WIDTH="964"
                         VPOS="1242"
                         HPOS="1408">
                  <String HEIGHT="61"
                          WIDTH="187"
                          VPOS="1242"
                          HPOS="1381"
                          CONTENT="(f)"/>
                  <SP HEIGHT="61" WIDTH="27" VPOS="1242" HPOS="1569"/>
                  <String HEIGHT="61"
                          WIDTH="321"
                          VPOS="1242"
                          HPOS="1488"
                          CONTENT="Secundum"/>
                  <SP HEIGHT="61" WIDTH="27" VPOS="1242" HPOS="1810"/>
                  <String HEIGHT="61"
                          WIDTH="375"
                          VPOS="1242"
                          HPOS="1729"
                          CONTENT="argumentum"/>
                  <SP HEIGHT="61" WIDTH="27" VPOS="1242" HPOS="2104"/>
                  <String HEIGHT="61"
                          WIDTH="321"
                          VPOS="1242"
                          HPOS="2024"
                          CONTENT="Averrois"/>
                  <SP HEIGHT="61" WIDTH="27" VPOS="1242" HPOS="2345"/>
                  <String HEIGHT="61"
                          WIDTH="134"
                          VPOS="1242"
                          HPOS="2238"
                          CONTENT="est"/>
               </TextLine>
               <TextLine ID="tl_60"
                         BASELINE="1354,1359 1412,1359 1456,1359 1685,1364 1917,1364 2000,1366 2222,1367 2370,1357"
                         HEIGHT="59"
                         WIDTH="1016"
                         VPOS="1320"
                         HPOS="1354">
                  <String HEIGHT="59"
                          WIDTH="178"
                          VPOS="1320"
                          HPOS="1329"
                          CONTENT="ibi"/>
                  <SP HEIGHT="59" WIDTH="25" VPOS="1320" HPOS="1506"/>
                  <String HEIGHT="59" WIDTH="127" VPOS="1320" HPOS="1430" CONTENT=":"/>
                  <SP HEIGHT="59" WIDTH="25" VPOS="1320" HPOS="1557"/>
                  <String HEIGHT="59"
                          WIDTH="279"
                          VPOS="1320"
                          HPOS="1481"
                          CONTENT="Secundo"/>
                  <SP HEIGHT="59" WIDTH="25" VPOS="1320" HPOS="1760"/>
                  <String HEIGHT="59"
                          WIDTH="305"
                          VPOS="1320"
                          HPOS="1684"
                          CONTENT="arguitur"/>
                  <SP HEIGHT="59" WIDTH="25" VPOS="1320" HPOS="1989"/>
                  <String HEIGHT="59"
                          WIDTH="152"
                          VPOS="1320"
                          HPOS="1913"
                          CONTENT="ex"/>
                  <SP HEIGHT="59" WIDTH="25" VPOS="1320" HPOS="2065"/>
                  <String HEIGHT="59"
                          WIDTH="305"
                          VPOS="1320"
                          HPOS="1989"
                          CONTENT="opposito"/>
                  <SP HEIGHT="59" WIDTH="25" VPOS="1320" HPOS="2294"/>
                  <String HEIGHT="59"
                          WIDTH="178"
                          VPOS="1320"
                          HPOS="2192"
                          CONTENT="infe¬"
                          SUBS_TYPE="HypPart1"
                          SUBS_CONTENT="inferendo"/>
                  <HYP CONTENT="-"/>
               </TextLine>
               <TextLine ID="tl_61"
                         BASELINE="1354,1434 1483,1436 1634,1438 1828,1441 2030,1443 2171,1444 2317,1442 2371,1443"
                         HEIGHT="56"
                         WIDTH="1017"
                         VPOS="1399"
                         HPOS="1354">
                  <String HEIGHT="56"
                          WIDTH="247"
                          VPOS="1399"
                          HPOS="1327"
                          CONTENT="rendo"
                          SUBS_TYPE="HypPart2"
                          SUBS_CONTENT="inferendo"/>
                  <SP HEIGHT="56" WIDTH="27" VPOS="1399" HPOS="1574"/>
                  <String HEIGHT="56"
                          WIDTH="220"
                          VPOS="1399"
                          HPOS="1491"
                          CONTENT="quod"/>
                  <SP HEIGHT="56" WIDTH="27" VPOS="1399" HPOS="1711"/>
                  <String HEIGHT="56"
                          WIDTH="247"
                          VPOS="1399"
                          HPOS="1629"
                          CONTENT="eadem"/>
                  <SP HEIGHT="56" WIDTH="27" VPOS="1399" HPOS="1876"/>
                  <String HEIGHT="56"
                          WIDTH="302"
                          VPOS="1399"
                          HPOS="1794"
                          CONTENT="species"/>
                  <SP HEIGHT="56" WIDTH="27" VPOS="1399" HPOS="2096"/>
                  <String HEIGHT="56"
                          WIDTH="220"
                          VPOS="1399"
                          HPOS="2014"
                          CONTENT="tunc"/>
                  <SP HEIGHT="56" WIDTH="27" VPOS="1399" HPOS="2234"/>
                  <String HEIGHT="56"
                          WIDTH="247"
                          VPOS="1399"
                          HPOS="2151"
                          CONTENT="esset"/>
                  <SP HEIGHT="56" WIDTH="27" VPOS="1399" HPOS="2398"/>
                  <String HEIGHT="56" WIDTH="82" VPOS="1399" HPOS="2289" CONTENT="a"/>
               </TextLine>
               <TextLine ID="tl_62"
                         BASELINE="1354,1511 1512,1512 1588,1514 1656,1514 1714,1515 1919,1516 2090,1517 2372,1518"
                         HEIGHT="58"
                         WIDTH="1018"
                         VPOS="1474"
                         HPOS="1354">
                  <String HEIGHT="58"
                          WIDTH="291"
                          VPOS="1474"
                          HPOS="1325"
                          CONTENT="natura"/>
                  <SP HEIGHT="58" WIDTH="29" VPOS="1474" HPOS="1616"/>
                  <String HEIGHT="58"
                          WIDTH="175"
                          VPOS="1474"
                          HPOS="1529"
                          CONTENT="et"/>
                  <SP HEIGHT="58" WIDTH="29" VPOS="1474" HPOS="1703"/>
                  <String HEIGHT="58" WIDTH="145" VPOS="1474" HPOS="1616" CONTENT="a"/>
                  <SP HEIGHT="58" WIDTH="29" VPOS="1474" HPOS="1761"/>
                  <String HEIGHT="58"
                          WIDTH="262"
                          VPOS="1474"
                          HPOS="1674"
                          CONTENT="casu."/>
                  <SP HEIGHT="58" WIDTH="29" VPOS="1474" HPOS="1936"/>
                  <String HEIGHT="58"
                          WIDTH="175"
                          VPOS="1474"
                          HPOS="1848"
                          CONTENT="Ad"/>
                  <SP HEIGHT="58" WIDTH="29" VPOS="1474" HPOS="2023"/>
                  <String HEIGHT="58"
                          WIDTH="233"
                          VPOS="1474"
                          HPOS="1936"
                          CONTENT="quod"/>
                  <SP HEIGHT="58" WIDTH="29" VPOS="1474" HPOS="2168"/>
                  <String HEIGHT="58"
                          WIDTH="320"
                          VPOS="1474"
                          HPOS="2052"
                          CONTENT="respondet"/>
               </TextLine>
               <TextLine ID="tl_63"
                         BASELINE="1354,1585 1513,1586 1609,1588 1658,1589 1753,1591 2008,1592 2086,1594 2253,1593 2367,1584"
                         HEIGHT="49"
                         WIDTH="1014"
                         VPOS="1547"
                         HPOS="1354">
                  <String HEIGHT="49"
                          WIDTH="274"
                          VPOS="1547"
                          HPOS="1327"
                          CONTENT="Doctor"/>
                  <SP HEIGHT="49" WIDTH="27" VPOS="1547" HPOS="1601"/>
                  <String HEIGHT="49"
                          WIDTH="192"
                          VPOS="1547"
                          HPOS="1518"
                          CONTENT="ibi"/>
                  <SP HEIGHT="49" WIDTH="27" VPOS="1547" HPOS="1710"/>
                  <String HEIGHT="49" WIDTH="137" VPOS="1547" HPOS="1628" CONTENT=":"/>
                  <SP HEIGHT="49" WIDTH="27" VPOS="1547" HPOS="1765"/>
                  <String HEIGHT="49"
                          WIDTH="164"
                          VPOS="1547"
                          HPOS="1683"
                          CONTENT="Ad"/>
                  <SP HEIGHT="49" WIDTH="27" VPOS="1547" HPOS="1847"/>
                  <String HEIGHT="49"
                          WIDTH="329"
                          VPOS="1547"
                          HPOS="1765"
                          CONTENT="secundum"/>
                  <SP HEIGHT="49" WIDTH="27" VPOS="1547" HPOS="2094"/>
                  <String HEIGHT="49"
                          WIDTH="247"
                          VPOS="1547"
                          HPOS="2012"
                          CONTENT="dico."/>
                  <SP HEIGHT="49" WIDTH="27" VPOS="1547" HPOS="2258"/>
                  <String HEIGHT="49"
                          WIDTH="164"
                          VPOS="1547"
                          HPOS="2176"
                          CONTENT="Et"/>
                  <SP HEIGHT="49" WIDTH="27" VPOS="1547" HPOS="2341"/>
                  <String HEIGHT="49"
                          WIDTH="137"
                          VPOS="1547"
                          HPOS="2231"
                          CONTENT="re¬"
                          SUBS_TYPE="HypPart1"
                          SUBS_CONTENT="responsio"/>
                  <HYP CONTENT="-"/>
               </TextLine>
               <TextLine ID="tl_64"
                         BASELINE="1352,1661 1526,1663 1645,1664 1728,1666 1874,1676 2032,1669 2166,1668 2371,1670"
                         HEIGHT="58"
                         WIDTH="1019"
                         VPOS="1624"
                         HPOS="1352">
                  <String HEIGHT="58"
                          WIDTH="303"
                          VPOS="1624"
                          HPOS="1324"
                          CONTENT="sponsio"
                          SUBS_TYPE="HypPart2"
                          SUBS_CONTENT="responsio"/>
                  <SP HEIGHT="58" WIDTH="28" VPOS="1624" HPOS="1627"/>
                  <String HEIGHT="58"
                          WIDTH="220"
                          VPOS="1624"
                          HPOS="1545"
                          CONTENT="stat"/>
                  <SP HEIGHT="58" WIDTH="28" VPOS="1624" HPOS="1765"/>
                  <String HEIGHT="58"
                          WIDTH="165"
                          VPOS="1624"
                          HPOS="1682"
                          CONTENT="in"/>
                  <SP HEIGHT="58" WIDTH="28" VPOS="1624" HPOS="1848"/>
                  <String HEIGHT="58"
                          WIDTH="220"
                          VPOS="1624"
                          HPOS="1765"
                          CONTENT="hoc,"/>
                  <SP HEIGHT="58" WIDTH="28" VPOS="1624" HPOS="1985"/>
                  <String HEIGHT="58"
                          WIDTH="220"
                          VPOS="1624"
                          HPOS="1903"
                          CONTENT="quod"/>
                  <SP HEIGHT="58" WIDTH="28" VPOS="1624" HPOS="2123"/>
                  <String HEIGHT="58"
                          WIDTH="193"
                          VPOS="1624"
                          HPOS="2041"
                          CONTENT="non"/>
                  <SP HEIGHT="58" WIDTH="28" VPOS="1624" HPOS="2233"/>
                  <String HEIGHT="58"
                          WIDTH="248"
                          VPOS="1624"
                          HPOS="2123"
                          CONTENT="dicitur"/>
               </TextLine>
               <TextLine ID="tl_65"
                         BASELINE="1354,1738 1515,1739 1635,1741 1687,1741 1824,1743 1909,1743 2021,1744 2159,1745 2237,1744 2370,1754"
                         HEIGHT="59"
                         WIDTH="1016"
                         VPOS="1699"
                         HPOS="1354">
                  <String HEIGHT="59"
                          WIDTH="266"
                          VPOS="1699"
                          HPOS="1330"
                          CONTENT="aliquid"/>
                  <SP HEIGHT="59" WIDTH="24" VPOS="1699" HPOS="1596"/>
                  <String HEIGHT="59"
                          WIDTH="218"
                          VPOS="1699"
                          HPOS="1523"
                          CONTENT="fieri"/>
                  <SP HEIGHT="59" WIDTH="24" VPOS="1699" HPOS="1741"/>
                  <String HEIGHT="59" WIDTH="121" VPOS="1699" HPOS="1668" CONTENT="a"/>
                  <SP HEIGHT="59" WIDTH="24" VPOS="1699" HPOS="1789"/>
                  <String HEIGHT="59"
                          WIDTH="194"
                          VPOS="1699"
                          HPOS="1717"
                          CONTENT="casu"/>
                  <SP HEIGHT="59" WIDTH="24" VPOS="1699" HPOS="1910"/>
                  <String HEIGHT="59"
                          WIDTH="145"
                          VPOS="1699"
                          HPOS="1838"
                          CONTENT="ex"/>
                  <SP HEIGHT="59" WIDTH="24" VPOS="1699" HPOS="1983"/>
                  <String HEIGHT="59"
                          WIDTH="169"
                          VPOS="1699"
                          HPOS="1910"
                          CONTENT="hoc"/>
                  <SP HEIGHT="59" WIDTH="24" VPOS="1699" HPOS="2080"/>
                  <String HEIGHT="59"
                          WIDTH="194"
                          VPOS="1699"
                          HPOS="2007"
                          CONTENT="quod"/>
                  <SP HEIGHT="59" WIDTH="24" VPOS="1699" HPOS="2201"/>
                  <String HEIGHT="59"
                          WIDTH="169"
                          VPOS="1699"
                          HPOS="2128"
                          CONTENT="fit"/>
                  <SP HEIGHT="59" WIDTH="24" VPOS="1699" HPOS="2297"/>
                  <String HEIGHT="59"
                          WIDTH="169"
                          VPOS="1699"
                          HPOS="2201"
                          CONTENT="raro,"/>
               </TextLine>
               <TextLine ID="tl_66"
                         BASELINE="1354,1815 1397,1814 1504,1815 1624,1817 1681,1817 1814,1819 1900,1819 2009,1820 2161,1821 2239,1821 2307,1821 2370,1822"
                         HEIGHT="58"
                         WIDTH="1016"
                         VPOS="1776"
                         HPOS="1354">
                  <String HEIGHT="58"
                          WIDTH="149"
                          VPOS="1776"
                          HPOS="1329"
                          CONTENT="et"/>
                  <SP HEIGHT="58" WIDTH="25" VPOS="1776" HPOS="1478"/>
                  <String HEIGHT="58"
                          WIDTH="173"
                          VPOS="1776"
                          HPOS="1404"
                          CONTENT="non"/>
                  <SP HEIGHT="58" WIDTH="25" VPOS="1776" HPOS="1577"/>
                  <String HEIGHT="58"
                          WIDTH="223"
                          VPOS="1776"
                          HPOS="1503"
                          CONTENT="fieri"/>
                  <SP HEIGHT="58" WIDTH="25" VPOS="1776" HPOS="1726"/>
                  <String HEIGHT="58" WIDTH="124" VPOS="1776" HPOS="1651" CONTENT="a"/>
                  <SP HEIGHT="58" WIDTH="25" VPOS="1776" HPOS="1775"/>
                  <String HEIGHT="58"
                          WIDTH="198"
                          VPOS="1776"
                          HPOS="1701"
                          CONTENT="casu"/>
                  <SP HEIGHT="58" WIDTH="25" VPOS="1776" HPOS="1899"/>
                  <String HEIGHT="58"
                          WIDTH="149"
                          VPOS="1776"
                          HPOS="1825"
                          CONTENT="ex"/>
                  <SP HEIGHT="58" WIDTH="25" VPOS="1776" HPOS="1974"/>
                  <String HEIGHT="58"
                          WIDTH="173"
                          VPOS="1776"
                          HPOS="1899"
                          CONTENT="hoc"/>
                  <SP HEIGHT="58" WIDTH="25" VPOS="1776" HPOS="2073"/>
                  <String HEIGHT="58"
                          WIDTH="198"
                          VPOS="1776"
                          HPOS="1998"
                          CONTENT="quod"/>
                  <SP HEIGHT="58" WIDTH="25" VPOS="1776" HPOS="2197"/>
                  <String HEIGHT="58"
                          WIDTH="173"
                          VPOS="1776"
                          HPOS="2122"
                          CONTENT="fit"/>
                  <SP HEIGHT="58" WIDTH="25" VPOS="1776" HPOS="2296"/>
                  <String HEIGHT="58"
                          WIDTH="149"
                          VPOS="1776"
                          HPOS="2221"
                          CONTENT="ut"/>
                  <SP HEIGHT="58" WIDTH="25" VPOS="1776" HPOS="2370"/>
                  <String HEIGHT="58" WIDTH="99" VPOS="1776" HPOS="2271" CONTENT="in"/>
               </TextLine>
               <TextLine ID="tl_67"
                         BASELINE="1351,1902 1562,1893 1670,1894 1802,1896 1965,1896 2168,1898 2368,1898"
                         HEIGHT="58"
                         WIDTH="1017"
                         VPOS="1852"
                         HPOS="1351">
                  <String HEIGHT="58"
                          WIDTH="357"
                          VPOS="1852"
                          HPOS="1324"
                          CONTENT="pluribus."/>
                  <SP HEIGHT="58" WIDTH="27" VPOS="1852" HPOS="1681"/>
                  <String HEIGHT="58"
                          WIDTH="165"
                          VPOS="1852"
                          HPOS="1598"
                          CONTENT="Ex"/>
                  <SP HEIGHT="58" WIDTH="27" VPOS="1852" HPOS="1763"/>
                  <String HEIGHT="58"
                          WIDTH="192"
                          VPOS="1852"
                          HPOS="1681"
                          CONTENT="hoc"/>
                  <SP HEIGHT="58" WIDTH="27" VPOS="1852" HPOS="1873"/>
                  <String HEIGHT="58"
                          WIDTH="220"
                          VPOS="1852"
                          HPOS="1791"
                          CONTENT="enim"/>
                  <SP HEIGHT="58" WIDTH="27" VPOS="1852" HPOS="2011"/>
                  <String HEIGHT="58"
                          WIDTH="302"
                          VPOS="1852"
                          HPOS="1928"
                          CONTENT="dicitur"/>
                  <SP HEIGHT="58" WIDTH="27" VPOS="1852" HPOS="2231"/>
                  <String HEIGHT="58"
                          WIDTH="247"
                          VPOS="1852"
                          HPOS="2121"
                          CONTENT="aliquid"/>
               </TextLine>
               <TextLine ID="tl_68"
                         BASELINE="1350,1966 1444,1966 1511,1968 1674,1979 1827,1972 1965,1972 2142,1972 2367,1974"
                         HEIGHT="59"
                         WIDTH="1018"
                         VPOS="1926"
                         HPOS="1349">
                  <String HEIGHT="59"
                          WIDTH="262"
                          VPOS="1926"
                          HPOS="1320"
                          CONTENT="fieri"/>
                  <SP HEIGHT="59" WIDTH="29" VPOS="1926" HPOS="1582"/>
                  <String HEIGHT="59" WIDTH="145" VPOS="1926" HPOS="1494" CONTENT="a"/>
                  <SP HEIGHT="59" WIDTH="29" VPOS="1926" HPOS="1640"/>
                  <String HEIGHT="59"
                          WIDTH="262"
                          VPOS="1926"
                          HPOS="1553"
                          CONTENT="casu,"/>
                  <SP HEIGHT="59" WIDTH="29" VPOS="1926" HPOS="1814"/>
                  <String HEIGHT="59"
                          WIDTH="233"
                          VPOS="1926"
                          HPOS="1727"
                          CONTENT="quia"/>
                  <SP HEIGHT="59" WIDTH="29" VPOS="1926" HPOS="1960"/>
                  <String HEIGHT="59"
                          WIDTH="204"
                          VPOS="1926"
                          HPOS="1873"
                          CONTENT="non"/>
                  <SP HEIGHT="59" WIDTH="29" VPOS="1926" HPOS="2076"/>
                  <String HEIGHT="59"
                          WIDTH="262"
                          VPOS="1926"
                          HPOS="1989"
                          CONTENT="habet"/>
                  <SP HEIGHT="59" WIDTH="29" VPOS="1926" HPOS="2251"/>
                  <String HEIGHT="59"
                          WIDTH="233"
                          VPOS="1926"
                          HPOS="2134"
                          CONTENT="causam"/>
               </TextLine>
               <TextLine ID="tl_69"
                         BASELINE="1354,2042 1698,2051 1818,2047 1909,2047 2100,2048 2365,2051"
                         HEIGHT="57"
                         WIDTH="1011"
                         VPOS="2003"
                         HPOS="1354">
                  <String HEIGHT="57"
                          WIDTH="452"
                          VPOS="2003"
                          HPOS="1327"
                          CONTENT="determinatam,"/>
                  <SP HEIGHT="57" WIDTH="27" VPOS="2003" HPOS="1780"/>
                  <String HEIGHT="57"
                          WIDTH="186"
                          VPOS="2003"
                          HPOS="1700"
                          CONTENT="sed"/>
                  <SP HEIGHT="57" WIDTH="27" VPOS="2003" HPOS="1886"/>
                  <String HEIGHT="57"
                          WIDTH="186"
                          VPOS="2003"
                          HPOS="1806"
                          CONTENT="fit"/>
                  <SP HEIGHT="57" WIDTH="27" VPOS="2003" HPOS="1993"/>
                  <String HEIGHT="57"
                          WIDTH="293"
                          VPOS="2003"
                          HPOS="1913"
                          CONTENT="praeter"/>
                  <SP HEIGHT="57" WIDTH="27" VPOS="2003" HPOS="2205"/>
                  <String HEIGHT="57"
                          WIDTH="266"
                          VPOS="2003"
                          HPOS="2099"
                          CONTENT="intentum"/>
               </TextLine>
               <TextLine ID="tl_70"
                         BASELINE="1352,2118 1513,2127 1596,2120 1908,2123 2062,2124 2186,2126 2371,2127"
                         HEIGHT="57"
                         WIDTH="1019"
                         VPOS="2081"
                         HPOS="1352">
                  <String HEIGHT="57"
                          WIDTH="261"
                          VPOS="2081"
                          HPOS="1328"
                          CONTENT="causae,"/>
                  <SP HEIGHT="57" WIDTH="24" VPOS="2081" HPOS="1589"/>
                  <String HEIGHT="57"
                          WIDTH="166"
                          VPOS="2081"
                          HPOS="1518"
                          CONTENT="sic"/>
                  <SP HEIGHT="57" WIDTH="24" VPOS="2081" HPOS="1684"/>
                  <String HEIGHT="57"
                          WIDTH="379"
                          VPOS="2081"
                          HPOS="1613"
                          CONTENT="intelligendo"/>
                  <SP HEIGHT="57" WIDTH="24" VPOS="2081" HPOS="1992"/>
                  <String HEIGHT="57"
                          WIDTH="190"
                          VPOS="2081"
                          HPOS="1921"
                          CONTENT="quod"/>
                  <SP HEIGHT="57" WIDTH="24" VPOS="2081" HPOS="2110"/>
                  <String HEIGHT="57"
                          WIDTH="213"
                          VPOS="2081"
                          HPOS="2039"
                          CONTENT="illud"/>
                  <SP HEIGHT="57" WIDTH="24" VPOS="2081" HPOS="2253"/>
                  <String HEIGHT="57"
                          WIDTH="213"
                          VPOS="2081"
                          HPOS="2158"
                          CONTENT="dicitur"/>
               </TextLine>
               <TextLine ID="tl_71"
                         BASELINE="1349,2194 1442,2196 1505,2194 1649,2196 1739,2196 2048,2199 2142,2200 2367,2202"
                         HEIGHT="60"
                         WIDTH="1018"
                         VPOS="2153"
                         HPOS="1349">
                  <String HEIGHT="60"
                          WIDTH="248"
                          VPOS="2153"
                          HPOS="1321"
                          CONTENT="fieri"/>
                  <SP HEIGHT="60" WIDTH="28" VPOS="2153" HPOS="1569"/>
                  <String HEIGHT="60" WIDTH="138" VPOS="2153" HPOS="1487" CONTENT="a"/>
                  <SP HEIGHT="60" WIDTH="28" VPOS="2153" HPOS="1624"/>
                  <String HEIGHT="60"
                          WIDTH="220"
                          VPOS="2153"
                          HPOS="1542"
                          CONTENT="casu"/>
                  <SP HEIGHT="60" WIDTH="28" VPOS="2153" HPOS="1762"/>
                  <String HEIGHT="60"
                          WIDTH="165"
                          VPOS="2153"
                          HPOS="1679"
                          CONTENT="ut"/>
                  <SP HEIGHT="60" WIDTH="28" VPOS="2153" HPOS="1844"/>
                  <String HEIGHT="60"
                          WIDTH="385"
                          VPOS="2153"
                          HPOS="1762"
                          CONTENT="comparatur"/>
                  <SP HEIGHT="60" WIDTH="28" VPOS="2153" HPOS="2147"/>
                  <String HEIGHT="60"
                          WIDTH="165"
                          VPOS="2153"
                          HPOS="2064"
                          CONTENT="ad"/>
                  <SP HEIGHT="60" WIDTH="28" VPOS="2153" HPOS="2229"/>
                  <String HEIGHT="60"
                          WIDTH="248"
                          VPOS="2153"
                          HPOS="2119"
                          CONTENT="aliquam"/>
               </TextLine>
               <TextLine ID="tl_72"
                         BASELINE="1353,2270 1526,2270 1880,2273 2107,2275 2365,2277"
                         HEIGHT="57"
                         WIDTH="1012"
                         VPOS="2231"
                         HPOS="1353">
                  <String HEIGHT="57"
                          WIDTH="289"
                          VPOS="2231"
                          HPOS="1324"
                          CONTENT="causam"/>
                  <SP HEIGHT="57" WIDTH="29" VPOS="2231" HPOS="1613"/>
                  <String HEIGHT="57"
                          WIDTH="434"
                          VPOS="2231"
                          HPOS="1526"
                          CONTENT="intendentem"/>
                  <SP HEIGHT="57" WIDTH="29" VPOS="2231" HPOS="1960"/>
                  <String HEIGHT="57"
                          WIDTH="318"
                          VPOS="2231"
                          HPOS="1873"
                          CONTENT="aliquem"/>
                  <SP HEIGHT="57" WIDTH="29" VPOS="2231" HPOS="2192"/>
                  <String HEIGHT="57"
                          WIDTH="289"
                          VPOS="2231"
                          HPOS="2076"
                          CONTENT="effectum"/>
               </TextLine>
               <TextLine ID="tl_73"
                         BASELINE="1350,2345 1372,2345 1478,2345 1747,2349 2038,2358 2227,2352 2365,2353"
                         HEIGHT="59"
                         WIDTH="1015"
                         VPOS="2306"
                         HPOS="1350">
                  <String HEIGHT="59" WIDTH="127" VPOS="2306" HPOS="1325" CONTENT="a"/>
                  <SP HEIGHT="59" WIDTH="25" VPOS="2306" HPOS="1452"/>
                  <String HEIGHT="59"
                          WIDTH="178"
                          VPOS="2306"
                          HPOS="1375"
                          CONTENT="quo"/>
                  <SP HEIGHT="59" WIDTH="25" VPOS="2306" HPOS="1553"/>
                  <String HEIGHT="59"
                          WIDTH="355"
                          VPOS="2306"
                          HPOS="1477"
                          CONTENT="impeditur."/>
                  <SP HEIGHT="59" WIDTH="25" VPOS="2306" HPOS="1832"/>
                  <String HEIGHT="59"
                          WIDTH="330"
                          VPOS="2306"
                          HPOS="1756"
                          CONTENT="Exemplum,"/>
                  <SP HEIGHT="59" WIDTH="25" VPOS="2306" HPOS="2086"/>
                  <String HEIGHT="59"
                          WIDTH="279"
                          VPOS="2306"
                          HPOS="2010"
                          CONTENT="aliquis"/>
                  <SP HEIGHT="59" WIDTH="25" VPOS="2306" HPOS="2289"/>
                  <String HEIGHT="59"
                          WIDTH="178"
                          VPOS="2306"
                          HPOS="2187"
                          CONTENT="fodit"/>
               </TextLine>
               <TextLine ID="tl_74"
                         BASELINE="1352,2420 1503,2420 1596,2422 1827,2424 2132,2437 2363,2429"
                         HEIGHT="56"
                         WIDTH="1012"
                         VPOS="2383"
                         HPOS="1352">
                  <String HEIGHT="56"
                          WIDTH="266"
                          VPOS="2383"
                          HPOS="1325"
                          CONTENT="terram"/>
                  <SP HEIGHT="56" WIDTH="27" VPOS="2383" HPOS="1592"/>
                  <String HEIGHT="56"
                          WIDTH="160"
                          VPOS="2383"
                          HPOS="1512"
                          CONTENT="ut"/>
                  <SP HEIGHT="56" WIDTH="27" VPOS="2383" HPOS="1672"/>
                  <String HEIGHT="56"
                          WIDTH="320"
                          VPOS="2383"
                          HPOS="1592"
                          CONTENT="inveniat"/>
                  <SP HEIGHT="56" WIDTH="27" VPOS="2383" HPOS="1911"/>
                  <String HEIGHT="56"
                          WIDTH="373"
                          VPOS="2383"
                          HPOS="1831"
                          CONTENT="thesaurum,"/>
                  <SP HEIGHT="56" WIDTH="27" VPOS="2383" HPOS="2204"/>
                  <String HEIGHT="56"
                          WIDTH="266"
                          VPOS="2383"
                          HPOS="2098"
                          CONTENT="inventio"/>
               </TextLine>
               <TextLine ID="tl_75"
                         BASELINE="1351,2495 1538,2498 1636,2498 1849,2500 2096,2510 2167,2503 2358,2493"
                         HEIGHT="54"
                         WIDTH="1007"
                         VPOS="2457"
                         HPOS="1351">
                  <String HEIGHT="54"
                          WIDTH="288"
                          VPOS="2457"
                          HPOS="1327"
                          CONTENT="thesauri"/>
                  <SP HEIGHT="54" WIDTH="24" VPOS="2457" HPOS="1615"/>
                  <String HEIGHT="54"
                          WIDTH="168"
                          VPOS="2457"
                          HPOS="1543"
                          CONTENT="est"/>
                  <SP HEIGHT="54" WIDTH="24" VPOS="2457" HPOS="1711"/>
                  <String HEIGHT="54"
                          WIDTH="288"
                          VPOS="2457"
                          HPOS="1639"
                          CONTENT="effectus"/>
                  <SP HEIGHT="54" WIDTH="24" VPOS="2457" HPOS="1926"/>
                  <String HEIGHT="54"
                          WIDTH="312"
                          VPOS="2457"
                          HPOS="1855"
                          CONTENT="intentus,"/>
                  <SP HEIGHT="54" WIDTH="24" VPOS="2457" HPOS="2166"/>
                  <String HEIGHT="54"
                          WIDTH="144"
                          VPOS="2457"
                          HPOS="2094"
                          CONTENT="et"/>
                  <SP HEIGHT="54" WIDTH="24" VPOS="2457" HPOS="2238"/>
                  <String HEIGHT="54"
                          WIDTH="216"
                          VPOS="2457"
                          HPOS="2142"
                          CONTENT="fodien¬"
                          SUBS_TYPE="HypPart1"
                          SUBS_CONTENT="fodiendo"/>
                  <HYP CONTENT="-"/>
               </TextLine>
               <TextLine ID="tl_76"
                         BASELINE="1350,2572 1405,2572 1598,2575 1806,2586 1886,2577 2093,2579 2242,2582 2359,2581"
                         HEIGHT="59"
                         WIDTH="1009"
                         VPOS="2533"
                         HPOS="1350">
                  <String HEIGHT="59"
                          WIDTH="155"
                          VPOS="2533"
                          HPOS="1324"
                          CONTENT="do"
                          SUBS_TYPE="HypPart2"
                          SUBS_CONTENT="fodiendo"/>
                  <SP HEIGHT="59" WIDTH="26" VPOS="2533" HPOS="1479"/>
                  <String HEIGHT="59"
                          WIDTH="285"
                          VPOS="2533"
                          HPOS="1402"
                          CONTENT="invenit"/>
                  <SP HEIGHT="59" WIDTH="26" VPOS="2533" HPOS="1686"/>
                  <String HEIGHT="59"
                          WIDTH="259"
                          VPOS="2533"
                          HPOS="1609"
                          CONTENT="aquam,"/>
                  <SP HEIGHT="59" WIDTH="26" VPOS="2533" HPOS="1867"/>
                  <String HEIGHT="59"
                          WIDTH="155"
                          VPOS="2533"
                          HPOS="1790"
                          CONTENT="et"/>
                  <SP HEIGHT="59" WIDTH="26" VPOS="2533" HPOS="1945"/>
                  <String HEIGHT="59"
                          WIDTH="310"
                          VPOS="2533"
                          HPOS="1867"
                          CONTENT="inventio"/>
                  <SP HEIGHT="59" WIDTH="26" VPOS="2533" HPOS="2178"/>
                  <String HEIGHT="59"
                          WIDTH="233"
                          VPOS="2533"
                          HPOS="2100"
                          CONTENT="aquae"/>
                  <SP HEIGHT="59" WIDTH="26" VPOS="2533" HPOS="2333"/>
                  <String HEIGHT="59"
                          WIDTH="129"
                          VPOS="2533"
                          HPOS="2230"
                          CONTENT="non"/>
               </TextLine>
               <TextLine ID="tl_77"
                         BASELINE="1348,2649 1414,2650 1654,2652 1893,2654 1962,2657 2220,2666 2357,2658"
                         HEIGHT="54"
                         WIDTH="1009"
                         VPOS="2612"
                         HPOS="1348">
                  <String HEIGHT="54"
                          WIDTH="186"
                          VPOS="2612"
                          HPOS="1321"
                          CONTENT="est"/>
                  <SP HEIGHT="54" WIDTH="27" VPOS="2612" HPOS="1507"/>
                  <String HEIGHT="54"
                          WIDTH="319"
                          VPOS="2612"
                          HPOS="1428"
                          CONTENT="effectus"/>
                  <SP HEIGHT="54" WIDTH="27" VPOS="2612" HPOS="1746"/>
                  <String HEIGHT="54"
                          WIDTH="319"
                          VPOS="2612"
                          HPOS="1667"
                          CONTENT="intentus"/>
                  <SP HEIGHT="54" WIDTH="27" VPOS="2612" HPOS="1985"/>
                  <String HEIGHT="54" WIDTH="133" VPOS="2612" HPOS="1906" CONTENT="a"/>
                  <SP HEIGHT="54" WIDTH="27" VPOS="2612" HPOS="2038"/>
                  <String HEIGHT="54"
                          WIDTH="345"
                          VPOS="2612"
                          HPOS="1959"
                          CONTENT="fodiente,"/>
                  <SP HEIGHT="54" WIDTH="27" VPOS="2612" HPOS="2304"/>
                  <String HEIGHT="54"
                          WIDTH="159"
                          VPOS="2612"
                          HPOS="2198"
                          CONTENT="ideo"/>
               </TextLine>
               <TextLine ID="tl_78"
                         BASELINE="1349,2726 1528,2727 1686,2728 1914,2732 2068,2732 2144,2733 2200,2734 2357,2744"
                         HEIGHT="61"
                         WIDTH="1008"
                         VPOS="2686"
                         HPOS="1349">
                  <String HEIGHT="61"
                          WIDTH="284"
                          VPOS="2686"
                          HPOS="1323"
                          CONTENT="dicimus"/>
                  <SP HEIGHT="61" WIDTH="26" VPOS="2686" HPOS="1607"/>
                  <String HEIGHT="61"
                          WIDTH="207"
                          VPOS="2686"
                          HPOS="1530"
                          CONTENT="quod"/>
                  <SP HEIGHT="61" WIDTH="26" VPOS="2686" HPOS="1737"/>
                  <String HEIGHT="61"
                          WIDTH="310"
                          VPOS="2686"
                          HPOS="1659"
                          CONTENT="inventio"/>
                  <SP HEIGHT="61" WIDTH="26" VPOS="2686" HPOS="1969"/>
                  <String HEIGHT="61"
                          WIDTH="233"
                          VPOS="2686"
                          HPOS="1892"
                          CONTENT="aquae"/>
                  <SP HEIGHT="61" WIDTH="26" VPOS="2686" HPOS="2124"/>
                  <String HEIGHT="61"
                          WIDTH="181"
                          VPOS="2686"
                          HPOS="2047"
                          CONTENT="fit"/>
                  <SP HEIGHT="61" WIDTH="26" VPOS="2686" HPOS="2228"/>
                  <String HEIGHT="61" WIDTH="129" VPOS="2686" HPOS="2150" CONTENT="a"/>
                  <SP HEIGHT="61" WIDTH="26" VPOS="2686" HPOS="2279"/>
                  <String HEIGHT="61"
                          WIDTH="181"
                          VPOS="2686"
                          HPOS="2176"
                          CONTENT="casu,"/>
               </TextLine>
               <TextLine ID="tl_79"
                         BASELINE="1346,2813 1446,2802 1589,2803 1774,2805 1972,2808 2259,2809 2363,2811"
                         HEIGHT="56"
                         WIDTH="1017"
                         VPOS="2764"
                         HPOS="1346">
                  <String HEIGHT="56"
                          WIDTH="247"
                          VPOS="2764"
                          HPOS="1315"
                          CONTENT="quia"/>
                  <SP HEIGHT="56" WIDTH="31" VPOS="2764" HPOS="1562"/>
                  <String HEIGHT="56"
                          WIDTH="216"
                          VPOS="2764"
                          HPOS="1469"
                          CONTENT="non"/>
                  <SP HEIGHT="56" WIDTH="31" VPOS="2764" HPOS="1685"/>
                  <String HEIGHT="56"
                          WIDTH="277"
                          VPOS="2764"
                          HPOS="1593"
                          CONTENT="habet"/>
                  <SP HEIGHT="56" WIDTH="31" VPOS="2764" HPOS="1870"/>
                  <String HEIGHT="56"
                          WIDTH="277"
                          VPOS="2764"
                          HPOS="1777"
                          CONTENT="ipsum"/>
                  <SP HEIGHT="56" WIDTH="31" VPOS="2764" HPOS="2055"/>
                  <String HEIGHT="56"
                          WIDTH="401"
                          VPOS="2764"
                          HPOS="1962"
                          CONTENT="fodientem"/>
                  <SP HEIGHT="56" WIDTH="31" VPOS="2764" HPOS="2363"/>
                  <String HEIGHT="56"
                          WIDTH="123"
                          VPOS="2764"
                          HPOS="2240"
                          CONTENT="ut"/>
               </TextLine>
               <TextLine ID="tl_80"
                         BASELINE="1347,2877 1520,2877 1909,2891 1987,2883 2100,2893 2359,2874"
                         HEIGHT="56"
                         WIDTH="1012"
                         VPOS="2839"
                         HPOS="1347">
                  <String HEIGHT="56"
                          WIDTH="266"
                          VPOS="2839"
                          HPOS="1320"
                          CONTENT="causam"/>
                  <SP HEIGHT="56" WIDTH="27" VPOS="2839" HPOS="1587"/>
                  <String HEIGHT="56"
                          WIDTH="453"
                          VPOS="2839"
                          HPOS="1507"
                          CONTENT="determinatam,"/>
                  <SP HEIGHT="56" WIDTH="27" VPOS="2839" HPOS="1960"/>
                  <String HEIGHT="56"
                          WIDTH="160"
                          VPOS="2839"
                          HPOS="1880"
                          CONTENT="id"/>
                  <SP HEIGHT="56" WIDTH="27" VPOS="2839" HPOS="2039"/>
                  <String HEIGHT="56"
                          WIDTH="213"
                          VPOS="2839"
                          HPOS="1960"
                          CONTENT="est,"/>
                  <SP HEIGHT="56" WIDTH="27" VPOS="2839" HPOS="2173"/>
                  <String HEIGHT="56"
                          WIDTH="293"
                          VPOS="2839"
                          HPOS="2066"
                          CONTENT="intenden¬"
                          SUBS_TYPE="HypPart1"
                          SUBS_CONTENT="intendentem"/>
                  <HYP CONTENT="-"/>
               </TextLine>
               <TextLine ID="tl_81"
                         BASELINE="1346,2952 1434,2952 1610,2954 1879,2968 1967,2959 2114,2960 2359,2961"
                         HEIGHT="57"
                         WIDTH="1013"
                         VPOS="2914"
                         HPOS="1346">
                  <String HEIGHT="57"
                          WIDTH="197"
                          VPOS="2914"
                          HPOS="1318"
                          CONTENT="tem"
                          SUBS_TYPE="HypPart2"
                          SUBS_CONTENT="intendentem"/>
                  <SP HEIGHT="57" WIDTH="28" VPOS="2914" HPOS="1515"/>
                  <String HEIGHT="57"
                          WIDTH="253"
                          VPOS="2914"
                          HPOS="1430"
                          CONTENT="talem"/>
                  <SP HEIGHT="57" WIDTH="28" VPOS="2914" HPOS="1684"/>
                  <String HEIGHT="57"
                          WIDTH="366"
                          VPOS="2914"
                          HPOS="1599"
                          CONTENT="elfectum;"/>
                  <SP HEIGHT="57" WIDTH="28" VPOS="2914" HPOS="1965"/>
                  <String HEIGHT="57"
                          WIDTH="169"
                          VPOS="2914"
                          HPOS="1881"
                          CONTENT="ut"/>
                  <SP HEIGHT="57" WIDTH="28" VPOS="2914" HPOS="2049"/>
                  <String HEIGHT="57"
                          WIDTH="225"
                          VPOS="2914"
                          HPOS="1965"
                          CONTENT="vero"/>
                  <SP HEIGHT="57" WIDTH="28" VPOS="2914" HPOS="2190"/>
                  <String HEIGHT="57"
                          WIDTH="281"
                          VPOS="2914"
                          HPOS="2078"
                          CONTENT="inventio"/>
               </TextLine>
               <TextLine ID="tl_82"
                         BASELINE="1344,3028 1470,3029 1771,3033 1866,3034 2025,3035 2252,3046 2360,3026"
                         HEIGHT="56"
                         WIDTH="1017"
                         VPOS="2993"
                         HPOS="1344">
                  <String HEIGHT="56"
                          WIDTH="247"
                          VPOS="2993"
                          HPOS="1317"
                          CONTENT="aquae"/>
                  <SP HEIGHT="56" WIDTH="27" VPOS="2993" HPOS="1564"/>
                  <String HEIGHT="56"
                          WIDTH="385"
                          VPOS="2993"
                          HPOS="1481"
                          CONTENT="comparatur"/>
                  <SP HEIGHT="56" WIDTH="27" VPOS="2993" HPOS="1866"/>
                  <String HEIGHT="56"
                          WIDTH="165"
                          VPOS="2993"
                          HPOS="1784"
                          CONTENT="ad"/>
                  <SP HEIGHT="56" WIDTH="27" VPOS="2993" HPOS="1949"/>
                  <String HEIGHT="56"
                          WIDTH="247"
                          VPOS="2993"
                          HPOS="1866"
                          CONTENT="aliam"/>
                  <SP HEIGHT="56" WIDTH="27" VPOS="2993" HPOS="2114"/>
                  <String HEIGHT="56"
                          WIDTH="302"
                          VPOS="2993"
                          HPOS="2031"
                          CONTENT="causam,"/>
                  <SP HEIGHT="56" WIDTH="27" VPOS="2993" HPOS="2334"/>
                  <String HEIGHT="56"
                          WIDTH="137"
                          VPOS="2993"
                          HPOS="2224"
                          CONTENT="po¬"
                          SUBS_TYPE="HypPart1"
                          SUBS_CONTENT="potest"/>
                  <HYP CONTENT="-"/>
               </TextLine>
               <TextLine ID="tl_83"
                         BASELINE="1348,3106 1429,3105 1563,3108 1792,3109 2031,3111 2132,3113 2240,3113 2358,3114"
                         HEIGHT="48"
                         WIDTH="1010"
                         VPOS="3067"
                         HPOS="1348">
                  <String HEIGHT="48"
                          WIDTH="202"
                          VPOS="3067"
                          HPOS="1323"
                          CONTENT="test"
                          SUBS_TYPE="HypPart2"
                          SUBS_CONTENT="potest"/>
                  <SP HEIGHT="48" WIDTH="25" VPOS="3067" HPOS="1525"/>
                  <String HEIGHT="48"
                          WIDTH="202"
                          VPOS="3067"
                          HPOS="1449"
                          CONTENT="esse"/>
                  <SP HEIGHT="48" WIDTH="25" VPOS="3067" HPOS="1651"/>
                  <String HEIGHT="48"
                          WIDTH="303"
                          VPOS="3067"
                          HPOS="1575"
                          CONTENT="effectus"/>
                  <SP HEIGHT="48" WIDTH="25" VPOS="3067" HPOS="1878"/>
                  <String HEIGHT="48"
                          WIDTH="303"
                          VPOS="3067"
                          HPOS="1803"
                          CONTENT="intentus"/>
                  <SP HEIGHT="48" WIDTH="25" VPOS="3067" HPOS="2106"/>
                  <String HEIGHT="48"
                          WIDTH="152"
                          VPOS="3067"
                          HPOS="2030"
                          CONTENT="ab"/>
                  <SP HEIGHT="48" WIDTH="25" VPOS="3067" HPOS="2181"/>
                  <String HEIGHT="48"
                          WIDTH="202"
                          VPOS="3067"
                          HPOS="2106"
                          CONTENT="illa"/>
                  <SP HEIGHT="48" WIDTH="25" VPOS="3067" HPOS="2308"/>
                  <String HEIGHT="48"
                          WIDTH="152"
                          VPOS="3067"
                          HPOS="2207"
                          CONTENT="alia"/>
               </TextLine>
               <TextLine ID="tl_84"
                         BASELINE="1344,3182 1485,3191 1568,3183 1660,3184 1902,3186 2048,3189 2233,3189 2352,3190"
                         HEIGHT="53"
                         WIDTH="1008"
                         VPOS="3145"
                         HPOS="1344">
                  <String HEIGHT="53"
                          WIDTH="252"
                          VPOS="3145"
                          HPOS="1319"
                          CONTENT="causa,"/>
                  <SP HEIGHT="53" WIDTH="25" VPOS="3145" HPOS="1571"/>
                  <String HEIGHT="53"
                          WIDTH="151"
                          VPOS="3145"
                          HPOS="1495"
                          CONTENT="et"/>
                  <SP HEIGHT="53" WIDTH="25" VPOS="3145" HPOS="1646"/>
                  <String HEIGHT="53"
                          WIDTH="176"
                          VPOS="3145"
                          HPOS="1571"
                          CONTENT="sic"/>
                  <SP HEIGHT="53" WIDTH="25" VPOS="3145" HPOS="1747"/>
                  <String HEIGHT="53"
                          WIDTH="302"
                          VPOS="3145"
                          HPOS="1672"
                          CONTENT="respectu"/>
                  <SP HEIGHT="53" WIDTH="25" VPOS="3145" HPOS="1974"/>
                  <String HEIGHT="53"
                          WIDTH="252"
                          VPOS="3145"
                          HPOS="1898"
                          CONTENT="illius"/>
                  <SP HEIGHT="53" WIDTH="25" VPOS="3145" HPOS="2150"/>
                  <String HEIGHT="53"
                          WIDTH="252"
                          VPOS="3145"
                          HPOS="2075"
                          CONTENT="causae"/>
                  <SP HEIGHT="53" WIDTH="25" VPOS="3145" HPOS="2327"/>
                  <String HEIGHT="53"
                          WIDTH="126"
                          VPOS="3145"
                          HPOS="2226"
                          CONTENT="non"/>
               </TextLine>
               <TextLine ID="tl_85"
                         BASELINE="1343,3258 1421,3259 1474,3258 1628,3268 1748,3262 1832,3262 1943,3263 2160,3265 2355,3267"
                         HEIGHT="51"
                         WIDTH="1012"
                         VPOS="3220"
                         HPOS="1343">
                  <String HEIGHT="51"
                          WIDTH="202"
                          VPOS="3220"
                          HPOS="1318"
                          CONTENT="erit"/>
                  <SP HEIGHT="51" WIDTH="25" VPOS="3220" HPOS="1520"/>
                  <String HEIGHT="51" WIDTH="127" VPOS="3220" HPOS="1444" CONTENT="a"/>
                  <SP HEIGHT="51" WIDTH="25" VPOS="3220" HPOS="1571"/>
                  <String HEIGHT="51"
                          WIDTH="228"
                          VPOS="3220"
                          HPOS="1495"
                          CONTENT="casu,"/>
                  <SP HEIGHT="51" WIDTH="25" VPOS="3220" HPOS="1723"/>
                  <String HEIGHT="51"
                          WIDTH="177"
                          VPOS="3220"
                          HPOS="1647"
                          CONTENT="sed"/>
                  <SP HEIGHT="51" WIDTH="25" VPOS="3220" HPOS="1824"/>
                  <String HEIGHT="51"
                          WIDTH="152"
                          VPOS="3220"
                          HPOS="1748"
                          CONTENT="de"/>
                  <SP HEIGHT="51" WIDTH="25" VPOS="3220" HPOS="1900"/>
                  <String HEIGHT="51"
                          WIDTH="202"
                          VPOS="3220"
                          HPOS="1824"
                          CONTENT="ista"/>
                  <SP HEIGHT="51" WIDTH="25" VPOS="3220" HPOS="2026"/>
                  <String HEIGHT="51"
                          WIDTH="278"
                          VPOS="3220"
                          HPOS="1950"
                          CONTENT="materia"/>
                  <SP HEIGHT="51" WIDTH="25" VPOS="3220" HPOS="2229"/>
                  <String HEIGHT="51"
                          WIDTH="228"
                          VPOS="3220"
                          HPOS="2127"
                          CONTENT="diffuse"/>
               </TextLine>
               <TextLine ID="tl_86"
                         BASELINE="1338,3334 1434,3333 1515,3333 1587,3336 1799,3348 1978,3340 2147,3341 2240,3341 2351,3331"
                         HEIGHT="57"
                         WIDTH="1013"
                         VPOS="3294"
                         HPOS="1338">
                  <String HEIGHT="57"
                          WIDTH="203"
                          VPOS="3294"
                          HPOS="1313"
                          CONTENT="vide"/>
                  <SP HEIGHT="57" WIDTH="25" VPOS="3294" HPOS="1515"/>
                  <String HEIGHT="57"
                          WIDTH="152"
                          VPOS="3294"
                          HPOS="1439"
                          CONTENT="in"/>
                  <SP HEIGHT="57" WIDTH="25" VPOS="3294" HPOS="1591"/>
                  <String HEIGHT="57"
                          WIDTH="279"
                          VPOS="3294"
                          HPOS="1515"
                          CONTENT="Doclore"/>
                  <SP HEIGHT="57" WIDTH="25" VPOS="3294" HPOS="1794"/>
                  <String HEIGHT="57"
                          WIDTH="279"
                          VPOS="3294"
                          HPOS="1718"
                          CONTENT="quaest."/>
                  <SP HEIGHT="57" WIDTH="25" VPOS="3294" HPOS="1996"/>
                  <String HEIGHT="57"
                          WIDTH="177"
                          VPOS="3294"
                          HPOS="1920"
                          CONTENT="21."/>
                  <SP HEIGHT="57" WIDTH="25" VPOS="3294" HPOS="2098"/>
                  <String HEIGHT="57"
                          WIDTH="203"
                          VPOS="3294"
                          HPOS="2022"
                          CONTENT="quae"/>
                  <SP HEIGHT="57" WIDTH="25" VPOS="3294" HPOS="2224"/>
                  <String HEIGHT="57"
                          WIDTH="177"
                          VPOS="3294"
                          HPOS="2148"
                          CONTENT="est"/>
                  <SP HEIGHT="57" WIDTH="25" VPOS="3294" HPOS="2326"/>
                  <String HEIGHT="57"
                          WIDTH="127"
                          VPOS="3294"
                          HPOS="2224"
                          CONTENT="ul¬"
                          SUBS_TYPE="HypPart1"
                          SUBS_CONTENT="ultima"/>
                  <HYP CONTENT="-"/>
               </TextLine>
               <TextLine ID="tl_87"
                         BASELINE="1338,3409 1443,3410 1497,3420 1772,3413 1880,3422 2031,3414 2219,3416 2354,3418"
                         HEIGHT="56"
                         WIDTH="1016"
                         VPOS="3371"
                         HPOS="1338">
                  <String HEIGHT="56"
                          WIDTH="203"
                          VPOS="3371"
                          HPOS="1313"
                          CONTENT="tima"
                          SUBS_TYPE="HypPart2"
                          SUBS_CONTENT="ultima"/>
                  <SP HEIGHT="56" WIDTH="25" VPOS="3371" HPOS="1516"/>
                  <String HEIGHT="56"
                          WIDTH="305"
                          VPOS="3371"
                          HPOS="1440"
                          CONTENT="quodlib."/>
                  <SP HEIGHT="56" WIDTH="25" VPOS="3371" HPOS="1744"/>
                  <String HEIGHT="56"
                          WIDTH="178"
                          VPOS="3371"
                          HPOS="1668"
                          CONTENT="hoc"/>
                  <SP HEIGHT="56" WIDTH="25" VPOS="3371" HPOS="1846"/>
                  <String HEIGHT="56"
                          WIDTH="203"
                          VPOS="3371"
                          HPOS="1770"
                          CONTENT="est,"/>
                  <SP HEIGHT="56" WIDTH="25" VPOS="3371" HPOS="1973"/>
                  <String HEIGHT="56"
                          WIDTH="203"
                          VPOS="3371"
                          HPOS="1897"
                          CONTENT="quod"/>
                  <SP HEIGHT="56" WIDTH="25" VPOS="3371" HPOS="2100"/>
                  <String HEIGHT="56"
                          WIDTH="254"
                          VPOS="3371"
                          HPOS="2024"
                          CONTENT="Doctor"/>
                  <SP HEIGHT="56" WIDTH="25" VPOS="3371" HPOS="2278"/>
                  <String HEIGHT="56"
                          WIDTH="178"
                          VPOS="3371"
                          HPOS="2176"
                          CONTENT="dicit"/>
               </TextLine>
               <TextLine ID="tl_88"
                         BASELINE="1337,3485 1380,3484 1497,3487 1699,3496 1783,3489 1928,3489 2070,3490 2163,3493 2353,3494"
                         HEIGHT="57"
                         WIDTH="1016"
                         VPOS="3447"
                         HPOS="1337">
                  <String HEIGHT="57"
                          WIDTH="152"
                          VPOS="3447"
                          HPOS="1312"
                          CONTENT="in"/>
                  <SP HEIGHT="57" WIDTH="25" VPOS="3447" HPOS="1464"/>
                  <String HEIGHT="57"
                          WIDTH="203"
                          VPOS="3447"
                          HPOS="1388"
                          CONTENT="ista"/>
                  <SP HEIGHT="57" WIDTH="25" VPOS="3447" HPOS="1591"/>
                  <String HEIGHT="57"
                          WIDTH="305"
                          VPOS="3447"
                          HPOS="1515"
                          CONTENT="littera,"/>
                  <SP HEIGHT="57" WIDTH="25" VPOS="3447" HPOS="1820"/>
                  <String HEIGHT="57"
                          WIDTH="152"
                          VPOS="3447"
                          HPOS="1743"
                          CONTENT="et"/>
                  <SP HEIGHT="57" WIDTH="25" VPOS="3447" HPOS="1896"/>
                  <String HEIGHT="57"
                          WIDTH="203"
                          VPOS="3447"
                          HPOS="1820"
                          CONTENT="quod"/>
                  <SP HEIGHT="57" WIDTH="25" VPOS="3447" HPOS="2023"/>
                  <String HEIGHT="57"
                          WIDTH="229"
                          VPOS="3447"
                          HPOS="1947"
                          CONTENT="dicit"/>
                  <SP HEIGHT="57" WIDTH="25" VPOS="3447" HPOS="2175"/>
                  <String HEIGHT="57"
                          WIDTH="178"
                          VPOS="3447"
                          HPOS="2099"
                          CONTENT="ibi"/>
                  <SP HEIGHT="57" WIDTH="25" VPOS="3447" HPOS="2277"/>
                  <String HEIGHT="57"
                          WIDTH="178"
                          VPOS="3447"
                          HPOS="2175"
                          CONTENT="parum"/>
               </TextLine>
               <TextLine ID="tl_89"
                         BASELINE="1337,3561 1461,3560 1716,3563 1887,3564 2036,3566 2162,3568 2257,3569 2352,3570"
                         HEIGHT="56"
                         WIDTH="1015"
                         VPOS="3521"
                         HPOS="1337">
                  <String HEIGHT="56"
                          WIDTH="274"
                          VPOS="3521"
                          HPOS="1310"
                          CONTENT="infra."/>
                  <SP HEIGHT="56" WIDTH="27" VPOS="3521" HPOS="1584"/>
                  <String HEIGHT="56"
                          WIDTH="357"
                          VPOS="3521"
                          HPOS="1502"
                          CONTENT="Accipitur"/>
                  <SP HEIGHT="56" WIDTH="27" VPOS="3521" HPOS="1858"/>
                  <String HEIGHT="56"
                          WIDTH="247"
                          VPOS="3521"
                          HPOS="1776"
                          CONTENT="etiam"/>
                  <SP HEIGHT="56" WIDTH="27" VPOS="3521" HPOS="2023"/>
                  <String HEIGHT="56"
                          WIDTH="219"
                          VPOS="3521"
                          HPOS="1941"
                          CONTENT="raro"/>
                  <SP HEIGHT="56" WIDTH="27" VPOS="3521" HPOS="2160"/>
                  <String HEIGHT="56"
                          WIDTH="192"
                          VPOS="3521"
                          HPOS="2078"
                          CONTENT="vel"/>
                  <SP HEIGHT="56" WIDTH="27" VPOS="3521" HPOS="2270"/>
                  <String HEIGHT="56"
                          WIDTH="165"
                          VPOS="3521"
                          HPOS="2187"
                          CONTENT="ut"/>
                  <SP HEIGHT="56" WIDTH="27" VPOS="3521" HPOS="2352"/>
                  <String HEIGHT="56"
                          WIDTH="110"
                          VPOS="3521"
                          HPOS="2242"
                          CONTENT="in"/>
               </TextLine>
               <TextLine ID="tl_90"
                         BASELINE="1336,3647 1546,3646 1713,3638 1962,3641 2125,3643 2350,3645"
                         HEIGHT="58"
                         WIDTH="1014"
                         VPOS="3597"
                         HPOS="1336">
                  <String HEIGHT="58"
                          WIDTH="330"
                          VPOS="3597"
                          HPOS="1311"
                          CONTENT="pluribus,"/>
                  <SP HEIGHT="58" WIDTH="25" VPOS="3597" HPOS="1640"/>
                  <String HEIGHT="58"
                          WIDTH="228"
                          VPOS="3597"
                          HPOS="1564"
                          CONTENT="prout"/>
                  <SP HEIGHT="58" WIDTH="25" VPOS="3597" HPOS="1792"/>
                  <String HEIGHT="58"
                          WIDTH="330"
                          VPOS="3597"
                          HPOS="1716"
                          CONTENT="disjungit"/>
                  <SP HEIGHT="58" WIDTH="25" VPOS="3597" HPOS="2046"/>
                  <String HEIGHT="58"
                          WIDTH="228"
                          VPOS="3597"
                          HPOS="1970"
                          CONTENT="inter"/>
                  <SP HEIGHT="58" WIDTH="25" VPOS="3597" HPOS="2198"/>
                  <String HEIGHT="58"
                          WIDTH="254"
                          VPOS="3597"
                          HPOS="2097"
                          CONTENT="opposita"/>
               </TextLine>
            </TextBlock>
         </PrintSpace>
      </Page>
   </Layout>
</alto>
