2653 3950
537 321 324 39 SGHOL1UM.

241 417 234 54 Solvit
404 417 187 54 alia
521 417 304 54 argumenta
755 417 350 54 principalia
1012 417 210 54 ejusdem

193 484 360 52 quaestionis
481 484 288 52 septimae
697 484 312 52 probantia
938 484 240 52 plures
1082 484 144 52 esse

191 546 402 52 productiones
518 546 277 52 duabus,
719 546 176 52 seu
820 546 176 52 non
920 546 201 52 esse
1021 546 201 52 tantum

194 610 161 52 duo
286 610 299 52 principia
516 610 322 52 productiva
770 610 138 52 in
816 610 138 52 Deo.

171 701 221 82 33-r
309 701 138 82 ^
364 701 165 82 Ad
447 701 358 82 argumenta
723 701 221 82 quae
861 701 303 82 probant
1054 701 165 82 (a),

169 769 155 71 '
231 769 247 71 quod
385 769 216 71 non
509 769 247 71 sunt
664 769 309 71 tantum
880 769 185 71 in
973 769 216 71 Deo
1065 769 155 71 duo

181 857 183 61 iext.
302 857 142 61 49.
384 857 264 61 principia
566 857 264 61 productiva.

170 929 248 66 phus
325 929 217 66 Cum
449 929 279 66 primo
635 929 372 66 arguitur
914 929 186 66 de
976 929 248 66 natura

179 988 319 84 iectione0"
430 988 137 84 6t
498 988 341 84 intellectu,
771 988 182 84 quod
885 988 182 84 sunt
998 988 159 84 duo
1067 988 159 84 prin-

177 1068 349 80 voiuntatis
452 1068 225 80 cipia
601 1068 349 80 productiva
876 1068 324 80 distincta
1100 1068 125 80 per

182 1149 290 65 intellectu
410 1149 311 65 Philosophum
659 1149 124 65 2.
701 1149 228 65 Physicor.

176 1230 331 82 l0?SiSa’
425 1230 414 82 ^-ospondeo,
756 1230 221 82 quod
867 1230 359 82 Philosophus

180 1304 195 65 quse
302 1304 171 65 est
399 1304 219 65 parum
545 1304 268 65 locutus
740 1304 171 65 est
838 1304 146 65 de
911 1304 317 65 voluntate
1130 1304 98 65 ut

180 1379 299 65 opposita
404 1379 398 65 distinguitur
727 1379 249 65 contra
877 1379 348 65 intellectum,

182 1456 251 69 moclun.
365 1456 160 69 N2-
456 1456 160 69 «ed
547 1456 319 69 communiter
798 1456 137 69 in
866 1456 251 69 ratione
1026 1456 205 69 princi-

182 1525 309 84 noupotest
420 1525 166 84 pii
515 1525 261 84 kictivi
705 1525 309 84 conjunxit
919 1525 309 84 intellectum

180 1605 237 71 ine2m
338 1605 158 71 ad
417 1605 395 71 voluntatem,
733 1605 158 71 et
812 1605 211 71 ideo
943 1605 158 71 in
996 1605 237 71 secundo

186 1682 314 75 detenriine-
437 1682 230 75 PhVsic-
605 1682 147 75 nbi
689 1682 293 75 distinguit
919 1682 168 75 ista
1003 1682 230 75 principia

182 1754 215 64 tui’
316 1754 268 64 activa
504 1754 161 64 in
585 1754 295 64 naturam
800 1754 161 64 et
853 1754 376 64 intellectum,

184 1831 237 66 bera,
341 1831 184 66 non
447 1831 237 66 debet
604 1831 315 66 mtelligi
841 1831 158 66 ut
893 1831 342 66 intellectus

190 1909 335 62 intellectus
457 1909 357 62 distinguitur
747 1909 223 62 contra
903 1909 335 62 voluntatem,
1149 1909 89 62 ut

189 1971 195 76 Thno
311 1971 147 76 o™
384 1971 269 76 patebit
579 1971 269 76 s^atim.
775 1971 171 76 Sic
873 1971 195 76 enim
970 1971 269 76 concurrit

190 2053 334 73 Texti”1*0.
453 2053 167 73 cum
548 2053 334 73 voluntate,
811 2053 382 73 constituendo
1097 2053 143 73 idem

194 2126 578 89 scotiiquodi.PrinciPinm
705 2126 267 89 respectu
883 2126 356 89 artificialium.

191 2206 342 80 heresis0"
454 2206 184 80 ^oc
559 2206 263 80 Plebit
743 2206 394 80 respondendo
1058 2206 158 80 ad
1111 2206 131 80 in-

193 2271 285 75 eiectio.
407 2271 285 75 stantiam
621 2271 333 75 Philosophi
882 2271 143 75 de
954 2271 143 75 9.
1001 2271 238 75 Metapli.

195 2361 303 64 exemplum.
427 2361 140 64 Ad
497 2361 186 64 quam
614 2361 163 64 (b)
707 2361 209 64 dico,
846 2361 186 64 quod
939 2361 303 64 intellectus

175 2412 469 42 Quomodo
516 2412 213 42 1
559 2412 128 42 ,

191 2435 323 61 voluntas
434 2435 377 61 comparatur
730 2435 162 61 ad
811 2435 216 61 suam
946 2435 296 61 naturam
1134 2435 108 61 et

191 2487 303 88 fnteEmn
412 2487 165 88 ad
495 2487 221 88 suam
633 2487 331 88 propriam
853 2487 386 88 operationem,

196 2582 303 81 cognitio-
428 2582 209 81 cujus
568 2582 163 81 est
661 2582 326 81 principium
917 2582 326 81 elicitivum
1150 2582 93 81 et

197 2658 349 77 vidensicot.
476 2658 349 77 productivum
756 2658 233 77 aliquo
919 2658 210 77 modo,
1059 2658 140 77 et
1105 2658 140 77 com-

194 2735 315 79 2-d-4A2-
430 2735 289 79 paratur
641 2735 158 79 ad
719 2735 394 79 operationes
1008 2735 237 79 aliarum

195 2810 205 69 ad-q
323 2810 154 69 1.
400 2810 410 69 potentiarum,
733 2810 307 69 respectu
963 2810 256 69 quarum
1117 2810 128 69 est

213 2886 344 68 potentia
471 2886 372 68 directiva
757 2886 200 68 vel
872 2886 401 68 regulativa
1158 2886 86 68 ;

208 2963 201 66 si
308 2963 301 66 primo
508 2963 267 66 modo
676 2963 502 66 accipiatur,
1043 2963 201 66 dico

210 3038 230 64 quod
354 3038 201 64 est
469 3038 230 64 mere
613 3038 287 64 natura
814 3038 172 64 et
900 3038 172 64 in
958 3038 287 64 elicien¬-

203 3114 208 65 do
307 3114 208 65 et
412 3114 208 65 in
516 3114 521 65 producendo.
898 3114 347 65 Quemcum¬-

208 3189 220 70 que
333 3189 252 70 enim
491 3189 283 70 actum
680 3189 504 70 intelligendi
1057 3189 189 70 pro¬-

207 3265 267 66 ducit
386 3265 208 66 cum
504 3265 327 66 objecto
742 3265 386 66 praesente
1039 3265 178 66 in
1098 3265 149 66 me¬-

211 3342 305 67 moria,
424 3342 244 67 mere
576 3342 457 67 naturaliter
911 3342 335 67 producit,

207 3417 202 70 et
308 3417 471 70 quamcumque
679 3417 505 70 operationem
1049 3417 202 70 ope¬-

214 3493 304 66 ratur,
426 3493 243 66 mere
578 3493 456 66 naturaliter
913 3493 334 66 operatur.

209 3570 380 69 Voluntas
494 3570 285 69 autem
684 3570 380 69 respectu
937 3570 317 69 operati-

1264 312 238 67 onis
1413 312 356 67 propriae
1680 312 178 67 ut
1769 312 446 67 productiva,
2096 312 208 67 habet

1262 389 441 67 oppositum
1601 389 305 67 modum
1805 389 509 67 producendi,
2178 389 136 67 et

1262 464 237 68 hoc
1398 464 305 68 satis
1601 464 373 68 apparet
1872 464 237 68 per
1973 464 339 68 Philoso¬-

1274 541 215 65 phum
1408 541 161 65 9.
1489 541 295 65 Metaph.
1704 541 268 65 cap.4.
1892 541 188 65 (c)
1999 541 188 65 ubi
2079 541 242 65 tractat

1264 617 373 65 quomodo
1536 617 407 65 potentia
1841 617 475 65 rationalis
2180 617 136 65 et

1263 692 496 59 irrationalis
1666 692 434 59 reducuntur
2007 692 186 59 ad
2069 692 248 59 actum,

1267 768 180 65 et
1357 768 300 65 arguit
1567 768 240 65 quod
1717 768 360 65 potentia
1956 768 360 65 rationalis

1271 843 220 64 quae
1409 843 165 64 ex
1492 843 165 64 se
1574 843 193 64 est
1685 843 165 64 ad
1767 843 441 64 opposita,non
2098 843 220 64 potest

1264 915 197 60 ex
1363 915 197 60 se
1461 915 295 60 exire
1658 915 197 60 in
1756 915 328 60 actum,
1985 915 262 60 tunc
2116 915 197 60 enim

1267 992 295 65 simul
1464 992 327 65 exiret
1693 992 196 65 in
1791 992 393 65 opposita
2086 992 164 65 ,
2119 992 196 65 quia

1268 1062 285 65 simul
1458 1062 222 65 est
1585 1062 507 65 oppositorum;
1996 1062 190 65 et
2091 1062 190 65 ex
2155 1062 158 65 hoc

1264 1138 413 66 concludit
1582 1138 254 66 quod
1741 1138 349 66 praeter
1995 1138 286 66 illam
2153 1138 159 66 po¬-

1265 1214 339 65 tentiam
1512 1214 462 65 rationalem,
1881 1214 339 65 oportet
2096 1214 216 65 pone¬-

1268 1290 209 66 re
1373 1290 313 66 aliam
1581 1290 452 66 potentiam
1894 1290 417 66 rationalem

1265 1367 610 65 determinativam
1774 1367 237 65 per
1909 1367 271 65 quam
2045 1367 271 65 deter¬-

1278 1442 347 64 minetur,
1538 1442 173 64 et
1625 1442 231 64 illa
1769 1442 433 64 determinata
2087 1442 231 64 potest

1276 1517 260 65 exire
1450 1517 174 65 in
1537 1517 260 65 actum
1710 1517 145 65 ;
1768 1517 174 65 et
1855 1517 174 65 ex
1942 1517 203 65 hoc
2029 1517 289 65 sequitur

1277 1592 244 68 quod
1430 1592 458 68 intellectus
1797 1592 183 68 si
1888 1592 214 68 est
1980 1592 336 68 opposito¬-

1277 1670 252 64 rum,
1435 1670 221 64 sic
1561 1670 221 64 est
1687 1670 473 64 oppositorum
2066 1670 221 64 per
2160 1670 158 64 mo¬-

1275 1743 221 67 dum
1402 1743 379 67 naturae,
1686 1743 253 67 quod
1844 1743 347 67 quantum
2096 1743 221 67 est
2191 1743 126 67 de

1276 1820 201 66 se
1377 1820 470 66 necessario
1746 1820 235 66 est
1847 1820 470 66 oppositorum,

1279 1896 222 66 nec
1406 1896 317 66 potest
1628 1896 190 66 se
1723 1896 475 66 determinare
2103 1896 190 66 ad
2167 1896 158 66 al¬-

1283 1971 276 65 terum
1467 1971 368 65 illorum,
1744 1971 215 65 sed
1867 1971 368 65 requirit
2112 1971 215 65 alte¬-

1284 2048 221 65 rum
1410 2048 504 65 determinans,
1819 2048 252 65 quod
1977 2048 315 65 libere
2166 2048 158 65 po¬-

1283 2123 237 66 test
1432 2123 267 66 exire
1610 2123 178 66 in
1699 2123 326 66 alterum
1907 2123 415 66 oppositorum,

1284 2200 221 66 hoc
1411 2200 253 66 est,
1569 2200 411 66 appetitus
1885 2200 380 66 secundum
2138 2200 190 66 eum-

1280 2274 235 69 dem
1415 2274 235 69 vel
1549 2274 538 69 prohaeresis.
1952 2274 370 69 Exemplum,

1284 2350 215 67 Sol
1407 2350 276 67 habet
1591 2350 368 67 virtutem
1867 2350 429 67 producendi
2174 2350 153 67 op¬-

1282 2425 328 69 posita,
1521 2425 358 69 scilicet
1789 2425 537 69 liquefactionem
2207 2425 119 69 et

1285 2501 552 69 coagulationem,
1745 2501 245 69 unde
1899 2501 184 69 si
1991 2501 307 69 essent
2175 2501 153 69 duo

1280 2576 295 71 passa
1477 2576 525 71 approximata,
1904 2576 328 71 quorum
2100 2576 230 71 alte¬-

1282 2652 217 68 rum
1406 2652 279 68 esset
1592 2652 557 68 liquefactibile
2056 2652 186 68 et
2118 2652 217 68 alte¬-

1284 2727 210 71 rum
1404 2727 481 71 coagulabile,
1795 2727 210 71 Sol
1915 2727 180 71 de
1975 2727 361 71 necessita¬-

1284 2803 191 60 te
1380 2803 350 60 naturae
1634 2803 350 60 haberet
1889 2803 350 60 elicere
2111 2803 223 60 illos

1283 2880 234 59 duos
1429 2880 263 59 actus
1604 2880 175 59 in
1692 2880 292 59 illis,
1897 2880 175 59 et
1984 2880 175 59 si
2072 2880 234 59 idem
2189 2880 146 59 es¬-

1288 2953 229 72 set
1419 2953 523 72 approximatum
1844 2953 261 72 quod
2007 2953 294 72 simul
2171 2953 163 72 na¬-

1286 3029 214 69 tum
1409 3029 275 69 esset
1592 3029 367 69 recipere
1867 3029 367 69 opposita
2112 3029 214 69 ista,

1285 3105 216 66 Sol
1408 3105 185 66 de
1501 3105 462 66 necessitate
1871 3105 277 66 simul
2025 3105 308 66 produce¬-

1289 3184 203 68 ret
1405 3184 348 68 opposita
1666 3184 203 68 vel
1782 3184 319 68 neutrum
2014 3184 145 68 ;
2072 3184 203 68 est
2159 3184 174 68 ergo

1291 3257 339 74 potentia
1545 3257 255 74 Solis
1715 3257 226 74 mere
1856 3257 396 74 naturalis,
2139 3257 198 74 licet

1294 3334 492 72 oppositorum,
1694 3334 246 72 quia
1848 3334 215 72 est
1971 3334 338 72 illorum
2186 3334 154 72 me¬-

1291 3406 185 70 re
1384 3406 185 70 ex
1476 3406 216 70 se.
1600 3406 216 70 ita
1723 3406 247 70 quod
1878 3406 216 70 non
2001 3406 309 70 potest
2187 3406 154 70 de¬-

1293 3483 424 62 terminare
1620 3483 196 62 se
1718 3483 196 62 ad
1816 3483 359 62 alterum
2044 3483 294 62 tantum.

1293 3558 278 73 Talis
1478 3558 370 73 potentia
1756 3558 216 73 est
1879 3558 463 73 intellectus
2219 3558 123 73 ut
