2711 3950
341 312 188 61 de
435 312 345 61 ratione
686 312 408 61 principii
1000 312 220 61 est
1094 312 283 61 imitas,

342 389 275 60 licet
526 389 183 60 in
617 389 488 60 principiatis
1014 389 305 60 possit
1197 389 183 60 esse

341 464 458 60 pluralitas,
708 464 244 60 quia
861 464 305 60 semper
1075 464 214 60 est
1166 464 214 60 redu¬-

340 540 245 59 ctio
493 540 489 59 pluralitatis
891 540 183 59 ad
983 540 397 59 unitatem,
1258 540 122 59 et

343 615 237 60 ideo
492 615 297 60 stante
699 615 326 60 aequali
937 615 415 60 nobilitate
1234 615 148 60 po¬-

342 691 231 60 test
486 691 231 60 esse
631 691 491 60 multiplicatio
1035 691 202 60 vel
1121 691 260 60 distin¬-

344 766 244 60 ctio
496 766 183 60 in
587 766 487 60 relationibus
953 766 426 60 productorum,

345 842 259 62 licet
518 842 202 62 non
633 842 173 62 in
720 842 461 62 relationibus
1065 842 317 62 producen¬-

343 919 223 47 tium
483 919 140 47 a
511 919 140 47 se.

399 995 253 60 Alia
558 995 221 60 est
684 995 443 60 responsio,
1032 995 253 60 quia
1159 995 221 60 licet

344 1069 196 59 ibi
456 1069 364 59 quaelibet
736 1069 308 59 relatio
961 1069 252 59 unius
1101 1069 280 59 rationis

341 1146 221 60 sit
468 1146 189 60 de
562 1146 189 60 se
657 1146 284 60 hcec,
846 1146 284 60 tamen
1035 1146 158 60 a
1067 1146 315 60 pluribus

345 1222 461 59 relationibus
720 1222 403 59 productivi
1036 1222 288 59 potest
1209 1222 173 59 for¬-

341 1297 235 60 san
476 1297 403 60 abstrahi
778 1297 269 60 unum
946 1297 403 60 commune,
1215 1297 168 60 pu¬-

344 1373 183 60 ta
436 1373 488 60 productivum,
833 1373 183 60 et
924 1373 214 60 ita
1046 1373 153 60 a
1077 1373 305 60 pluribus

347 1448 503 60 relationibus
755 1448 377 60 producti
1038 1448 314 60 potest
1227 1448 157 60 ab¬-

343 1525 336 62 strahi
579 1525 269 62 unum
747 1525 403 62 commune,
1049 1525 269 62 puta
1183 1525 202 62 pro¬-

344 1601 297 60 ductum
552 1601 149 60 ;
612 1601 238 60 etsi
760 1601 297 60 igitur
968 1601 208 60 est
1087 1601 208 60 una
1176 1601 208 60 rela¬-

341 1675 243 54 tio
480 1675 209 54 in
585 1675 417 54 communi,
897 1675 209 54 si
1002 1675 243 54 est
1106 1675 278 54 commu¬-

340 1752 190 61 ne
435 1752 538 61 abstrahibile,
879 1752 253 61 quae
1037 1752 348 61 dicitur
1258 1752 127 61 in

341 1829 359 61 communi
603 1829 359 61 relatio
864 1829 392 61 personae
1125 1829 261 61 produ¬-

346 1904 316 56 centis,
576 1904 230 56 sunt
720 1904 259 56 tamen
893 1904 230 56 duae
1008 1904 374 56 relationes,

346 1980 446 57 producentis
703 1980 208 57 sic
822 1980 178 57 et
911 1980 238 57 sic,
1059 1980 267 57 sicut
1208 1980 178 57 duae

344 2057 599 61 correspondentes
849 2057 221 61 eis
975 2057 378 61 producti
1227 2057 158 61 sic

351 2132 146 47 et
399 2132 146 47 sic.

401 2209 197 60 Ad
500 2209 394 60 secundam
795 2209 394 60 rationem
1091 2209 230 60 (e)
1190 2209 197 60 con¬-

343 2282 261 63 cedo
506 2282 261 63 quod
670 2282 522 63 relationibus
1093 2282 196 63 ex
1159 2282 228 63 parte

345 2358 490 60 producentium
744 2358 214 60 vel
866 2358 460 60 productivi,
1203 2358 184 60 cor-

342 2434 472 62 respondent
713 2434 472 62 relationes
1084 2434 202 62 ex
1152 2434 236 62 parte

341 2509 507 57 productorum,
753 2509 190 57 et
848 2509 253 57 tot,
1006 2509 222 57 sed
1133 2509 222 57 non
1228 2509 158 57 se¬-

343 2585 328 62 quitur,
582 2585 179 62 si
672 2585 418 62 relationes
1000 2585 358 62 producti
1239 2585 149 62 di¬-

342 2661 435 59 stinguuntur
690 2661 232 59 sic,
835 2661 174 59 ut
922 2661 232 59 sint
1067 2661 174 59 in
1125 2661 261 59 distin¬-

340 2736 232 61 ctis
485 2736 435 61 suppositis;
833 2736 232 61 ergo
978 2736 174 61 et
1036 2736 348 61 relationes

339 2813 492 62 producentis.
739 2813 277 62 Cujus
924 2813 277 62 ratio
1077 2813 308 62 assigna¬-

341 2889 239 62 tur,
490 2889 239 62 quia
640 2889 418 62 relationes
968 2889 358 62 producti
1207 2889 179 62 pos¬-

342 2963 245 62 sunt
496 2963 398 62 distingui
802 2963 337 62 propter
1016 2963 368 62 distinctas

341 3039 380 61 rationes
626 3039 443 61 producendi
974 3039 253 61 quae
1133 3039 253 61 sunt
1259 3039 127 61 in

344 3114 434 63 producente,
691 3114 260 63 licet
865 3114 202 63 sit
980 3114 231 63 idem
1096 3114 289 63 supposi¬-

338 3191 236 61 tum
473 3191 472 61 producens,
844 3191 304 61 sicut
1013 3191 371 61 productio

346 3265 438 61 artificialis
702 3265 164 61 et
784 3265 356 61 naturalis
1031 3265 356 61 distinguun¬-

345 3342 197 61 tur
458 3342 197 61 per
570 3342 366 61 principia
852 3342 423 61 productiva,
1162 3342 225 61 scili¬-

341 3419 229 57 cet
472 3419 229 57 per
603 3419 294 57 artem
799 3419 196 57 et
897 3419 392 57 naturam,
1158 3419 229 57 licet

341 3490 261 64 ista
504 3490 457 64 concurrant
863 3490 196 64 in
961 3490 294 64 eodem
1124 3490 261 64 suppo¬-

345 3566 292 66 sito.
539 3566 455 66 Relationes
897 3566 292 66 autem
1059 3566 325 66 producti

1422 304 243 65 non
1561 304 382 65 possunt
1839 304 243 65 ita
1977 304 486 65 concurrere
2324 304 139 65 in

1423 385 292 60 eodem
1617 385 422 60 supposito
1942 385 195 60 et
2039 385 227 60 una
2136 385 325 60 persona,

1425 461 214 59 sed
1548 461 244 59 sunt
1700 461 427 59 distinctae
2005 461 458 59 personaliter,

1423 535 253 62 quia
1582 535 412 62 productum
1898 535 222 62 est
2025 535 222 62 per
2151 535 190 62 se
2215 535 253 62 subsi¬-

1424 613 285 60 stens
1615 613 190 60 et
1678 613 412 60 suppositum.

1480 704 263 63 Alia
1644 704 296 63 ratio
1842 704 296 63 patet
2039 704 197 63 ex
2105 704 361 63 superiori

1428 781 356 61 ratione,
1695 781 237 61 quia
1843 781 208 61 non
1962 781 296 61 potest
2170 781 237 61 idem
2288 781 178 61 pro¬-

1424 858 253 61 duci
1583 858 316 61 duabus
1804 858 569 61 productionibus
2247 858 221 61 tota¬-

1427 934 298 60 libus,
1636 934 268 60 licet
1814 934 238 60 idem
1963 934 298 60 possit
2142 934 327 60 producere

1423 1009 316 61 duabus
1645 1009 569 61 productionibus
2087 1009 379 61 totalibus,

1423 1085 196 61 et
1521 1085 261 61 ideo
1685 1085 457 61 relationes
2044 1085 392 61 producti
2305 1085 163 61 non

1429 1160 491 59 plurificantur
1833 1160 173 59 in
1920 1160 289 59 eodem,
2122 1160 260 59 licet
2266 1160 202 59 rela¬-

1425 1235 306 62 tiones
1640 1235 460 62 producentis
2007 1235 337 62 possint
2222 1235 245 62 pluri-

1410 1311 213 48 ficari.

1485 1381 184 61 Ad
1577 1381 338 61 tertium
1823 1381 246 61 (f),
1977 1381 369 61 potentia
2223 1381 246 61 finita

1422 1457 253 60 non
1566 1457 361 60 potest
1819 1457 361 60 habere
2072 1457 325 60 simul
2253 1457 217 60 duos

1427 1534 348 60 terminos
1688 1534 406 60 adaequatos
2006 1534 174 60 in
2093 1534 348 60 produci,
2325 1534 145 60 li¬-

1428 1611 215 59 cet
1551 1611 307 59 possit
1766 1611 307 59 habere
1980 1611 245 59 unum
2134 1611 184 59 in
2195 1611 276 59 produci

1431 1686 168 62 et
1515 1686 253 62 alium
1683 1686 168 62 in
1768 1686 337 62 producto
2020 1686 224 62 esse
2160 1686 140 62 ;
2188 1686 281 62 potentia

1426 1764 313 48 autem
1635 1764 417 48 infinita
1948 1764 313 48 habet
2121 1764 348 48 terminum

1431 1841 252 60 suum
1588 1841 283 60 intra
1776 1841 189 60 se
1871 1841 314 60 semper
2091 1841 189 60 in
2154 1841 314 60 produci,

1430 1915 174 61 et
1517 1915 232 61 iste
1662 1915 203 61 est
1777 1915 434 61 adaequatus,
2125 1915 174 61 et
2212 1915 232 61 ideo
2327 1915 145 61 non

1430 1992 315 60 potest
1651 1992 315 60 habere
1872 1992 315 60 plures
2061 1992 347 60 terminos.

1685 2119 486 42 COMMENTARIUS.

1488 2223 186 53 (a)
1595 2223 213 53 Nunc
1728 2223 266 53 restat
1914 2223 319 53 probare,
2153 2223 213 53 quod
2259 2223 213 53 tantum

1435 2294 186 50 sit
1541 2294 186 50 una
1647 2294 186 50 non
1753 2294 345 50 producta.
2018 2294 186 50 Hic
2124 2294 318 50 ostendit
2336 2294 133 50 se¬-

1435 2369 289 51 cundum
1637 2369 433 51 principale,
1983 2369 173 51 et
2070 2369 260 51 primo
2214 2369 260 51 recitat

1437 2446 320 49 opinionem
1683 2446 295 49 Ilenrici
1905 2446 295 49 quodlib.
2126 2446 148 49 6.
2200 2446 271 49 qusest.
2373 2446 98 49 1.

1437 2521 213 49 quod
1571 2521 240 49 illud
1731 2521 373 49 ostenditur
2024 2521 240 49 sicut
2157 2521 320 49 ostenditur

1436 2596 254 50 unitas
1613 2596 203 50 Dei.
1740 2596 178 50 Hoc
1842 2596 229 50 etiam
1994 2596 305 50 ostendit
2223 2596 178 50 per
2299 2596 178 50 Hila¬-

1437 2671 214 51 rium
1571 2671 214 51 cap.
1704 2671 160 51 5.
1785 2671 160 51 de
1865 2671 321 51 Synodis,
2105 2671 187 51 ubi
2212 2671 214 51 vult
2319 2671 160 51 quod

1435 2747 187 51 qui
1542 2747 241 51 dicit
1703 2747 214 51 duos
1836 2747 428 51 innascibiles
2157 2747 321 51 confitetur

1436 2824 219 50 duos
1572 2824 246 50 Deos.
1737 2824 246 50 Item,
1901 2824 274 50 probat
2092 2824 219 50 quia
2229 2824 191 50 non
2311 2824 164 50 sunt

1434 2899 234 51 plura
1590 2899 337 51 supposita
1849 2899 337 51 absoluta,
2109 2899 208 51 quia
2238 2899 208 51 tunc
2342 2899 130 51 na¬-

1435 2973 207 51 tura
1564 2973 259 51 divina
1746 2973 233 51 esset
1901 2973 259 51 divisa
2082 2973 155 51 in
2160 2973 259 51 illis,
2315 2973 155 51 quia

1434 3049 202 50 illa
1560 3049 328 50 supposita
1812 3049 303 50 absolute
2039 3049 177 50 non
2140 3049 277 50 possent
2317 3049 151 50 esse

1434 3123 207 51 nisi
1563 3123 207 51 tres
1693 3123 414 51 substantiae;
2029 3123 233 51 erunt
2184 3123 207 51 ergo
2288 3123 181 51 plura

1436 3198 305 50 relativa,
1670 3198 141 50 id
1741 3198 188 50 est,
1858 3198 211 50 plura
1999 3198 305 50 supposita
2211 3198 258 50 constitu¬-

1438 3274 158 51 ta
1517 3274 158 51 in
1596 3274 211 51 esse
1728 3274 396 51 suppositali
2045 3274 185 51 per
2124 3274 343 51 relationem;

1434 3349 181 51 aut
1538 3349 207 51 ergo
1667 3349 233 51 erunt
1823 3349 363 51 constituta
2107 3349 337 51 relatione
2341 3349 129 51 mu¬-

1438 3424 185 52 tua
1543 3424 238 52 inter
1702 3424 185 52 se,
1808 3424 159 52 id
1888 3424 212 52 est,
2020 3424 212 52 quod
2152 3424 238 52 sicut
2285 3424 185 52 Pater

1438 3501 367 50 constituitur
1736 3501 161 50 per
1828 3501 390 50 paternitatem,
2149 3501 161 50 ita
2241 3501 138 50 et
2287 3501 183 50 Filius

1433 3576 176 52 per
1534 3576 378 52 filiationem
1836 3576 201 52 quae
1962 3576 201 52 sunt
2087 3576 352 52 relationes
2339 3576 126 52 mu-
