2711 3950
352 323 278 51 Respondet
566 323 150 51 Sed
651 323 235 51 Occhain
822 323 321 51 responderet
1079 323 171 51 hic,
1186 323 193 51 sicut
1293 323 107 51 re-

348 397 150 54 ad
423 397 276 54 spondet
623 397 276 54 quaesi.
824 397 150 54 1.
899 397 276 54 prologi
1099 397 150 54 1.
1175 397 200 54 quod
1275 397 125 54 non

352 476 278 52 Doctoris.
565 476 149 52 est
651 476 384 52 demonstrabile,
971 476 171 52 quod
1078 476 235 52 species
1227 476 171 52 pluri-

365 550 353 43 ficabilis
637 550 190 43 non
745 550 381 43 determinat
1045 550 163 43 se
1126 550 163 43 ad
1180 550 218 43 certum

360 628 327 52 numerum
598 628 505 52 individuorum,
1014 628 238 52 quia
1162 628 208 52 non
1251 628 149 52 po¬-

367 705 207 52 test
496 705 388 52 demonstrari
807 705 207 52 quin
936 705 259 52 aliqua
1117 705 233 52 astra
1247 705 155 52 sint

366 779 291 53 ejusdem
577 779 317 53 speciei;
815 779 159 53 et
895 779 238 53 tamen
1053 779 238 53 illa,
1185 779 212 53 secun¬-

366 855 191 52 dum
475 855 409 52 Philosophos
802 855 409 52 determinant
1129 855 218 52 sibi
1238 855 164 52 cer¬-

365 934 202 50 tum
480 934 317 50 numerum
711 934 461 50 individuorum
1085 934 202 50 sub
1172 934 230 50 quali¬-

364 1008 186 51 bet
471 1008 292 51 specie,
683 1008 186 51 ita
789 1008 212 51 quod
922 1008 186 51 per
1028 1008 266 51 nullam
1188 1008 212 51 poten¬-

371 1084 196 50 tiam
493 1084 269 50 possunt
689 1084 220 50 plura
835 1084 220 50 fieri
982 1084 171 50 sub
1080 1084 196 50 illa
1178 1084 220 50 specie.

419 1158 197 52 Sed
531 1158 225 52 haec
672 1158 253 52 ratio
840 1158 197 52 non
953 1158 393 52 concludit,
1233 1158 169 52 quia

364 1234 224 52 etsi
504 1234 252 52 plura
672 1234 364 52 individua
953 1234 336 52 secundum
1177 1234 224 52 certum

364 1312 285 50 numerum
571 1312 415 50 contineantur
908 1312 181 50 sub
1012 1312 259 50 aliqua
1168 1312 233 50 specie,

361 1386 197 41 hoc
474 1386 197 41 non
586 1386 225 41 erit
727 1386 338 41 secundum
980 1386 310 41 naturam
1178 1386 225 41 illius

363 1462 328 53 speciei,
608 1462 191 53 sed
718 1462 191 53 per
827 1462 300 53 aliquod
1018 1462 382 53 extrinsecum.

361 1540 281 53 Doctor
558 1540 253 53 autem
726 1540 337 53 loquitur
979 1540 225 53 quod
1120 1540 197 53 est
1232 1540 169 53 ex
1289 1540 112 53 se

365 1615 430 54 plurificabile
719 1615 152 54 in
794 1615 227 54 plura
946 1615 278 54 ejusdem
1123 1615 278 54 rationis,

363 1693 169 41 ex
447 1693 169 41 se
531 1693 197 41 non
644 1693 449 41 determinatur
1009 1693 169 41 ad
1093 1693 281 41 certum
1262 1693 140 41 nu¬-

363 1769 234 48 merum
519 1769 442 48 individuorum,
883 1769 156 48 et
960 1769 156 48 si
1012 1769 390 48 determinetur,

363 1844 180 42 hoc
466 1844 206 42 erit
569 1844 258 42 aliunde.

411 1921 309 52 Deinde
627 1921 309 52 quando
844 1921 278 52 dicit
1029 1921 309 52 Occham
1215 1921 185 52 quod

360 1997 202 52 non
476 1997 289 52 potest
678 1997 463 52 demonstrari,
1054 1997 231 52 quod
1170 1997 231 52 aliqua

368 2074 258 50 species
555 2074 282 50 astrorum
766 2074 141 50 si
837 2074 235 50 potest
1001 2074 188 50 esse
1118 2074 141 50 in
1165 2074 235 50 pluribus

370 2149 315 52 individuis,
622 2149 168 52 quod
727 2149 189 52 etiam
853 2149 210 52 possit
1001 2149 168 52 esse
1106 2149 126 52 in
1148 2149 252 52 infinitis,

362 2225 318 52 haberet
594 2225 203 52 hoc
709 2225 318 52 probare
941 2225 232 52 quod
1086 2225 203 52 non
1172 2225 232 52 possit

368 2301 404 46 demonstrari,
696 2301 177 46 sed
797 2301 202 46 ista
924 2301 278 46 materia
1101 2301 303 46 dimittatur

367 2377 222 53 usque
516 2377 148 53 ad
590 2377 272 53 quaest.
787 2377 148 53 2.
861 2377 321 53 qu.odlib.
1109 2377 247 53 Scoti,
1257 2377 148 53 quia

369 2454 169 51 ibi
465 2454 265 51 diffuse
658 2454 410 51 pertractatur,
995 2454 145 51 et
1068 2454 265 51 clarius
1236 2454 169 51 pate¬-

364 2529 209 52 bit
483 2529 238 52 quod
632 2529 387 52 responsio
930 2529 298 52 Occham
1139 2529 179 52 ad
1198 2529 209 52 argu¬-

368 2607 266 41 mentum
554 2607 319 41 Doctoris
794 2607 186 41 non
900 2607 292 41 evacuat
1113 2607 266 41 illud.
1272 2607 133 41 Se¬-

374 2683 269 51 quentia
569 2683 220 51 clara
691 2683 171 51 sunt.

347 2757 181 54 82.
451 2757 181 54 (d)
554 2757 156 54 Ad
632 2757 337 54 argumenta
892 2757 415 54 principalia.
1203 2757 207 54 Primum

370 2835 404 51 argumentum
688 2835 202 51 cum
803 2835 202 51 sua
919 2835 433 51 responsione
1237 2835 173 51 cla¬-

372 2910 173 52 rum
471 2910 198 52 est.
595 2910 148 52 Et
669 2910 198 52 quod
792 2910 222 52 dicit
941 2910 148 52 de
1015 2910 395 52 relationibus
1311 2910 99 52 in

371 2986 290 52 communi,
588 2986 362 52 difficultas
878 2986 169 52 est
974 2986 145 52 an
1047 2986 121 52 a
1095 2986 290 52 pluribus
1288 2986 121 52 re¬-

371 3063 338 51 lationibus
636 3063 338 51 productivi
902 3063 241 51 possit
1071 3063 290 51 abstrahi
1264 3063 145 51 unum

368 3140 328 50 commune,
613 3140 218 50 puta
750 3140 437 50 productivum,
1105 3140 164 50 et
1187 3140 164 50 si
1241 3140 164 50 sic,

361 3215 359 54 possumus
631 3215 299 54 dicere
840 3215 240 54 quod
990 3215 389 54 producens
1259 3215 150 54 una

359 3291 412 52 relatione
676 3291 381 52 refertur
962 3291 190 52 ad
1025 3291 381 52 productum,

371 3370 208 54 sub
490 3370 208 54 qua
609 3370 267 54 tamen
787 3370 386 54 relatione
1084 3370 178 54 in
1143 3370 267 54 communi

380 3446 387 51 continentur
690 3446 207 51 duse
819 3446 361 51 relationes
1077 3446 336 51 producentis

381 3522 159 54 ad
460 3522 186 54 duo
566 3522 345 54 producta;
831 3522 159 54 et
911 3522 345 54 similiter
1176 3522 133 54 a
1202 3522 212 54 duabus

379 3598 405 54 velationibus
708 3598 380 54 productorum
1011 3598 253 54 potest
1163 3598 253 54 abstrahi

1450 324 289 53 relatio
1660 324 316 53 producti
1897 324 158 53 in
1976 324 316 53 communi,
2213 324 184 53 qua
2292 324 184 53 tamen

1450 400 385 52 continentur
1759 400 206 52 duae
1887 400 360 52 relationes
2170 400 257 52 duorum
2324 400 154 52 pro¬-

1450 475 352 53 ductorum.
1721 475 163 53 Et
1802 475 190 53 sic
1911 475 271 53 potest
2100 475 380 53 responderi
2372 475 108 53 ad

1448 552 407 52 argumentum,
1773 552 217 52 quod
1909 552 244 52 sicut
2072 552 298 52 relatio
2262 552 217 52 produ¬-

1451 628 245 52 centis
1623 628 344 52 constituit
1893 628 221 52 ipsum
2040 628 319 52 producens
2286 628 147 52 in
2335 628 147 52 esse

1449 705 336 52 personali,
1713 705 168 52 ita
1809 705 264 52 relatio
2001 705 288 52 producti
2217 705 144 52 in
2265 705 216 52 divinis

1448 782 390 50 constituit
1754 782 251 50 ipsum
1921 782 362 50 productum
2200 782 167 50 in
2255 782 223 50 commu¬-

1444 857 206 53 ni;
1561 857 206 53 sed
1679 857 206 53 non
1797 857 354 53 sequitur
2062 857 236 53 modo
2210 857 177 53 de
2269 857 206 53 rela¬-

1447 932 302 53 tionibus
1674 932 151 53 in
1749 932 403 53 particulari,
2077 932 202 53 quia
2203 932 176 53 duo
2278 932 202 53 produ¬-

1451 1008 185 50 cta
1556 1008 450 50 constituuntur
1927 1008 159 50 in
2006 1008 212 50 esse
2139 1008 185 50 per
2245 1008 238 50 aliam
2377 1008 106 50 et

1449 1081 232 53 aliam
1604 1081 387 53 relationem;
1914 1081 207 53 ergo
2043 1081 155 53 et
2121 1081 207 53 duae
2224 1081 258 53 relatio¬-

1452 1157 168 51 nes
1548 1157 360 51 producentis
1836 1157 360 51 constituunt
2123 1157 216 51 aliud
2267 1157 144 51 et
2315 1157 168 51 aliud

1443 1231 428 55 producens,
1780 1231 214 55 non
1902 1231 398 55 sequitur,
2209 1231 245 55 quia
2331 1231 153 55 una

1449 1311 285 51 persona
1656 1311 259 51 tantum
1837 1311 414 51 constituitur
2174 1311 155 51 in
2251 1311 207 51 esse
2355 1311 129 51 per

1456 1385 245 54 primam
1627 1385 343 54 relationem
1896 1385 343 54 originis,,
2166 1385 294 54 scilicet
2362 1385 122 54 per

1453 1461 387 51 productionem
1743 1461 193 51 Filii.

1506 1538 163 54 (e)
1599 1538 140 54 Ad
1669 1538 279 54 secundam
1878 1538 302 54 rationem.
2111 1538 209 54 Dicit
2250 1538 233 54 Doctor
2390 1538 116 54 83.

1452 1613 202 54 quod
1578 1613 354 54 relationes
1856 1613 303 54 producti
2083 1613 278 54 possunt
2260 1613 227 54 distin¬-

1451 1690 169 55 gui
1547 1690 265 55 propter
1740 1690 338 55 distinctas
2006 1690 289 55 rationes
2199 1690 289 55 producendi

1451 1768 206 56 quae
1580 1768 206 56 sunt
1709 1768 155 56 in
1786 1768 387 56 producente,
2095 1768 232 56 licet
2250 1768 180 56 sit
2327 1768 155 56 idem

1451 1839 336 58 suppositum
1715 1839 336 58 producens.
1979 1839 168 58 Nam
2074 1839 312 58 generatio
2290 1839 216 58 QUOmodo

1457 1900 199 73 passiva
1602 1900 109 73 et
1656 1900 217 73 spiratio
1819 1900 199 73 passiva
1963 1900 362 73 distinguunturper
2253 1900 253 73 disllt"°uan'

1457 1981 262 55 distinctas
1663 1981 225 55 rationes
1832 1981 281 55 producendi,
2057 1981 169 55 istae
2169 1981 206 55 dislin-
2300 1981 206 55 generatio

1456 2063 168 51 clse
1561 2063 252 51 rationes
1750 2063 294 51 producendi
1981 2063 168 51 sunt
2086 2063 315 51 intellectus
2338 2063 126 51 et
2401 2063 105 51 .
2422 2063 84 51 et

1451 2138 305 53 voluntas;
1685 2138 141 53 et
1755 2138 164 53 sic
1849 2138 164 53 una
1943 2138 305 53 productio
2178 2138 164 53 est
2271 2138 164 53 per
2342 2138 164 53 Liva.

1449 2216 244 53 modum
1612 2216 299 53 naturae
1829 2216 217 53 quae
1965 2216 190 53 est
2074 2216 163 53 ab
2128 2216 353 53 intellectu,

1451 2292 163 54 et
1532 2292 218 54 alia
1668 2292 218 54 quae
1804 2292 190 54 est
1913 2292 190 54 per
2022 2292 245 54 modum
2158 2292 326 54 libertatis

1453 2368 168 49 est
1549 2368 120 49 a
1597 2368 312 49 voluntate
1837 2368 120 49 ;
1885 2368 144 49 et
1957 2368 216 49 istae
2101 2368 192 49 duae
2197 2368 288 49 relationes

1457 2444 164 53 sic
1550 2444 329 53 distinctae
1809 2444 352 53 distinguunt
2091 2444 211 53 etiam
2208 2444 282 53 formaliler

1457 2521 152 53 et
1533 2521 354 53 intrinsece
1810 2521 177 53 duo
1911 2521 328 53 producta,
2164 2521 152 53 et
2240 2521 202 53 quae
2341 2521 152 53 sunt

1455 2597 330 55 principia
1708 2597 406 55 distinguendi
2038 2597 279 55 formali
2241 2597 203 55 ter,
2342 2597 152 55 sunt

1459 2673 227 55 etiam
1610 2673 327 55 principia
1862 2673 403 55 constituendi
2164 2673 327 55 formaliler,

1457 2752 150 52 ut
1532 2752 251 52 patuit
1708 2752 226 52 supra
1858 2752 150 52 in
1933 2752 276 52 quaest.
2133 2752 150 52 de
2184 2752 200 52 praxi.

1508 2828 174 50 Si
1595 2828 347 50 dicatur,
1855 2828 260 50 nonne
2029 2828 260 50 etiam
2174 2828 318 50 generatio

1459 2904 252 55 acliva
1635 2904 151 55 et
1711 2904 303 55 spiratio
1938 2904 252 55 activa
2089 2904 404 55 distinguuntur?

1455 2979 258 57 dico,
1627 2979 229 57 quod
1770 2979 229 57 sic.
1913 2979 172 57 Et
1999 2979 200 57 per
2114 2979 229 57 quid
2228 2979 258 57 distin¬-

1456 3062 286 53 guuntur
1638 3062 78 53 ?

1507 3130 239 57 Dico,
1666 3130 212 57 quod
1798 3130 186 57 per
1904 3130 398 57 intellectum
2222 3130 159 57 et
2275 3130 212 57 volun¬-

1453 3208 259 53 tatem
1626 3208 173 53 in
1713 3208 288 53 Patre,
1914 3208 173 53 et
2001 3208 288 53 loquor
2203 3208 288 53 semper
2376 3208 115 53 de

1459 3285 402 53 distinctione
1786 3285 402 53 originativa.
2112 3285 226 53 Sicut
2263 3285 201 53 enim
2363 3285 126 53 ge¬-

1459 3361 265 55 neratio
1652 3361 265 55 passiva
1844 3361 144 55 et
1916 3361 289 55 spiratio
2133 3361 265 55 passiva
2301 3361 193 55 dicun¬-

1463 3436 160 57 tur
1555 3436 298 57 distingui
1784 3436 343 57 originative
2058 3436 183 57 sive
2150 3436 343 57 principiative

1464 3512 172 58 per
1563 3512 368 58 intellectum
1857 3512 147 58 et
1931 3512 368 58 voluntatem,
2201 3512 295 58 formaliler

1465 3588 196 63 vero
1587 3588 269 63 seipsis
1783 3588 441 63 distinguuntur,
2150 3588 171 63 sic
2224 3588 269 63 generatio
