2711 3950
299 286 376 61 mnnicatur
588 286 203 61 sit
704 286 260 61 ipso,
878 286 203 61 non
994 286 289 61 ipsum.
1167 286 174 61 Pri¬-

293 361 197 49 mo
392 361 263 49 modo
556 361 460 49 universale
884 361 460 49 communicatur

295 438 444 61 singulari,
644 438 190 61 et
739 438 349 61 secundo
993 438 254 61 modo
1120 438 222 61 forma

290 513 456 62 materiae.
641 513 351 62 Natura
886 513 351 62 igitur
1097 513 245 62 quae,

290 591 330 58 cumque,
530 591 180 58 et
620 591 330 58 quantum
861 591 210 58 est
981 591 180 58 ex
1071 591 180 58 se
1161 591 180 58 et
1221 591 120 58 de

288 666 362 56 ratione
552 666 395 56 naturae,
848 666 231 56 est
947 666 395 56 communica-

289 743 268 63 bilis
468 743 328 63 utroque
706 743 268 63 modo,
885 743 387 63 videlicet
1153 743 179 63 plu¬-

288 820 296 61 ribus
485 820 460 61 suppositis
847 820 329 61 quorum
1044 820 296 61 quodli¬-

288 896 237 62 bet
423 896 237 62 sit
559 896 338 62 ipsum,
795 896 203 62 et
897 896 304 62 etiam
1099 896 203 62 ut
1167 896 169 62 quo

282 972 414 61 tanquam
584 972 339 61 forma
810 972 264 61 qua
923 972 414 61 singulare

285 1049 223 60 vel
413 1049 446 60 suppositum
763 1049 223 60 sit
891 1049 223 60 ens
986 1049 351 60 quiddita-

285 1125 262 60 tive
449 1125 229 60 vel
580 1125 328 60 habens
810 1125 393 60 naturam.
1072 1125 262 60 Suppo¬-

288 1200 294 49 situm
484 1200 294 49 autem
680 1200 229 49 est
778 1200 555 49 incommunicabile

287 1277 349 60 duplici
541 1277 729 60 incommunicabilitate
1143 1277 190 60 sibi

267 1353 315 61 opposita.

349 1429 190 61 Ex
444 1429 222 61 his
571 1429 444 61 declaratur
920 1429 222 61 (d)
1015 1429 317 61 proposi¬-

292 1505 252 61 tum,
449 1505 189 61 et
543 1505 283 61 primo
732 1505 220 61 sic
858 1505 157 61 :
921 1505 315 61 Natura
1110 1505 220 61 quae¬-

292 1580 315 62 cumque
512 1580 221 62 est
638 1580 567 62 communicabitis
1079 1580 252 62 pluri¬-

288 1657 208 61 bus
407 1657 208 61 per
526 1657 476 61 identitatem;
913 1657 298 61 igitur
1092 1657 238 61 natura

287 1733 336 49 divina
523 1733 235 49 est
657 1733 639 49 communicabitis.
1162 1733 168 49 Hoc

291 1809 275 60 etiam
475 1809 275 60 patet
658 1809 183 60 ex
750 1809 428 60 quaestione
1055 1809 275 60 praepo¬-

295 1885 259 51 sita.
468 1885 201 51 Non
583 1885 201 51 est
698 1885 259 51 autem
870 1885 460 51 divisibilis,
1215 1885 115 51 ex

295 1961 426 61 quaestione
630 1961 183 61 de
721 1961 335 61 unitate
965 1961 244 61 Dei,
1086 1961 244 61 igitur

292 2037 628 50 communicabiliter
826 2037 251 50 sine
951 2037 377 50 divisione.

350 2115 208 60 Hoc
469 2115 268 60 etiam
648 2115 357 60 arguitur
916 2115 208 60 (e)
1035 2115 208 60 sic
1154 2115 149 60 :
1183 2115 149 60 Na¬-

294 2191 230 61 tura
438 2191 288 61 divina
640 2191 173 61 et
726 2191 346 61 quidquid
985 2191 259 61 inest
1129 2191 202 61 natu¬-

293 2267 220 62 rae
418 2267 189 62 ut
513 2267 314 62 natura
733 2267 252 62 est,
890 2267 220 62 est
984 2267 346 62 perfectio

295 2342 444 61 simpliciter
651 2342 148 61 ;
710 2342 267 61 omnis
888 2342 385 61 perfectio
1154 2342 178 61 sim¬-

292 2419 378 63 pliciter
575 2419 221 63 est
701 2419 567 63 communicabitis
1142 2419 189 63 plu¬-

292 2495 335 61 ribus,
526 2495 302 61 ergo,
727 2495 268 61 etc.
895 2495 369 61 Minorem
1129 2495 201 61 pro¬-

297 2573 172 57 bo,
396 2573 320 57 perfectio
642 2573 369 57 simpliciter
937 2573 172 57 est
1036 2573 197 57 quae
1134 2573 197 57 melius

277 2645 291 55 Perfectio
501 2645 157 55 est
590 2645 179 55 imam
702 2645 179 55 esse
815 2645 179 55 quam
927 2645 157 55 non
1016 2645 224 55 ipsum.
1151 2645 179 55 Ansel-

274 2724 226 60 quid?
425 2724 176 60 mus
525 2724 251 60 Monol.
701 2724 201 60 cap.
827 2724 176 60 15.
928 2724 201 60 quod
1053 2724 176 60 sic
1129 2724 201 60 intel-

292 2800 346 63 ligitur,
552 2800 231 63 quod
696 2800 375 63 perfectio
955 2800 375 63 simpliciter

290 2877 214 61 est
413 2877 336 61 melius,
657 2877 397 61 quocumque
963 2877 245 61 sibi
1085 2877 245 61 incom-

289 2948 376 64 possibili
578 2948 173 64 in
665 2948 347 64 quolibet
925 2948 376 64 supposito
1185 2948 144 64 ab¬-

287 3024 316 52 solute
509 3024 506 52 considerato,
919 3024 221 52 hoc
1046 3024 253 52 est,
1172 3024 158 52 non

282 3100 540 59 determinando
721 3100 202 59 in
822 3100 236 59 qua
957 3100 337 59 natura
1159 3100 169 59 sit

290 3176 260 50 illud
463 3176 433 50 subsistens.
810 3176 202 50 Sed
925 3176 173 50 si
1012 3176 289 50 natura
1185 3176 144 50 di¬-

286 3252 238 50 vina
435 3252 477 50 determinaret
823 3252 179 50 se
912 3252 179 50 ad
971 3252 358 50 subsisten¬-

287 3329 269 60 tiam
455 3329 706 60 incommunicabilem,
1060 3329 269 60 ipsa
1195 3329 134 60 in

290 3405 275 61 nullo
474 3405 275 61 esset
657 3405 306 61 melior
871 3405 397 61 quocumque
1147 3405 183 61 sibi

295 3481 547 63 incompossibili,
756 3481 230 63 nisi
899 3481 173 63 in
986 3481 230 63 illa
1101 3481 230 63 subsi¬-

294 3558 344 66 stentia
544 3558 188 66 ad
638 3558 251 66 quam
795 3558 188 66 se
857 3558 470 66 determinaret,

1389 289 223 58 quia
1529 289 335 58 cuilibet
1780 289 223 58 alii
1920 289 475 58 subsistentiae
2282 289 140 58 es¬-

1387 365 226 64 set
1516 365 646 64 incompossibilis;
2065 365 323 64 igitur
2259 365 162 64 non

1388 441 248 63 esset
1554 441 359 63 perfectio
1803 441 387 63 simpliciter.

1447 516 243 63 Item
1599 516 395 63 perfectio
1902 516 456 63 simpliciter
2237 516 182 63 est,

1386 594 345 60 quantum
1637 594 220 60 est
1762 594 188 60 ex
1857 594 220 60 se,
1982 594 377 60 quolibet
2234 594 188 60 sibi

1384 665 615 61 incompossibili,
1902 665 324 61 melior
2096 665 324 61 cuilibet

1382 744 436 63 supposito
1717 744 402 63 absolute
2018 744 369 63 sumpto,
2253 744 168 63 se¬-

1380 820 335 63 cundum
1615 820 402 63 rationem
1917 820 469 63 suppositi;
2252 820 168 63 na¬-

1381 896 244 50 tura
1534 896 305 50 divina
1748 896 214 50 non
1870 896 214 50 est
1992 896 214 50 sic
2114 896 305 50 melior
2297 896 122 50 ex

1379 970 455 60 hypothesi;
1736 970 357 60 igitur,
1996 970 260 60 etc.
2126 970 292 60 Minorem

1379 1046 306 61 probo,
1594 1046 245 61 ipsa
1747 1046 184 61 ex
1838 1046 184 61 se
1930 1046 428 61 determinat
2236 1046 184 61 sibi

1379 1122 306 64 unicam
1594 1122 551 64 subsistentiam;
2053 1122 306 64 igitur
2236 1122 184 64 ipsa

1381 1199 173 50 in
1468 1199 173 50 se
1554 1199 202 50 est
1669 1199 576 50 incommunicabilis
2130 1199 288 50 cuilibet

1379 1274 288 62 alteri
1581 1274 490 62 subsistentiae
1985 1274 259 62 etiam
2129 1274 288 62 praecise

1380 1348 335 58 acceptae
1632 1348 168 58 ut
1715 1348 196 58 est
1827 1348 447 58 subsistentia
2163 1348 252 58 altera,

1376 1421 208 63 non
1495 1421 475 63 considerando
1881 1421 505 63 scilicet'quod
2267 1421 148 63 sit

1376 1500 184 62 in
1468 1500 306 62 altera
1683 1500 306 62 natura
1897 1500 184 62 et
1989 1500 306 62 ultra;
2173 1500 245 62 igitur

1376 1577 231 59 ipsa
1521 1577 173 59 ex
1607 1577 173 59 se
1694 1577 202 59 non
1810 1577 202 59 est
1925 1577 289 59 melior
2128 1577 289 59 alteri
2301 1577 116 59 ut

1373 1654 215 48 est
1496 1654 307 48 altera
1711 1654 522 48 subsistentia.
2110 1654 307 48 Probatur

1375 1729 274 61 prima
1557 1729 518 61 consequentia,
1984 1729 244 61 quia
2137 1729 274 61 sicut
2289 1729 122 61 ex

1376 1806 178 53 se
1465 1806 416 53 determinat
1792 1806 238 53 sibi
1941 1806 327 53 unicum,
2178 1806 208 53 ita
2267 1806 149 53 re¬-

1376 1885 305 61 pugnat
1590 1885 244 61 sibi
1743 1885 397 61 quodlibet
2048 1885 336 61 alterum
2261 1885 153 61 in-

1375 1958 502 62 compossibile
1782 1958 282 62 illi;
1970 1958 188 62 ex
2033 1958 376 62 hypothesi,

1374 2035 306 54 natura
1589 2035 306 54 divina
1803 2035 429 54 determinat
2140 2035 245 54 sic,
2263 2035 153 54 non

1372 2111 326 60 tantum
1601 2111 554 60 subsistentiam
2057 2111 228 60 qua
2188 2111 228 60 sit
2286 2111 130 60 in

1373 2187 228 60 una
1504 2187 358 60 natura,
1764 2187 260 60 quia
1927 2187 228 60 cum
2057 2187 228 60 hoc
2155 2187 260 60 staret

1374 2264 368 56 trinitas
1650 2264 153 56 ,
1711 2264 214 56 sed
1834 2264 521 56 subsistentiam
2232 2264 184 56 hanc

1380 2341 326 56 unicam,
1617 2341 178 56 et
1706 2341 178 56 ut
1795 2341 237 56 hanc
1943 2341 178 56 in
2032 2341 326 56 ratione
2239 2341 178 56 sub¬-

1377 2419 428 53 sistentiae
1713 2419 153 53 ,
1775 2419 214 53 non
1897 2419 458 53 concernendo
2233 2419 183 53 tan¬-

1375 2494 252 61 tum,
1532 2494 252 61 quia
1690 2494 189 61 in
1784 2494 221 61 hac
1879 2494 284 61 natura.

1433 2569 348 60 Secunda
1686 2569 506 60 consequentia
2065 2569 348 60 probatur,

1378 2644 229 63 quia
1521 2644 257 63 sicut
1693 2644 200 63 est
1807 2644 515 63 incompossibile
2208 2644 200 63 huic,

1368 2720 253 60 ita
1512 2720 253 60 non
1657 2720 253 60 est
1801 2720 361 60 melius
2053 2720 289 60 huic
2198 2720 216 60 quam

1374 2797 452 64 quodcumque
1729 2797 258 64 sibi
1858 2797 549 64 incompossibile.

1431 2873 216 60 Hoc
1554 2873 277 60 etiam
1739 2873 216 60 (f)
1862 2873 370 60 arguitur
2140 2873 185 60 ex
2201 2873 216 60 parte

1375 2950 357 61 rationis
1643 2950 417 61 suppositi.
1971 2950 238 61 Quia
2119 2950 238 61 enim
2238 2950 179 61 sup¬-

1373 3025 338 64 positum
1619 3025 184 64 de
1711 3025 338 64 ratione
1957 3025 215 64 sui
2080 3025 215 64 est
2172 3025 246 64 incom¬-

1372 3101 457 61 municabile
1731 3101 522 61 simpliciter,
2156 3101 196 61 et
2221 3101 196 61 ideo

1374 3177 275 63 ratio
1558 3177 397 63 suppositi
1864 3177 214 63 non
1986 3177 214 63 est
2078 3177 336 63 perfectio

1373 3253 506 64 simpliciter,
1784 3253 253 64 modo
1942 3253 442 64 praedicto,
2258 3253 158 64 non

1375 3329 348 65 oportet
1628 3329 285 65 illam
1818 3329 380 65 rationem
2071 3329 348 65 includere

1370 3405 470 65 quamlibet
1731 3405 434 65 rationem
2057 3405 325 65 entis
2237 3405 181 65 per

1374 3482 506 59 identitatem,
1785 3482 190 59 et
1880 3482 221 59 ita
2006 3482 316 59 potest
2196 3482 221 59 stare

1378 3556 237 66 alia
1526 3556 267 66 ratio
1704 3556 385 66 distincta
2000 3556 415 66 suppositi.
2297 3556 118 66 Si
