2653 3950
265 315 296 60 &utein
473 315 326 60 possunt
710 315 267 60 stare
887 315 237 60 duae
1006 315 296 60 rationes

266 389 403 62 distinctse
583 389 403 62 suppositi;
899 389 288 62 igitur
1101 389 173 62 et
1158 389 144 62 duo

267 466 384 60 supposita
563 466 384 60 distincta
858 466 266 60 etiam
1035 466 236 60 sine
1153 466 148 60 di¬-

265 542 303 60 visione
486 542 330 60 naturae,
733 542 248 60 ergo,
871 542 165 60 etc.

320 619 229 60 Hoc
451 619 458 60 propositum
811 619 327 60 quarto
1040 619 229 60 (g)
1138 619 164 60 de¬-

263 695 378 60 claratur
546 695 189 60 ex
641 695 473 60 infinitate,
1019 695 252 60 quae
1145 695 158 60 est

263 770 346 54 conditio
523 770 346 54 naturae,
782 770 173 54 et
869 770 202 54 hoc
984 770 202 54 sic
1099 770 144 54 :
1128 770 173 54 For¬-

264 848 208 60 ma,
383 848 237 60 quae
531 848 208 60 est
650 848 296 60 aliquo
857 848 237 60 modo
976 848 326 60 illimita-

257 922 195 60 ta
355 922 195 60 in
453 922 489 60 perficiendo
844 922 391 60 materiam
1105 922 195 60 sine

264 998 202 60 sui
379 998 461 60 distinctione
754 998 173 60 et
840 998 403 60 extensione
1128 998 173 60 qua¬-

260 1073 397 61 licumque,
566 1073 305 61 potest
780 1073 397 61 perficere
1055 1073 244 61 plures

256 1148 326 60 partes
485 1148 424 60 materiae.
811 1148 424 60 Exemplum,
1104 1148 196 60 ani¬-

262 1223 173 61 ma
349 1223 491 61 intellectiva,
753 1223 231 61 quae
898 1223 202 61 non
1013 1223 202 61 est
1100 1223 202 61 limi¬-

257 1300 253 60 tata
416 1300 190 60 ad
511 1300 507 60 perficiendum
922 1300 253 60 hanc
1049 1300 253 60 partem

260 1374 356 60 corporis
528 1374 356 60 organici
795 1374 238 60 sine
944 1374 208 60 sui
1033 1374 267 60 divisi¬-

259 1453 235 58 one
394 1453 201 58 et
494 1453 470 58 extensione
830 1453 470 58 qualicumque,

261 1528 208 61 vel
380 1528 208 61 per
499 1528 178 61 se
588 1528 208 61 vel
707 1528 208 61 per
826 1528 357 61 accidens
1064 1528 238 61 potest

260 1603 423 62 perficere
586 1603 293 62 aliam
781 1603 325 62 partem
977 1603 325 62 corporis

261 1680 422 61 organici.
585 1680 260 61 Ista
747 1680 260 61 enim
877 1680 422 61 proprietas,

255 1756 413 60 videlicet
573 1756 254 60 quod
732 1756 286 60 forma
923 1756 222 60 non
1018 1756 286 60 distin¬-

255 1833 318 60 guatur
478 1833 191 60 et
573 1833 286 60 tamen
763 1833 413 60 perficiat
1049 1833 254 60 plures

257 1909 308 60 partes
473 1909 370 60 corporis
750 1909 216 60 vel
874 1909 401 60 materiae,
1151 1909 154 60 non

256 1984 381 61 competit
542 1984 318 61 animae
764 1984 349 61 ratione
987 1984 318 61 imperfe¬-

258 2061 381 60 ctionis,
544 2061 254 60 quia
702 2061 254 60 ipsa
861 2061 349 60 ponitur
1083 2061 222 60 forma

256 2137 540 59 perfectissima
701 2137 286 59 inter
891 2137 286 59 omnes
1050 2137 254 59 formas

256 2212 442 54 naturales,
604 2212 284 54 omnes
794 2212 284 54 autem
983 2212 284 54 aliae
1141 2212 158 54 im¬-

257 2288 493 60 perfectiores
657 2288 308 60 carent
873 2288 246 60 isto
1027 2288 277 60 gradu
1181 2288 123 60 in

254 2364 507 59 perficiendo.
666 2364 285 59 Omnes
856 2364 254 59 enim
983 2364 317 59 limitan¬-

256 2439 204 61 tur
372 2439 175 61 ad
460 2439 495 61 perficiendum,
867 2439 204 61 nec
955 2439 349 61 perficiunt

253 2515 329 59 plures
483 2515 329 59 partes
713 2515 394 59 materiae
1009 2515 263 59 sine
1141 2515 164 59 ex¬-

253 2591 372 60 tensione
532 2591 217 60 per
656 2591 403 60 accidens.
967 2591 186 60 Ex
1060 2591 217 60 hoc
1153 2591 155 60 ar¬-

256 2667 216 60 guo
380 2667 216 60 sic
503 2667 154 60 :
565 2667 185 60 Si
658 2667 278 60 talis
843 2667 309 60 unitas
1059 2667 216 60 sit
1152 2667 154 60 cum

258 2744 478 61 pluralitate,
646 2744 179 61 et
736 2744 209 61 non
855 2744 179 61 ex
915 2744 388 61 imperfecti¬-

259 2820 222 61 one
386 2820 318 61 illius
609 2820 254 61 quod
767 2820 222 61 est
894 2820 286 61 unum;
1053 2820 254 61 igitur

259 2897 401 62 subtracto
567 2897 247 62 omni
721 2897 185 62 eo
814 2897 247 62 quod
968 2897 216 62 est
1060 2897 247 62 imper¬-

259 2972 390 62 fectionis
559 2972 180 62 ex
649 2972 330 62 utraque
888 2972 300 62 parte,
1068 2972 240 62 potest

260 3047 269 62 stare
440 3047 359 62 perfecta
709 3047 299 62 unitas
919 3047 210 62 cum
1009 3047 299 62 plurali¬-

255 3127 305 59 tate,
459 3127 238 59 sed
594 3127 271 59 quod
764 3127 305 59 anima
934 3127 373 59 perficiat

265 3202 410 60 materiam,
581 3202 221 60 hoc
707 3202 221 60 est
802 3202 505 60 imperfectionis

267 3276 174 62 in
354 3276 203 62 ea;
470 3276 232 62 quod
614 3276 260 62 etiam
788 3276 232 62 illa
933 3276 260 62 plura
1077 3276 232 62 perfe¬-

259 3352 204 59 cta
375 3352 233 59 sint
521 3352 291 59 partes
725 3352 320 59 ejusdem
958 3352 320 59 totius,
1161 3352 146 59 hoc

264 3428 264 57 etiam
440 3428 206 57 est
528 3428 499 57 imperfectionis.

322 3502 179 60 Si
412 3502 298 60 igitur
620 3502 358 60 tollatur
889 3502 179 60 ab
978 3502 298 60 anima,
1157 3502 149 60 hoc

258 3579 247 59 quod
412 3579 216 59 est
536 3579 401 59 perficere
844 3579 401 59 materiam.
1153 3579 185 59 et
1214 3579 93 59 a

1346 319 346 60 pluribus
1606 319 259 60 illis
1779 319 432 60 distinctis,
2125 319 202 60 hoc
2211 319 173 60 quod

1347 395 207 59 est
1466 395 236 59 esse
1613 395 296 59 partes
1820 395 266 59 unius
1998 395 296 59 totius
2205 395 148 59 ,
2234 395 148 59 re¬-

1346 469 368 62 manebit
1613 469 301 62 forma
1814 469 334 62 habens
2014 469 368 62 perfectam

1346 545 422 49 unitatem,
1670 545 227 49 sed
1800 545 227 49 non
1930 545 422 49 informans
2222 545 162 49 ma¬-

1349 621 307 59 teriam,
1572 621 195 59 sed
1684 621 223 59 dans
1824 621 279 59 totale
2019 621 251 59 esse,
2187 621 168 59 et
2242 621 140 59 hoc

1348 696 346 62 pluribus
1608 696 432 62 distinctis,
1954 696 231 62 quae
2098 696 202 62 non
2184 696 202 62 erunt

1348 774 296 59 partes
1556 774 266 59 unius
1733 774 325 59 totius,
1970 774 207 59 sed
2088 774 266 59 erunt
2236 774 148 59 per

1349 849 183 53 se
1440 849 518 53 subsistentes,
1867 849 183 53 et
1958 849 244 53 tunc
2111 849 244 53 erit
2233 849 152 53 una

1342 925 316 60 natura
1563 925 253 60 dans
1721 925 316 60 totale
1942 925 253 60 esse
2068 925 316 60 pluribus

1345 1001 416 60 suppositis
1672 1001 446 60 distinctis;
2029 1001 238 60 ergo
2148 1001 238 60 essen¬-

1345 1075 202 63 tia
1460 1075 288 63 divina
1662 1075 231 63 quse
1806 1075 202 63 est
1922 1075 317 63 penitus
2124 1075 259 63 illimi-

1344 1153 275 60 tata,
1528 1153 153 60 a
1589 1153 214 60 qua
1712 1153 367 60 aufertur
1987 1153 367 60 quidquid
2232 1153 153 60 est

1344 1227 565 62 imperfectionis,
1820 1227 297 62 potest
2028 1227 238 62 dare
2147 1227 238 62 totale

1347 1305 224 60 esse
1487 1305 336 60 pluribus
1739 1305 392 60 suppositis
2019 1305 364 60 distinctis.

1605 1424 478 41 COMMENTARIUS.

1403 1534 172 55 (aj
1502 1534 147 55 Ad
1575 1534 245 55 primam
1747 1534 393 55 quaestionem,
2066 1534 147 55 in
2140 1534 172 55 qua
2213 1534 172 55 quae¬-

1353 1612 262 50 rebatur
1544 1612 119 50 :
1592 1612 143 50 An
1663 1612 310 50 possibile
1901 1612 167 50 sit
1997 1612 167 50 cum
2092 1612 262 50 unitate
2259 1612 119 50 es¬-

1353 1689 258 50 sentiae
1540 1689 258 50 divinae
1728 1689 211 50 stare
1869 1689 375 50 pluralitatem
2150 1689 235 50 persona¬-

1349 1766 208 51 rum?
1479 1766 156 51 In
1557 1766 208 51 ista
1686 1766 363 51 quaestione
1972 1766 259 51 Doctor
2128 1766 259 51 declarat

1351 1841 227 51 primo
1502 1841 303 51 rationem
1730 1841 354 51 suppositi,
2008 1841 152 51 et
2084 1841 253 51 deinde
2235 1841 152 51 pro¬-

1353 1917 171 51 bat
1450 1917 294 51 intentum
1646 1917 318 51 principale.

1404 1992 266 41 Primum
1591 1992 186 41 ibi
1697 1992 133 41 :
1750 1992 160 41 Ad
1830 1992 319 41 videndum
2069 1992 239 41 autem
2202 1992 186 41 istam

1353 2067 575 50 incompossibilitalem,
1857 2067 264 50 videnda
2048 2067 168 50 est
2144 2067 216 50 ratio
2264 2067 120 50 ex¬-

1353 2144 328 51 tremorum,
1605 2144 302 51 scilicet
1832 2144 277 51 naturae
2033 2144 151 51 et
2084 2144 302 51 suppositi.

1356 2220 132 52 Et
1422 2220 132 52 ut
1488 2220 176 52 ista
1598 2220 242 52 littera
1773 2220 242 52 clarius
1949 2220 373 52 intelligatur,
2234 2220 154 52 prae¬-

1356 2294 217 51 mitto
1500 2294 265 51 aliqua.
1693 2294 265 51 Primum,
1886 2294 193 51 ista
2006 2294 313 51 differunt
2223 2294 169 51 inter

1355 2371 155 52 se
1433 2371 362 52 individuum
1717 2371 207 52 sive
1847 2371 362 52 singulare,
2131 2371 207 52 quod
2235 2371 155 52 idem

1355 2442 191 50 est
1464 2442 381 50 suppositum
1763 2442 163 50 et
1845 2442 327 50 persona.
2063 2442 327 50 Individuum

1353 2518 286 52 proprie
1561 2518 208 52 sive
1691 2518 338 52 singulare
1950 2518 156 52 in
2028 2518 338 52 creaturis
2262 2518 130 52 est

1359 2593 187 50 quid
1475 2593 351 50 constitutum
1756 2593 140 50 ex
1826 2593 234 50 natura
1990 2593 140 50 et
2036 2593 351 50 liaecceitate,

1355 2667 181 53 ita
1459 2667 207 53 quod
1588 2667 362 53 haecceitas
1873 2667 181 53 est
1976 2667 285 53 quaedam
2157 2667 233 53 entitas

1355 2744 304 48 positiva
1582 2744 329 48 actualis,
1835 2744 354 48 contrahens
2114 2744 278 48 naturam
2291 2744 101 48 ad

1359 2821 201 51 esse
1485 2821 327 51 singulare
1736 2821 201 51 sive
1862 2821 151 51 ad
1938 2821 201 51 esse
2039 2821 352 51 incommunica¬-

1357 2897 184 53 bile
1472 2897 138 53 ut
1541 2897 207 53 quod,
1678 2897 138 53 ut
1747 2897 321 53 subtiliter
2000 2897 207 53 patet
2138 2897 115 53 a
2183 2897 207 53 Docto
2298 2897 92 53 re

1359 2974 202 55 infra
1493 2974 291 55 distinet.
1717 2974 134 55 5.
1784 2974 246 55 quaest.
1963 2974 134 55 2.
2031 2974 134 55 et
2098 2974 202 55 magis
2210 2974 179 55 diffu¬-

1361 3052 129 50 se
1425 3052 129 50 in
1489 3052 129 50 2.
1554 3052 279 50 distinet.
1769 3052 129 50 3.
1833 3052 129 50 in
1898 3052 365 50 quaestionibus
2199 3052 129 50 de
2242 3052 150 50 indi-

1355 3128 420 40 viduatione.
1691 3128 196 40 Nam
1803 3128 224 40 esse
1914 3128 476 40 incommunicabile

1356 3204 292 52 proprie
1569 3204 159 52 ut
1649 3204 212 52 quod
1781 3204 186 52 est
1888 3204 186 52 non
1994 3204 266 52 habere
2153 3204 239 52 aliquid

1358 3279 289 51 inferius
1574 3279 144 51 de
1647 3279 168 51 quo
1743 3279 240 51 possit
1911 3279 337 51 praedicari
2176 3279 144 51 in
2224 3279 168 51 recto

1357 3354 188 52 sive
1475 3354 400 52 praedicatione
1805 3354 282 52 dicente,
2016 3354 165 52 hoc
2111 3354 165 52 est
2205 3354 188 52 hoc,
2299 3354 94 52 et

1353 3431 181 52 hoc
1457 3431 207 52 modo
1586 3431 336 52 quodlibet
1845 3431 336 52 singulare
2103 3431 155 52 in
2155 3431 233 52 quocum¬-

1356 3507 177 51 que
1457 3507 429 51 Praedicamento
1810 3507 177 51 est
1911 3507 379 51 simpliciter
2189 3507 202 51 incom¬-

1353 3584 354 51 municabile
1631 3584 152 51 ut
1707 3584 227 51 quod,
1858 3584 152 51 ut
1934 3584 253 51 palet.
2111 3584 152 51 Et
2187 3584 202 51 dixi
2288 3584 101 51 de
