2653 3979
148 373 262 59 apparet
339 373 190 59 quod
458 373 167 59 pro
553 373 214 59 statu
696 373 214 59 isto,
839 373 167 59 nec
934 373 167 59 via
1005 373 167 59 natu¬-

147 448 238 60 rali,
305 448 185 60 nec
411 448 476 60 supernaturali,
807 448 132 60 (
860 448 317 60 loquendo
1071 448 106 60 de

146 524 291 59 communi
357 524 211 59 lege
489 524 132 59 )
542 524 291 59 habemus
753 524 317 59 notitiam
965 524 211 59 incom-

146 599 257 59 plexam,
332 599 327 59 distinctam
589 599 117 59 '
636 599 140 59 de
705 599 233 59 aliqua
869 599 327 59 substantia
1102 599 70 59 ;

145 675 172 58 nec
244 675 147 58 de
317 675 368 58 substantiis
611 675 319 58 separatis
856 675 123 58 ;
905 675 172 58 nec
1003 675 147 58 de
1052 675 123 58 ma¬-

144 749 221 60 teria
292 749 221 60 prima
439 749 123 60 ;
488 749 172 60 nec
586 749 147 60 de
660 749 245 60 aliquo
831 749 319 60 singulari
1052 749 123 60 sub

146 827 263 59 ratione
337 827 454 59 singularitatis,
720 827 191 59 quia
839 827 263 59 virtute
1007 827 167 59 phan¬-

146 903 308 57 tasmatis
377 903 282 57 habetur
582 903 256 57 tantum
762 903 308 57 cognitio
967 903 205 57 eorum,

149 977 183 60 quae
263 977 389 60 essentialiter
584 977 160 60 vel
675 977 343 60 virtualiter
927 977 252 60 includun¬-

146 1052 176 60 tur
247 1052 151 60 in
322 1052 428 60 sensibilibus,
675 1052 252 60 quorum
851 1052 252 60 tantum
1002 1052 176 60 habe¬-

148 1127 185 61 mus
253 1127 423 61 phantasmata.
597 1127 212 61 Modo
729 1127 238 61 nulla
862 1127 317 61 substantia

148 1202 227 58 movet
299 1202 378 58 intellectum
601 1202 277 58 nostrum
802 1202 126 58 a
853 1202 126 58 1
903 1202 176 58 sui
979 1202 201 58 cogni¬-

144 1282 253 57 tionem,
328 1282 138 57 ut
397 1282 230 57 probat
557 1282 230 57 Doctor
718 1282 207 57 disl.
856 1282 138 57 3.
925 1282 253 57 queest.
1085 1282 92 57 3.

142 1356 159 56 Et
222 1356 266 56 ultra,
408 1356 159 56 de
488 1356 372 56 substantia
780 1356 292 56 habemus
966 1356 213 56 tantum

147 1431 335 60 conceptum,
410 1431 167 60 qui
506 1431 406 60 essentialiter
840 1431 335 60 continetur
1079 1431 96 60 in

125 1505 117 62 *
171 1505 234 62 aliquo
335 1505 327 62 sensibili,
592 1505 140 62 ut
663 1505 234 62 probat
826 1505 234 62 Doctor
967 1505 210 62 ibidem;

147 1582 168 59 et
231 1582 196 59 hoc
343 1582 224 59 idem
483 1582 168 59 de
567 1582 308 59 materia
792 1582 280 59 prima,
988 1582 196 59 nec
1072 1582 112 59 de

149 1659 258 60 aliquo
330 1659 362 60 singulari,
614 1659 284 60 habemus
821 1659 336 60 conceptus
1054 1659 129 60 di¬-

151 1736 275 59 stinctos
358 1736 161 59 sub
449 1736 253 59 ratione
633 1736 436 59 singularitatis,
1000 1736 138 59 ut
1046 1736 138 59 ipse

151 1814 245 58 probat
323 1814 147 58 in
397 1814 147 58 1.
470 1814 343 58 Metciphys.
740 1814 221 58 suce,
887 1814 270 58 queesf.
1058 1814 123 58 15.

150 1886 252 60 Tantum
326 1886 202 60 ergo
452 1886 202 60 illa
579 1886 303 60 complexa
806 1886 177 60 pro
907 1886 227 60 statu
1033 1886 151 60 isto

148 1965 440 60 cognoscuntur,
511 1965 207 60 quae
640 1965 285 60 virtute
821 1965 363 60 phantasmatum

150 2041 152 59 et
226 2041 379 59 intellectus
529 2041 278 59 agentis
731 2041 329 59 habentur,
984 2041 152 59 et
1034 2041 152 59 sunt

148 2116 217 55 omnia
293 2116 338 55 sensibilia
558 2116 145 55 in
631 2116 169 55 se,
727 2116 145 55 et
800 2116 217 55 omnia
920 2116 266 55 essentia¬-

152 2190 220 47 liter
298 2190 147 47 et
372 2190 367 47 virtualiter
665 2190 294 47 contenta
885 2190 147 47 in
934 2190 147 47 eis.

214 2267 162 61 (b)
306 2267 139 61 Et
376 2267 185 61 ideo
491 2267 208 61 licet
630 2267 208 61 Deus.
769 2267 208 61 Dicit
908 2267 231 61 Doctor
1046 2267 139 61 quod

153 2345 271 61 quamvis
351 2345 148 61 ex
425 2345 296 61 speciali
647 2345 345 61 privilegio
918 2345 247 61 possit
1066 2345 123 61 re¬-

156 2421 240 59 velari
324 2421 240 59 alicui
492 2421 264 59 simplex
685 2421 264 59 notitia
877 2421 144 59 et
925 2421 264 59 distincta

161 2499 334 59 Deitatis,
418 2499 154 59 ut
495 2499 154 59 in
572 2499 231 59 raptu
727 2499 283 59 aliquo,
932 2499 180 59 non
1009 2499 180 59 tamen

156 2572 191 59 hoc
265 2572 191 59 est
374 2572 327 59 secundum
619 2572 327 59 communem
864 2572 272 59 legem,
1028 2572 163 59 quia

162 2649 215 63 fides
306 2649 168 63 est
401 2649 263 63 proprie
593 2649 144 63 de
665 2649 311 63 complexis
904 2649 215 63 nobis
1024 2649 168 63 reve¬-

163 2723 245 67 latis,
334 2723 245 67 quorum
505 2723 269 67 termini
701 2723 269 67 possunt
897 2723 220 67 fieri
1020 2723 171 67 nobis

166 2799 220 64 noti,
312 2799 269 64 virtute
507 2799 391 64 phantasmatum
825 2799 146 64 et
874 2799 317 64 intellectus

164 2874 301 68 agentis,
390 2874 150 68 ut
465 2874 226 68 infra
615 2874 301 68 patebit,
841 2874 150 68 in
916 2874 276 68 queest.
1092 2874 100 68 de

164 2950 280 67 Subjecto
374 2950 351 67 Theologice,
654 2950 140 67 in
725 2950 187 67 illa
841 2950 280 67 scilicet
1028 2950 164 67 quae¬-

163 3026 251 60 stione
339 3026 126 60 :
389 3026 151 60 An
464 3026 327 60 Theologia
716 3026 176 60 sil
816 3026 151 60 de
892 3026 302 60 omnibus.
1093 3026 101 60 Et

162 3100 263 69 quando
346 3100 342 69 revelatur
609 3100 237 69 nobis
768 3100 184 69 hoc
873 3100 342 69 complexum
1110 3100 79 69 :

163 3178 201 57 Deus
289 3178 176 57 est
389 3178 251 57 Irinus
565 3178 151 57 et
640 3178 226 57 unus,
791 3178 176 57 non
892 3178 276 57 habemus
1067 3178 126 57 no¬-

161 3253 245 65 titiam
333 3253 319 65 simplicem
579 3253 319 65 Deitatis,
824 3253 147 65 et
873 3253 319 65 incomplexam

160 3327 163 60 et
241 3327 409 60 distinctam,
568 3327 191 60 sed
677 3327 272 60 tantum
841 3327 354 60 cognoscimus

163 3404 184 68 per
268 3404 421 68 revelationem
610 3404 211 68 quod
742 3404 184 68 est
847 3404 289 68 aliquod
1031 3404 158 68 ens,

161 3480 224 68 quod
301 3480 363 68 nominamus
580 3480 252 68 Deum,
748 3480 224 68 quod
888 3480 196 68 est
971 3480 224 68 irinum

163 3574 154 34 et
215 3574 179 34 unum.

127 3630 193 73 53.
237 3630 193 73 (c)
347 3630 248 73 Utrum
512 3630 248 73 autem
677 3630 220 73 post
814 3630 275 73 primam
979 3630 220 73 tradi¬

1228 375 261 63 tionem.
1418 375 238 63 Doctor
1585 375 143 63 in
1656 375 143 63 3.
1727 375 238 63 clist.
1894 375 166 63 23.
1989 375 214 63 docet
2107 375 143 63 quo¬-

1227 450 196 60 modo
1350 450 270 60 aliquis
1546 450 368 60 naturaliter
1840 450 245 60 potest
1987 450 270 60 assentire

1226 525 297 62 articulis
1455 525 206 62 fidei
1592 525 320 62 revelatis,
1843 525 137 62 et
1911 525 137 62 in
1980 525 251 62 queest.
2140 525 114 62 14.

1230 600 274 51 Quodlib.
1435 600 137 51 Et
1504 600 160 51 sic
1595 600 182 51 isti
1709 600 274 51 articuli
1914 600 205 51 fidei
2028 600 228 51 dicuntur

1224 678 491 62 supernaturaliter
1642 678 295 62 traditi,
1863 678 196 62 quia
1986 678 246 62 tantum
2133 678 123 62 per

1222 753 381 48 revelationem
1532 753 262 48 divinae
1698 753 310 48 voluntatis.

1286 827 159 64 (d)
1377 827 227 64 Aliter
1536 827 204 64 etiam
1672 827 227 64 potest
1831 827 204 64 elici
1945 827 318 64 supernatura-

1227 904 197 64 lis.
1350 904 246 64 Doctor
1523 904 295 64 declarat
1744 904 271 64 quomodo
1941 904 295 64 cognitio
2138 904 123 64 re¬-

1227 982 313 61 velatorum
1467 982 409 61 necessariorum
1804 982 240 61 potest
1972 982 240 61 aliter
2117 982 144 61 dici

1226 1058 469 63 supernaturalis,
1621 1058 148 63 ex
1695 1058 173 63 hoc
1794 1058 197 63 quod
1917 1058 272 63 supplet
2090 1058 173 63 vicem

1228 1135 277 58 objecti
1429 1135 478 58 supernaturalis.
1832 1135 176 58 Nam
1933 1135 302 58 essentia
2134 1135 126 58 di¬-

1231 1211 188 59 vina
1348 1211 141 59 ut
1418 1211 281 59 cognita,
1629 1211 188 59 nata
1746 1211 164 59 est
1840 1211 234 59 facere
2004 1211 164 59 vel
2074 1211 188 59 causa¬-

1231 1286 144 61 re
1303 1286 288 61 notitiam
1519 1286 216 61 hujus
1663 1286 288 61 complexi
1878 1286 120 61 :
1926 1286 192 61 Deus
2046 1286 168 61 est
2118 1286 144 61 tri¬-

1230 1364 172 59 nus
1329 1364 147 59 et
1402 1364 221 59 unus,
1549 1364 196 59 quia
1672 1364 172 59 (ut
1770 1364 294 59 declarat
1990 1364 270 59 Doctor,
2162 1364 98 59 in

1230 1439 147 60 q.
1304 1439 147 60 de
1378 1439 295 60 subjecto
1599 1439 344 60 Theologice
1869 1439 123 60 )
1918 1439 270 60 notitia
2090 1439 172 60 Theo¬-

1232 1516 251 60 logica
1408 1516 251 60 habens
1584 1516 352 60 evidentiam
1860 1516 151 60 ab
1935 1516 302 60 objecto,
2136 1516 126 60 ha¬-

1233 1592 172 58 bet
1332 1592 344 58 evidentiam
1602 1592 147 58 ab
1675 1592 196 58 illo
1798 1592 221 58 primo
1945 1592 221 58 noto;
2092 1592 147 58 et
2141 1592 123 58 sic

1233 1667 147 61 si
1307 1667 294 61 essentia
1528 1667 245 61 divina
1699 1667 221 61 esset
1846 1667 147 61 in
1920 1667 147 61 se
1993 1667 270 61 cognita
2165 1667 98 61 ab

1235 1743 229 58 aliquo
1395 1743 344 58 intellectu,
1670 1743 183 58 tunc
1785 1743 137 58 ut
1854 1743 183 58 sic,
1968 1743 275 58 causaret
2151 1743 115 58 no¬-

1232 1818 265 60 titiam
1418 1818 239 60 hujus
1577 1818 345 60 complexi;
1843 1818 212 60 Deus
1975 1818 186 60 est
2055 1818 212 60 Irinus

1234 1895 147 60 et
1308 1895 221 60 unus,
1455 1895 245 60 saltem
1627 1895 270 60 quantum
1823 1895 172 60 est
1921 1895 147 60 ex
1995 1895 221 60 parte
2118 1895 147 60 sua,

1232 1971 381 61 comparando
1531 1971 245 61 illam
1695 1971 163 61 ad
1777 1971 436 61 intellectum,
2104 1971 163 61 quem

1235 2048 272 59 potest
1425 2048 191 59 suo
1534 2048 218 59 modo
1671 2048 300 59 movere,
1889 2048 191 59 qui
1998 2048 191 59 est
2079 2048 191 59 solus

1238 2123 360 54 intellectus
1526 2123 288 54 divinus,
1742 2123 144 54 ut
1815 2123 288 54 declarat
2031 2123 240 54 Doctor
2175 2123 96 54 in

1239 2199 264 57 Quodl.
1424 2199 159 57 q.
1503 2199 185 57 14.
1609 2199 159 57 Et
1688 2199 238 57 forte
1847 2199 238 57 etiam
1979 2199 291 57 diceretur

1238 2274 196 59 quod
1361 2274 270 59 notitia
1557 2274 319 59 essentiae
1803 2274 294 59 divinae,
2024 2274 270 59 causata
2195 2274 74 59 a

1238 2350 328 57 voluntate
1490 2350 278 57 divina,
1692 2350 177 57 non
1793 2350 303 57 causaret
1995 2350 278 57 immediate

1240 2426 295 47 notitiam
1461 2426 319 47 alterius.
1707 2426 172 47 Sed
1805 2426 172 47 hoc
1904 2426 270 47 reservo
2076 2426 196 47 decla¬-

1239 2501 266 62 randum
1425 2501 159 62 in
1505 2501 159 62 q.
1585 2501 186 62 13.
1691 2501 319 62 Quodlib.
1930 2501 292 62 Notitia
2116 2501 159 62 ergo

1241 2578 216 60 hujus
1385 2578 120 60 :
1433 2578 192 60 Deus
1553 2578 168 60 est
1649 2578 240 60 trinus
1818 2578 144 60 et
1890 2578 216 60 unus,
2010 2578 264 60 diceretur

1239 2655 466 58 supernaturalis,
1632 2655 196 58 quia
1755 2655 221 58 esset
1902 2655 221 58 solum
2049 2655 123 58 a
2074 2655 196 58 volun¬-

1241 2730 192 60 tate
1361 2730 263 60 divina,
1552 2730 192 60 quae
1672 2730 192 60 sola
1792 2730 287 60 supplere
2008 2730 240 60 potest
2151 2730 120 60 vi¬-

1240 2806 172 55 cem
1339 2806 319 55 essentiae
1584 2806 294 55 divinae,
1804 2806 172 55 non
1902 2806 147 55 in
1976 2806 270 55 ratione
2147 2806 123 55 ob¬-

1236 2881 212 59 jecti
1378 2881 447 59 intelligibilis,
1754 2881 212 59 quasi
1895 2881 188 59 haec
1989 2881 282 59 propositio

1235 2957 399 59 cognoscatur
1555 2957 186 59 per
1661 2957 372 59 voluntatem
1954 2957 319 59 divinam,
2167 2957 106 59 ut

1244 3033 220 58 primo
1390 3033 317 58 cognitam,
1634 3033 171 58 sed
1731 3033 171 58 sic
1829 3033 268 58 dicitur
2000 3033 268 58 supplere,

1241 3107 199 61 quia
1365 3107 323 61 immediate
1614 3107 249 61 causat
1788 3107 224 61 talem
1912 3107 274 61 notitiam.

1300 3184 257 58 Deinde
1480 3184 308 58 declarat
1712 3184 257 58 Doctor
1891 3184 206 58 quod
1994 3184 283 58 aliquando

1243 3259 308 59 perfecte
1474 3259 308 59 supplet,
1705 3259 334 59 aliquando
1936 3259 334 59 imperfecte.

1243 3334 310 59 Perfecte
1476 3334 336 59 contingit
1734 3334 387 59 dupliciter.
2044 3334 181 59 Uno
2121 3334 155 59 modo

1246 3410 468 53 abstractive,alio
1644 3410 422 53 modointuitive.
1995 3410 164 53 Nam
2089 3410 141 53 si
2135 3410 141 53 cau¬-

1247 3487 166 61 sat
1342 3487 332 61 distinctam
1603 3487 356 61 cognitionem
1888 3487 214 61 hujus
2007 3487 261 61 complexi:

1248 3565 200 63 Deus
1373 3565 175 63 est
1473 3565 251 63 trinus
1649 3565 150 63 et
1724 3565 225 63 unus,
1874 3565 301 63 loquendo
2100 3565 150 63 d£
2150 3565 125 63 co¬-

1247 3639 301 61 gnitione
1473 3639 402 61 abstractiva,
1799 3639 201 61 tunc
1925 3639 301 61 perfecte
2125 3639 151 61 sup-
