2653 3950
139 284 517 61 municabilem,
558 284 387 61 alioquin
849 284 226 61 non
946 284 226 61 esset

139 358 355 64 positive
406 358 178 64 et
494 358 178 64 in
583 358 355 64 entitate
850 358 266 64 reali
997 358 178 64 sup¬-

139 434 343 63 positum.
397 434 172 63 Et
483 434 372 63 intelligo
769 434 200 63 sic
854 434 315 63 reaiiter,

136 510 251 63 quod
292 510 282 63 nullo
480 510 251 63 modo
637 510 219 63 per
762 510 282 63 actum
919 510 251 63 intel¬-

131 587 297 59 lectus
339 587 535 59 considerantis,
785 587 208 59 imp
904 587 238 59 quod
1022 587 149 59 ta¬-

133 662 186 51 lis
240 662 292 51 entitas
452 662 239 51 esset
612 662 186 51 ibi
718 662 159 51 si
798 662 266 51 nullus
957 662 213 51 intel¬-

132 735 280 57 lectus
328 735 476 57 consideraret,
720 735 168 57 et
804 735 196 57 sic
916 735 224 57 esse
1028 735 140 57 ibi

131 814 172 54 si
217 814 287 54 nullus
418 814 430 54 intellectus
733 814 430 54 consideraret,

128 890 244 50 dico
281 890 244 50 esse
434 890 244 50 ante
587 890 275 50 omnem
770 890 275 50 actum
923 890 244 50 intel¬-

131 965 325 59 lectus;
368 965 207 59 non
486 965 207 59 est
604 965 266 59 autem
782 965 296 59 aliqua
959 965 207 59 enti¬-

130 1041 212 54 tas
251 1041 243 54 ante
403 1041 273 54 omnem
585 1041 273 54 actum
736 1041 425 54 intellectus,

126 1117 207 61 ita
245 1117 237 61 quod
393 1117 207 61 non
511 1117 207 61 per
630 1117 267 61 actum
778 1117 385 61 intellectus

123 1193 581 59 communicabitis,
613 1193 183 59 et
704 1193 306 59 aliqua
888 1193 275 59 entitas

122 1268 228 55 sic
253 1268 195 55 de
350 1268 195 55 se
448 1268 683 55 incommunicabilis,
1000 1268 163 55 ita

120 1345 269 61 quod
288 1345 269 61 sibi
456 1345 504 61 contradicat
826 1345 336 61 communi¬-

125 1420 227 50 cari
266 1420 227 50 nisi
408 1420 227 50 ante
550 1420 255 50 actum
691 1420 397 50 intellectus.

178 1497 229 60 Hoc
309 1497 229 60 est
440 1497 262 60 quod
604 1497 229 60 non
735 1497 393 60 praecise
997 1497 164 60 per

126 1572 388 60 intclligere
436 1572 181 60 sit
540 1572 258 60 aliqua
721 1572 362 60 distinctio
979 1572 181 60 inter

121 1650 230 58 hanc
265 1650 373 58 entitatem
552 1650 172 58 et
638 1650 287 58 illam;
839 1650 258 58 ergo,
983 1650 172 58 etc.

176 1726 196 60 Si
274 1726 295 60 dicas
471 1726 262 60 (c),
634 1726 262 60 quod
798 1726 262 60 ante
929 1726 229 60 omnem

80 1802 149 55 .
140 1802 269 55 actum
319 1802 448 55 intellectus
678 1802 329 55 Patris,
917 1802 209 55 non
1007 1802 149 55 est

86 1878 145 61 '
144 1878 289 61 aliqua
346 1878 434 61 distinctio,
693 1878 202 61 sed
809 1878 202 61 est
896 1878 260 61 entitas

121 1955 303 61 omnino
333 1955 273 61 unius
515 1955 182 61 et
606 1955 334 61 ejusdem
818 1955 334 61 rationis.

173 2031 348 60 Contra,
427 2031 317 60 igitur
648 2031 412 60 entitatem
933 2031 222 60 istam

114 2108 292 47 unius
308 2108 390 47 rationis
601 2108 292 47 totam
763 2108 390 47 communicat

119 2183 279 60 Pater,
315 2183 168 60 et
399 2183 196 60 ita
510 2183 279 60 nullam
706 2183 363 60 entitatem
957 2183 196 60 posi¬-

115 2260 284 59 tivam
304 2260 189 59 in
398 2260 189 59 se
493 2260 284 59 habet
682 2260 284 59 Pater
871 2260 252 59 quam
997 2260 158 59 non

108 2337 487 58 communicat
491 2337 348 58 Filio;
734 2337 278 58 ergo
874 2337 278 58 commu¬-

113 2413 267 60 nicat
291 2413 178 60 ei
380 2413 474 60 paternitatem
765 2413 267 60 sicut
913 2413 237 60 essen¬

80 2487 213 48 tiam.

170 2563 317 59 Secundo
401 2563 346 59 arguitur
661 2563 202 59 sic
776 2563 231 59 (d),
891 2563 260 59 distin¬-

107 2639 252 61 ctio
265 2639 221 61 una
391 2639 189 61 in
486 2639 441 61 intellectu
833 2639 221 61 est
927 2639 221 61 penes

103 2714 392 60 diversum
397 2714 294 60 modum
593 2714 490 60 concipiendi
952 2714 196 60 idem

107 2789 356 62 objectum
374 2789 356 62 formale,
641 2789 178 62 et
730 2789 208 62 hoc
849 2789 237 62 sive
967 2789 178 62 con¬-

101 2865 405 61 cipiendo
405 2865 473 61 grammatice
777 2865 203 61 ut
878 2865 270 61 homo
1013 2865 135 61 et

105 2941 330 59 hominis,
352 2941 220 59 sive
489 2941 275 59 logice
681 2941 165 59 ut
764 2941 220 59 homo
901 2941 165 59 et
956 2941 192 59 huma¬-

103 3017 289 61 nitas.
306 3017 232 61 Alia
450 3017 260 61 major
624 3017 405 61 distinctio
942 3017 203 61 est
1029 3017 116 61 in

106 3094 422 60 intellectu,
444 3094 422 60 concipiendo
781 3094 281 60 duobus
950 3094 197 60 acti¬-

99 3170 222 61 bus
226 3170 222 61 duo
353 3170 349 61 objecta
606 3170 412 61 formalia,
923 3170 190 61 et
987 3170 158 61 hoc

102 3246 238 60 sive
251 3246 268 60 illis
430 3246 536 60 correspondeant
847 3246 298 60 diversae

98 3322 236 59 res
233 3322 203 59 ut
335 3322 540 59 intelligendo
774 3322 371 59 hominem
1010 3322 135 59 et

102 3398 337 56 asinum,
347 3398 245 56 sive
501 3398 214 56 una
623 3398 214 56 res
746 3398 276 56 extra
930 3398 184 56 ut
991 3398 153 56 in¬-

103 3475 428 61 telligendo
440 3475 337 61 colorem
685 3475 184 61 et
746 3475 398 61 disgregati-

68 3567 210 34 vum.

1279 281 172 59 Et
1365 281 201 59 hoc
1480 281 259 59 arguo
1653 281 201 59 sic
1768 281 144 59 :
1825 281 259 59 Pater
1969 281 287 59 intelli-

1218 357 237 60 gens
1367 357 178 60 se
1456 357 178 60 in
1544 357 237 60 illo
1693 357 267 60 primo
1871 357 267 60 signo
2019 357 237 60 origi¬-

1217 432 237 59 nis,
1365 432 207 59 aut
1484 432 415 59 intelligit
1810 432 385 59 essentiam
2106 432 178 59 et
2165 432 89 59 A

1217 508 519 61 proprietatem
1638 508 195 61 ut
1735 508 357 61 diversa
1962 508 292 61 objecta

1214 583 386 60 formalia,
1511 583 208 60 aut
1630 583 356 60 praecise
1898 583 178 60 ut
1987 583 238 60 idem
2105 583 149 60 ob¬-

1210 659 306 61 jectum
1425 659 214 61 sub
1547 659 245 61 alio
1701 659 184 61 et
1792 659 245 61 alio
1946 659 245 61 modo
2068 659 184 61 con¬-

1212 734 409 62 cipiendi.
1526 734 346 62 Secundo
1778 734 252 62 modo
1935 734 252 62 non,
2061 734 189 62 quia

1209 810 252 60 tunc
1367 810 221 60 non
1493 810 284 60 esset
1682 810 284 60 major
1840 810 410 60 differentia

1207 887 312 59 inter
1415 887 278 59 Deum
1589 887 208 59 et
1693 887 486 59 relationem
2040 887 208 59 quam

1205 961 519 63 concipiendo
1621 961 277 63 Deum
1794 961 208 63 et
1863 961 381 63 Deitatem,

1209 1039 189 60 et
1303 1039 220 60 ita
1429 1039 220 60 non
1555 1039 441 60 conciperet
1901 1039 157 60 A
1932 1039 315 60 proprie¬-

1203 1114 324 62 tatem
1419 1114 324 62 magis
1599 1114 647 62 incommunicabilem

1204 1191 287 61 quam
1383 1191 430 61 Deitatem
1670 1191 574 61 incommunicabi¬-

1204 1266 269 55 lem,
1372 1266 235 55 nam
1507 1266 269 55 homo
1674 1266 235 55 non
1809 1266 235 55 est
1909 1266 336 55 incommu¬-

1205 1344 415 54 nicabilis,
1531 1344 178 54 si
1620 1344 385 54 humanitas
1917 1344 208 54 est
2006 1344 237 54 commu¬-

1204 1419 428 56 nicabitis,
1540 1419 214 56 nec
1663 1419 153 56 e
1724 1419 397 56 converso,
2029 1419 214 56 ita
2121 1419 122 56 in

1203 1497 428 61 proposito.
1540 1497 397 61 Similiter
1846 1497 245 61 tunc
1998 1497 214 61 non
2090 1497 153 61 ma¬-

1208 1570 196 64 gis
1320 1570 252 64 esset
1488 1570 420 64 intellectus
1824 1570 280 64 Patris
2020 1570 196 64 .in
2104 1570 140 64 es¬-

1204 1648 312 60 sentia
1422 1648 312 60 divina
1640 1648 312 60 beatus
1858 1648 249 60 quam
2014 1648 187 60 in
2107 1648 187 60 A,
2170 1648 93 60 .

1207 1726 222 64 quse
1346 1726 305 64 dicitur
1568 1726 389 64 proprietas
1873 1726 305 64 Patris,
2095 1726 194 64 nec
2179 1726 83 64 ,

1199 1802 304 64 magis
1402 1802 202 64 in
1503 1802 169 64 A
1570 1802 270 64 quam
1739 1802 202 64 in
1806 1802 439 64 proprietate

1205 1878 265 60 Filii,
1391 1878 159 60 et
1471 1878 186 60 ita
1577 1878 159 60 in
1656 1878 265 60 duobus
1842 1878 318 60 objectis
2081 1878 159 60 ut
2134 1878 106 60 in

1201 1955 518 66 proprietatibus
1633 1955 288 66 Patris
1834 1955 173 66 et
1921 1955 259 66 Filii
2064 1955 173 66 pri¬-

1201 2034 178 48 mo
1290 2034 267 48 esset
1438 2034 267 48 beatus.

1265 2108 139 61 Et
1334 2108 139 61 si
1403 2108 208 61 detur
1542 2108 231 61 primus
1704 2108 231 61 modus,
1865 2108 185 61 quod
1981 2108 185 61 Hanc
2073 2108 185 61 litte-

1206 2185 280 64 paternus
1416 2185 350 64 intellectus
1696 2185 234 64 habeat
1836 2185 421 64 essen-ponderabis

1197 2250 242 71 tiam
1348 2250 182 71 et
1439 2250 151 71 A
1500 2250 333 71 tanquam
1742 2250 212 71 duo
1863 2250 333 71 objecta
2075 2250 182 71 Hiam

1203 2324 304 73 formalia,
1437 2324 187 73 tunc
1554 2324 211 73 arguo
1694 2324 164 73 sic
1788 2324 117 73 :
1835 2324 281 73 Intelle-
2022 2324 234 73 lntm^?'n

1202 2406 183 69 ctus
1317 2406 183 69 ille
1431 2406 206 69 nihil
1568 2406 320 69 intelligit
1820 2406 183 69 nisi
1935 2406 229 69 intui-
2072 2406 183 69 re22Su

1201 2485 197 72 tive,
1333 2485 175 72 quia
1442 2485 132 72 ut
1508 2485 241 72 patebit
1684 2485 351 72 distinctione
1969 2485 132 72 3.
2013 2485 241 72 crea^,uin

1203 2566 294 72 quaestione
1434 2566 126 72 3.
1497 2566 189 72 omnis
1623 2566 315 72 intellectio
1875 2566 147 72 ab-
1959 2566 273 72 seler{*e°
2148 2566 105 72 an‘

1197 2642 364 53 stractiva
1477 2642 168 53 et
1561 2642 196 53 non
1673 2642 392 53 intuitiva,
1980 2642 196 53 est
2064 2642 168 53 ali-

1195 2716 206 64 quo
1312 2716 235 64 modo
1459 2716 441 64 imperfecta;
1811 2716 352 64 cognitio
2046 2716 206 64 tiam.

1194 2792 252 61 autem
1362 2792 364 61 intuitiva
1642 2792 196 61 est
1754 2792 308 61 objecti
1978 2792 168 61 ut
2034 2792 196 61 obje¬-

1189 2868 261 61 ctum
1352 2868 228 61 est
1483 2868 391 61 praesens
1776 2868 195 61 in
1841 2868 391 61 existentia

1190 2944 367 54 actuali,
1466 2944 184 54 et
1558 2944 214 54 hoc
1680 2944 184 54 in
1772 2944 184 54 se
1864 2944 214 54 vel
1986 2944 184 54 in
2047 2944 184 54 alio

1189 3021 411 48 eminenter
1506 3021 443 48 continente
1854 3021 285 48 totam
2012 3021 221 48 enti¬-

1191 3097 268 60 tatem
1370 3097 328 60 ipsius;
1608 3097 238 60 ergo
1757 3097 238 60 quse
1876 3097 358 60 cognoscun¬-

1189 3172 215 59 tur
1312 3172 399 59 intuitive
1619 3172 184 59 ut
1712 3172 338 59 objecta
1927 3172 307 59 formalia

1189 3248 417 54 distincta,
1517 3248 209 54 vel
1636 3248 238 54 unum
1785 3248 387 54 eminenter
2053 3248 179 54 con¬-

1191 3324 309 60 tinetur
1416 3324 169 60 in
1500 3324 253 60 alio,
1669 3324 197 60 vel
1781 3324 337 60 utrumque
2006 3324 225 60 secun¬-

1185 3400 228 60 dum
1316 3400 391 60 propriam
1609 3400 489 60 existentiam
1968 3400 261 60 termi¬-

1187 3476 208 61 nat
1306 3476 267 61 actum
1484 3476 178 61 ut
1573 3476 208 61 est
1692 3476 267 61 ejus.
1871 3476 267 61 Nihil
2019 3476 208 61 autem

1187 3553 461 61 intrinsecum
1556 3553 369 61 personae
1833 3553 338 61 divinae
2048 3553 184 61 pro^
