2653 3950
250 275 294 66 lium,
447 275 327 66 quorum
676 275 360 66 neutrum
904 275 393 66 continetur

252 349 224 67 in
364 349 373 67 aliquo
625 349 522 67 eminenter,
1035 349 224 67 et
1110 349 186 67 hoc

255 426 173 54 in
342 426 404 54 intellectu
660 426 376 54 intuitive
919 426 376 54 consideran¬-

252 500 209 65 te,
371 500 447 65 concluditur
729 500 298 65 aliqua
908 500 387 65 differentia

253 582 244 54 ante
406 582 275 54 actum
589 582 458 54 intellectus
956 582 275 54 eorum
1109 582 183 54 quae

256 659 469 63 cognoscuntur
607 659 352 63 intuitive.

312 731 214 67 Sed
435 731 336 67 numquid
679 731 245 67 haec
832 731 214 67 (b)
924 731 367 67 distinctio

259 813 297 49 dicetur
475 813 270 49 realis
637 813 81 49 ?

313 886 428 64 Respondeo,
650 886 214 64 non
772 886 214 64 est
894 886 336 64 proprie
1109 886 183 64 rea¬-

254 961 220 62 lis
379 961 409 62 actualis,
694 961 504 62 intelligendo
1072 961 220 62 sicut

252 1037 404 57 communiter
569 1037 346 57 dicitur,
829 1037 288 57 realis
1002 1037 288 57 actualis

253 1115 237 63 illa
401 1115 237 63 quae
550 1115 207 63 est
668 1115 444 63 differentia
1023 1115 267 63 rerum
1172 1115 118 63 et

249 1194 189 60 in
344 1194 284 60 actu,
534 1194 253 60 quia
691 1194 189 60 in
786 1194 221 60 una
912 1194 347 60 persona
1133 1194 158 60 non

249 1268 214 60 est
372 1268 306 60 aliqua
586 1268 459 60 differentia
953 1268 275 60 rerum
1106 1268 184 60 pro¬-

253 1341 237 64 pter
401 1341 503 64 simplicitatem
816 1341 355 64 divinam,
1082 1341 178 64 et
1141 1341 148 64 si¬-

251 1417 220 54 cut
376 1417 220 54 non
502 1417 220 54 est
628 1417 315 54 realis
848 1417 409 54 actualis,
1132 1417 157 54 ita

252 1494 220 61 non
377 1494 220 61 est
503 1494 314 61 realis
723 1494 503 61 potentialis,
1100 1494 188 61 quia

251 1571 266 62 nihil
429 1571 207 62 est
547 1571 207 62 ibi
666 1571 178 62 in
754 1571 355 62 potentia
1021 1571 237 62 quod
1139 1571 148 62 non

249 1647 221 51 est
375 1647 189 51 in
469 1647 284 51 actu.
658 1647 315 51 Potest
879 1647 284 51 autem
1036 1647 252 51 vocari

250 1724 459 55 differentia
617 1724 397 55 rationis,
923 1724 275 55 sicut
1076 1724 214 55 dicit

248 1801 347 62 Doctor
491 1801 382 62 quidam,
769 1801 243 62 non
908 1801 278 62 quod
1047 1801 243 62 ratio

250 1877 428 62 accipiatur
587 1877 214 62 pro
709 1877 459 62 differentia
1045 1877 245 62 forma¬-

249 1954 178 53 ta
338 1954 178 53 ab
428 1954 446 53 intellectu,
784 1954 208 53 sed
903 1954 178 53 ut
992 1954 267 53 ratio
1140 1954 149 53 ac¬-

246 2030 338 61 cipitur
492 2030 215 61 pro
615 2030 430 61 quidditate
952 2030 215 61 rei
1044 2030 246 61 secun¬-

243 2105 228 61 dum
374 2105 261 61 quod
537 2105 424 61 quidditas
862 2105 228 61 est
960 2105 326 61 objectum

247 2181 489 60 intellectus;
645 2181 214 60 vel
767 2181 245 60 alio
920 2181 245 60 modo
1042 2181 245 60 potest

246 2257 282 59 vocari
443 2257 423 59 differentia
781 2257 197 59 vir
894 2257 169 59 tu
978 2257 254 59 alis,
1119 2257 169 59 quia

242 2335 303 60 illud
445 2335 270 60 quod
613 2335 303 60 habet
815 2335 303 60 talem
984 2335 303 60 distin¬-

245 2411 369 49 ctionem
514 2411 201 49 in
615 2411 201 49 se
715 2411 235 49 non
850 2411 302 49 habet
1051 2411 235 49 rem
1152 2411 134 49 et

243 2488 298 54 rem,
429 2488 261 54 sed
578 2488 261 54 est
727 2488 261 54 una
876 2488 261 54 res
988 2488 298 54 habens

243 2564 474 61 virtualiter
623 2564 253 61 sive
781 2564 411 61 eminenter
1066 2564 221 61 quasi

247 2641 238 60 duas
396 2641 446 60 realitates,
753 2641 238 60 quia
901 2641 327 60 utrique
1110 2641 178 60 rea-

243 2718 298 61 litati
452 2718 179 61 ut
541 2718 208 61 est
660 2718 179 61 in
749 2718 238 61 illa
898 2718 208 61 re,
987 2718 298 61 competit

240 2794 304 61 illud
443 2794 405 61 proprium
746 2794 270 61 quod
915 2794 304 61 inest
1084 2794 202 61 tali

247 2871 404 60 realitati,
564 2871 173 60 ac
651 2871 173 60 si
737 2871 231 60 ipsa
881 2871 259 60 esset
1054 2871 202 60 res
1141 2871 144 60 di¬-

242 2948 391 54 stincta,
535 2948 228 54 ita
666 2948 260 54 enim
828 2948 260 54 hsec
959 2948 325 54 realitas

245 3024 432 60 distinguit,
591 3024 173 60 et
678 3024 231 60 illa
822 3024 202 60 non
908 3024 375 60 distinguit,

249 3101 221 49 sicut
397 3101 148 49 si
471 3101 197 49 ista
594 3101 221 49 esset
742 3101 172 49 una
840 3101 172 49 res
938 3101 148 49 et
1012 3101 197 49 illa
1111 3101 172 49 alia.

300 3177 208 61 Vel
419 3177 179 61 ut
509 3177 476 61 propriissime
895 3177 208 61 (c)
985 3177 298 61 dicatur,

242 3254 304 61 sicut
445 3254 405 61 possumus
748 3254 405 61 invenire
1018 3254 270 61 multos

244 3331 313 59 gradus
463 3331 188 59 in
525 3331 313 59 unitate.

303 3407 185 60 In
396 3407 278 60 primo
581 3407 308 60 minima
797 3407 308 60 unitas
1012 3407 216 60 est
1105 3407 185 60 uni¬-

250 3483 203 61 tas
337 3483 464 61 aggregationis.

304 3562 211 61 In
409 3562 386 61 secundo
690 3562 316 61 gradu
901 3562 246 61 est
1006 3562 281 61 unitas

1343 264 365 66 ordinis,
1617 264 244 66 quae
1769 264 335 66 aliquid
2013 264 274 66 addit
2165 264 213 66 supra

1338 342 373 64 unitatem
1586 342 497 64 aggregationis.

1401 416 172 64 In
1487 416 287 64 tertio
1689 416 201 64 est
1803 416 287 64 unitas
2005 416 201 64 per
2091 416 287 64 accidens

1340 492 213 55 ubi
1461 492 274 55 ultra
1644 492 335 55 ordinem
1888 492 213 55 est
1980 492 396 55 informatio,

1337 570 268 54 licet
1516 570 476 54 accidentalis
1902 570 268 54 unius
2081 570 178 54 ab
2140 570 238 54 altero

1334 650 301 61 eorum
1534 650 267 61 quas
1701 650 267 61 sunt
1868 650 234 61 sic
1968 650 234 61 unum.

1398 727 178 61 In
1487 727 297 61 quarto
1695 727 208 61 est
1814 727 297 61 unitas
2022 727 208 61 per
2141 727 178 61 se
2201 727 178 61 com¬-

1338 803 297 63 positi
1546 803 178 63 ex
1636 803 416 63 principiis
1933 803 446 63 essentialibus

1339 880 209 64 per
1459 880 179 64 se
1548 880 239 64 actu
1698 880 179 64 et
1787 880 209 64 per
1907 880 179 64 se
1966 880 329 64 potentia.

1398 956 190 62 In
1493 956 317 62 quinto
1715 956 222 62 est
1842 956 317 62 unitas
2032 956 349 62 simplici¬-

1343 1034 253 62 tatis
1512 1034 225 62 quae
1652 1034 197 62 est
1765 1034 225 62 vere
1906 1034 394 62 identitas,
2187 1034 197 62 quid¬-

1341 1111 225 61 quid
1482 1111 225 61 enim
1622 1111 197 61 est
1735 1111 225 61 ibi,
1876 1111 197 61 est
1989 1111 338 61 realiter
2214 1111 169 61 idem

1330 1188 416 53 cuilibet,
1650 1188 192 53 et
1746 1188 224 53 non
1874 1188 320 53 tantum
2097 1188 224 53 est
2193 1188 192 53 unum

1335 1264 233 49 illi
1480 1264 320 49 unitate
1713 1264 320 49 unionis
1946 1264 262 49 sicut
2120 1264 175 49 in
2178 1264 204 49 aliis

1333 1340 318 60 modis,
1556 1340 222 60 ita
1683 1340 286 60 adhuc
1873 1340 222 60 (d)
2000 1340 286 60 ultra
2159 1340 222 60 omnes

1334 1418 193 49 est
1445 1418 358 49 identitas
1692 1418 303 49 formalis.

1389 1496 244 62 Voco
1541 1496 275 62 autem
1724 1496 458 62 identitatem
2090 1496 244 62 for-
2212 1496 183 62 QU;d

1343 1570 206 64 malem
1480 1570 160 64 ubi
1572 1570 206 64 illud
1709 1570 183 64 quod
1823 1570 252 64 dicitur
2006 1570 160 64 sic
2075 1570 320 64 S1tbrmaiisas

1344 1641 189 61 idem,
1470 1641 252 61 includit
1659 1641 189 61 illud
1785 1641 147 61 cui
1869 1641 147 61 sic
1954 1641 147 61 est
2038 1641 168 61 idem
2122 1641 273 61 declaratur?

1331 1725 202 62 in
1432 1725 371 62 ratione
1702 1725 236 62 sua
1837 1725 405 62 formali,
2141 1725 202 62 et
2208 1725 169 62 per

1330 1803 487 61 consequens
1713 1803 244 61 per
1852 1803 209 61 se
1956 1803 313 61 primo
2130 1803 244 61 modo.

1334 1880 190 59 In
1429 1880 411 59 proposito
1746 1880 316 59 autem,
1967 1880 380 59 essentia
2220 1880 158 59 non

1332 1955 392 51 includit
1626 1955 196 51 in
1724 1955 359 51 ratione
1985 1955 229 51 sua
2083 1955 294 51 formali

1335 2032 476 62 proprietatem
1722 2032 417 62 suppositi,
2050 2032 208 62 nec
2169 2032 149 62 e
2198 2032 179 62 con¬-

1332 2110 299 64 verso,
1541 2110 179 64 et
1631 2110 239 64 ideo
1780 2110 299 64 potest
1989 2110 328 64 concedi
2198 2110 179 64 quod

1332 2187 253 50 ante
1490 2187 284 50 omnem
1680 2187 284 50 actum
1870 2187 474 50 intellectus
2217 2187 158 50 est

1332 2262 369 62 realitas
1609 2262 430 62 essentiae,
1947 2262 246 62 quae
2100 2262 215 62 est
2193 2262 184 62 com¬-

1335 2339 462 65 municabitis,
1710 2339 173 65 et
1797 2339 346 65 realitas
2028 2339 346 65 suppositi,

1330 2417 244 61 qua
1470 2417 489 61 suppositum
1854 2417 244 61 est
1958 2417 419 61 incommuni¬-

1331 2493 338 54 cabile,
1577 2493 185 54 et
1670 2493 246 54 ante
1823 2493 277 54 actum
1977 2493 400 54 intellectus

1328 2569 254 55 haec
1487 2569 381 55 realitas
1773 2569 445 55 formaliter
2123 2569 222 55 non
2218 2569 159 55 est

1333 2647 284 54 illa,
1523 2647 221 54 vel
1649 2647 221 54 non
1775 2647 221 54 est
1901 2647 284 54 eadem
2059 2647 315 54 formali¬-

1333 2725 196 63 ter
1445 2725 252 63 illi,
1613 2725 252 63 sicut
1781 2725 252 63 prius
1948 2725 364 63 expositum
2200 2725 168 63 est,

1333 2802 237 60 quid
1482 2802 208 60 est
1600 2802 415 60 formaliter
1927 2802 237 60 esse
2045 2802 208 60 idem.

1393 2879 306 61 Numquid
1616 2879 278 61 igitur
1811 2879 195 61 (e)
1922 2879 250 61 debet
2089 2879 278 61 conce-
2256 2879 139 61 Non

1324 2941 207 74 di
1428 2941 345 74 aliqua
1670 2941 518 74 distinctio.
2050 2941 345 74 ad“?llt’

1394 3022 334 74 Respondeo,
1656 3022 238 74 melius
1823 3022 167 74 est
1918 3022 167 74 uti
2014 3022 191 74 ista
2109 3022 286 74 visdee‘Ss'

1334 3106 306 72 negativa,
1570 3106 165 72 hoc
1664 3106 165 72 non
1759 3106 165 72 est
1853 3106 330 72 formaliter
2089 3106 306 72 rela®fOIies

1332 3180 233 58 idem,
1488 3180 207 58 quam
1617 3180 181 58 hoc
1721 3180 181 58 est
1825 3180 181 58 sic
1928 3180 156 58 et
2006 3180 181 58 sic
2084 3180 311 58 formaliter

1288 3258 1038 46 distinctum.
2049 3258 346 46 sed

1391 3338 195 56 Sed
1503 3338 251 56 nonne
1670 3338 363 56 sequitur,
1949 3338 139 56 A
2005 3338 167 56 et
2088 3338 139 56 B
2144 3338 195 56 non
2228 3338 167 56 idem

1334 3412 218 62 sunt
1470 3412 218 62 idem
1606 3412 408 62 formaliter,
1932 3412 218 62 ergo
2068 3412 218 62 sunt
2177 3412 218 62 infra,

1329 3469 427 75 formaliter
1664 3469 396 75 distincta
1968 3469 152 75 ?
2029 3469 183 75 d'
2090 3469 305 75 8d0?et2‘

1391 3552 353 82 Respondeo
1662 3552 217 82 quod
1798 3552 190 82 non
1907 3552 299 82 oportet
2096 3552 299 82 ahqesse°n
