2711 3950
288 332 264 50 ctorum
472 332 343 50 formalium
736 332 158 50 in
815 332 396 50 intellectu,
1105 332 211 50 quorum

290 407 186 52 unus
406 407 163 52 non
499 407 326 52 continetur
756 407 140 52 in
826 407 186 52 alio
942 407 303 52 eminenter
1152 407 163 52 (quia

288 483 201 47 tunc
414 483 327 47 continens
665 483 352 47 sufficeret
941 483 201 47 sine
1042 483 276 47 contento,

284 558 160 55 de
364 558 186 55 quo
471 558 160 55 q.
550 558 160 55 4.
630 558 293 55 quodl.)
843 558 426 55 concluditur,
1162 558 160 55 quod

285 634 212 53 talia
427 634 259 53 objecta
615 634 259 53 praeter
804 634 188 53 onme
922 634 188 53 opus
1016 634 306 53 intellectus

278 709 267 55 aliquo
465 709 213 55 modo
598 709 480 55 distinguuntur,
998 709 267 55 qualia
1158 709 160 55 sunt

289 787 276 53 essentia
496 787 230 53 divina
658 787 138 53 et
704 787 299 53 proprietas.

256 861 189 53 113.
375 861 165 53 (b)
469 861 165 53 Sed
564 861 260 53 numquid
753 861 189 53 haec
871 861 331 53 distinctio
1107 861 213 53 dicetur

282 939 264 43 realis?
474 939 192 43 elc.
594 939 192 43 Haec
714 939 264 43 littera
907 939 168 43 sic
1003 939 336 43 declaratur
1243 939 72 43 :

279 1017 165 50 Non
374 1017 165 50 est
468 1017 259 50 proprie
656 1017 235 50 realis
820 1017 306 50 actualis,
1055 1017 212 50 sicut
1173 1017 141 50 com¬-

280 1100 265 51 muniter
473 1100 265 51 dicitur
665 1100 241 51 realis
834 1100 289 51 actualis
1051 1100 217 51 illa,
1171 1100 145 51 quae

279 1173 172 52 est
378 1173 369 52 differentia
673 1173 221 52 rerum
820 1173 148 52 et
894 1173 148 52 in
968 1173 221 52 actu,
1115 1173 148 52 id
1164 1173 148 52 est,

279 1247 197 54 quod
402 1247 344 54 distinctio
673 1247 221 54 inter
820 1247 393 54 proprietatem
1140 1247 148 54 et
1189 1247 123 54 es¬-

278 1322 289 53 sentiam,
495 1322 169 53 non
591 1322 169 53 est
688 1322 241 53 realis
857 1322 314 53 actualis,
1074 1322 241 53 qualiter

279 1399 176 52 est
380 1399 227 52 inter
531 1399 227 52 veram
682 1399 176 52 rem
783 1399 151 52 et
858 1399 202 52 rem,
984 1399 202 52 quia
1110 1399 151 52 si
1161 1399 151 52 sic,

278 1475 207 51 tunc
408 1475 155 51 in
485 1475 233 51 eadem
641 1475 285 51 persona
848 1475 233 51 esset
977 1475 337 51 differentia

276 1555 246 49 rerum,
449 1555 148 49 et
523 1555 172 49 sic
621 1555 197 49 illa
744 1555 271 49 persona
941 1555 172 49 non
1040 1555 222 49 esset
1163 1555 148 49 sim¬-

277 1627 353 53 plicissima;
560 1627 236 53 palet,
725 1627 188 53 quia
843 1627 141 53 si
914 1627 330 53 paternitas
1149 1627 165 53 esset

275 1705 197 52 vere
399 1705 197 52 alia
522 1705 173 52 res
621 1705 148 52 ab
695 1705 321 52 essentia,
942 1705 173 52 cum
1016 1705 296 52 paternitas

274 1779 311 55 fundetur
507 1779 156 55 in
585 1779 337 55 essentia,
844 1779 363 55 sequeretur
1104 1779 207 55 compo¬-

277 1856 227 55 sitio
428 1856 303 55 personae
656 1856 152 55 ex
731 1856 303 55 pluribus
959 1856 253 55 rebus.
1110 1856 202 55 Sequi-

261 1935 268 49 Distinctio
471 1935 134 49 tur
548 1935 96 49 :
586 1935 115 49 Et
643 1935 172 49 sicut
758 1935 134 49 non
834 1935 134 49 est
911 1935 191 49 realis
1044 1935 248 49 actualis,
1216 1935 96 49 ita

262 2011 228 50 actualis,
438 2011 105 50 et
491 2011 123 50 non
561 2011 123 50 est
631 2011 175 50 realis
754 2011 281 50 potentialis,
982 2011 140 50 quia
1069 2011 158 50 nihil
1175 2011 123 50 est
1227 2011 88 50 ibi

262 2088 288 59 potentiaJis.
496 2088 108 59 in
550 2088 216 59 potentia
712 2088 144 59 quod
803 2088 126 59 non
875 2088 126 59 est
947 2088 108 59 in
1001 2088 162 59 actu.
1091 2088 216 59 Distinctio

278 2164 225 41 realis
435 2164 270 41 actualis
637 2164 157 41 est
727 2164 202 41 sicut
862 2164 202 41 inter
997 2164 315 41 Franciscum
1222 2164 90 41 et

274 2238 277 49 Joannem
476 2238 202 49 actu
602 2238 202 49 exis
728 2238 277 49 lentes,
930 2238 177 49 sed
1005 2238 303 49 distinctio

277 2314 240 50 realis
445 2314 360 50 potentialis
733 2314 168 50 est
829 2314 216 50 sicut
973 2314 216 50 inter
1093 2314 216 50 Franci¬-

273 2391 207 49 scum
402 2391 155 49 et
480 2391 285 49 Joannem
687 2391 155 49 in
765 2391 310 49 potentia
972 2391 336 49 existentes.

275 2467 289 51 Sequitur
492 2467 120 51 :
540 2467 241 51 Potest
709 2467 217 51 autem
853 2467 241 51 vocari
998 2467 313 51 differentia

271 2544 319 43 rationis
511 2544 319 43 secundum
750 2544 319 43 Varronem
990 2544 160 43 et
1070 2544 160 43 D.
1123 2544 186 43 Bona-

272 2621 124 51 v
322 2621 148 51 en
396 2621 247 51 luram,
569 2621 346 51 accipiendo
841 2621 296 51 rationem
1063 2621 173 51 pro
1137 2621 173 51 quid-

276 2696 235 51 ditate
440 2696 188 51 rei,
557 2696 282 51 secundum
768 2696 188 51 quod
886 2696 305 51 quidditas
1120 2696 164 51 est
1191 2696 117 51 ob¬-

265 2773 233 52 jectum
428 2773 372 52 intellectus,
730 2773 140 52 id
800 2773 186 52 est,
916 2773 186 52 quod
1032 2773 279 52 essentia
1218 2773 93 52 et

270 2849 372 53 proprietas
563 2849 319 53 dicuntur
802 2849 346 53 distingui
1041 2849 266 53 ratione,

272 2925 196 53 quia
395 2925 196 53 sunt
518 2925 196 53 duae
641 2925 368 53 quidditates
911 2925 393 53 conceptibiles,

269 3002 208 52 sive
399 3002 208 52 quia
529 3002 208 52 sunt
659 3002 182 52 duo
763 3002 286 52 objecta
970 3002 312 52 formalia
1178 3002 130 52 di¬-

272 3079 248 51 stincte
453 3079 405 51 conceptibilia,
790 3079 135 51 et
858 3079 158 51 sic
948 3079 203 51 ratio
1060 3079 248 51 accipitur

271 3154 164 52 hic
364 3154 164 52 pro
458 3154 329 52 quidditate
717 3154 399 52 conceptibili.
1046 3154 282 52 Sequitur
1234 3154 70 52 :

280 3231 160 48 Vel
372 3231 183 48 alio
486 3231 183 48 modo
600 3231 228 48 potest
760 3231 228 48 vocari
920 3231 343 48 differentia
1171 3231 137 48 vir-

271 3304 386 52 lualis,e\.c.
584 3304 193 52 Vult
705 3304 482 52 dicere,quodinuna
1091 3304 217 52 persona

273 3382 220 52 potest
427 3382 176 52 esse
537 3382 330 52 differentia
801 3382 286 52 virtualis
1021 3382 176 52 sive
1109 3382 198 52 distin¬-

273 3458 211 52 ctio,
413 3458 234 52 quando
577 3458 281 52 continet
788 3458 141 52 in
859 3458 141 52 se
929 3458 234 52 plures
1070 3458 234 52 realila-

271 3534 177 51 tes
372 3534 126 51 ;
422 3534 277 51 dicimus
624 3534 202 51 enim
750 3534 202 51 quod
876 3534 151 51 in
952 3534 227 51 eodem
1078 3534 227 51 liomine

277 3610 156 52 est
366 3610 313 52 distinctio
612 3610 313 52 virtualis,
858 3610 179 52 quia
970 3610 268 52 continet
1171 3610 134 52 in
1216 3610 89 52 se

1368 334 335 56 realilalem
1632 334 287 56 animalis
1847 334 144 56 et
1919 334 335 56 rationalis
2182 334 192 56 quae
2278 334 120 56 di¬-

1369 410 367 54 stinguuntur
1662 410 269 54 praeter
1858 410 196 54 opus
1981 410 392 54 intellectus,
2275 410 122 54 sic

1370 487 154 54 in
1447 487 335 54 proposito
1705 487 154 54 in
1782 487 283 54 persona
1988 487 257 54 Patris
2168 487 206 54 quae
2271 487 129 54 est

1373 564 250 48 tantum
1548 564 175 48 una
1648 564 200 48 res,
1773 564 175 48 est
1873 564 350 48 distinctio
2124 564 275 48 virtualis

1370 639 335 52 essentiae
1628 639 155 52 et
1705 639 412 52 proprietatis
2040 639 206 52 quae
2169 639 180 52 non
2246 639 155 52 sunt

1372 714 195 50 duae
1494 714 195 50 res,
1616 714 171 50 cum
1713 714 342 50 paternitas
1982 714 171 50 non
2080 714 269 50 dicatur
2251 714 146 50 vera

1371 790 183 52 res,
1486 790 161 52 sed
1577 790 206 52 magis
1715 790 298 52 realitas,
1921 790 138 52 elc.

1422 860 150 57 (c)
1507 860 150 57 Vel
1593 860 128 57 ut
1657 860 342 57 propriissime
1935 860 257 57 dicatur.
2127 860 150 57 Hic
2213 860 150 57 Do-
2277 860 128 57 ll4-

1366 941 206 54 ctor
1495 941 232 54 facit
1650 941 181 54 duo
1753 941 129 54 :
1805 941 232 54 Primo
1959 941 361 54 distinguit
2217 941 181 54 modos

1366 1017 311 53 unitatis.
1605 1017 263 53 Secundo
1797 1017 287 53 intendit
2012 1017 311 53 declarare
2228 1017 168 53 prin¬-

1367 1092 240 53 cipale
1535 1092 287 53 intentum
1750 1092 120 53 ,
1798 1092 311 53 videlicet
2038 1092 240 53 qualis
2205 1092 168 53 sit
2277 1092 120 53 di¬-

1362 1168 294 53 stinctio
1583 1168 221 53 inter
1731 1168 319 53 essentiam
1976 1168 147 53 et
2025 1168 368 53 proprietatem,

1368 1244 128 52 et
1432 1244 171 52 haec
1539 1244 235 52 littera
1710 1244 193 52 clara
1838 1244 150 52 est
1924 1244 193 52 usque
2053 1244 150 52 ibi
2138 1244 107 52 :
2181 1244 128 52 In
2224 1244 171 52 quinio

1365 1321 157 50 est
1454 1321 224 50 unitas
1611 1321 404 50 simplicitatis,
1948 1321 179 50 quae
2060 1321 157 50 est
2149 1321 179 50 vere
2239 1321 157 50 iden¬-

1363 1398 240 49 titas,
1531 1398 287 49 quidquid
1746 1398 192 49 enim
1866 1398 168 49 est
1962 1398 192 49 ibi,
2082 1398 168 49 est
2153 1398 240 49 realiter

1365 1473 179 41 idem
1454 1473 247 41 cuilibet.

1417 1547 126 53 Si
1480 1547 399 53 hocintelligatur
1816 1547 189 53 prout
1943 1547 189 53 verba
2069 1547 231 53 sonanl,
2216 1547 189 53 Dubium,

1365 1625 183 50 tunc
1479 1625 320 50 paternitas
1731 1625 183 50 erit
1845 1625 206 50 eadem
1982 1625 274 50 realiter
2165 1625 228 50 filiati¬-

1360 1702 202 48 oni,
1486 1702 177 48 cum
1587 1702 227 48 omnia
1739 1702 152 48 in
1814 1702 278 48 divinis
2016 1702 202 48 sint
2143 1702 202 48 unum
2244 1702 152 48 uni¬-

1365 1779 164 49 tate
1467 1779 164 49 ista
1549 1779 328 49 simplicitatis.

1417 1854 155 54 Dico
1514 1854 155 54 quod
1610 1854 155 54 sunt
1707 1854 155 54 idem
1804 1854 252 54 realiter,
1998 1854 155 54 quia
2095 1854 155 54 sunt
2172 1854 233 54 Responsio,

1358 1931 368 53 simpliciter
1653 1931 270 53 ejusdem
1850 1931 319 53 essentiae
2095 1931 147 53 et
2144 1931 246 53 naturae,

1357 2007 191 49 non
1466 2007 245 49 autem
1629 2007 218 49 sunt
1765 2007 218 49 idem
1902 2007 354 49 realiter,
2174 2007 163 49 id
2229 2007 163 49 est,

1359 2085 413 50 suppositaliter
1704 2085 184 50 sive
1795 2085 345 50 personaliter.

1416 2158 114 53 Si
1473 2158 228 53 dicatur,
1644 2158 152 53 quod
1739 2158 152 53 tunc
1834 2158 152 53 erit
1930 2158 171 53 major
2044 2158 95 53 i
2082 2158 190 53 denti-
2196 2158 209 53 Objectio,

1359 2237 161 51 tas
1451 2237 391 51 simplicitatis
1773 2237 207 51 inter
1912 2237 299 51 attributa
2142 2237 184 51 quam
2234 2237 161 51 inter

1354 2312 346 52 personas,
1621 2312 160 52 et
1701 2312 186 52 sic
1807 2312 186 52 non
1914 2312 240 52 erunt
2073 2312 213 52 unum
2180 2312 213 52 perfe¬-

1363 2391 266 51 ctissima
1540 2391 332 51 simplicitate.

1413 2460 186 59 Dico,
1537 2460 165 59 quod
1641 2460 124 59 ad
1703 2460 372 59 perfectissimam
2012 2460 269 59 identita-
2198 2460 207 59 Solutl°-

1362 2544 171 51 tem
1459 2544 416 51 simplicitatis
1802 2544 171 51 non
1900 2544 343 51 requiritur
2145 2544 245 51 omnimoda

1357 2620 335 51 identitas,
1621 2620 192 51 quia
1740 2620 192 51 tunc
1860 2620 168 51 non
1956 2620 311 51 diceretur
2171 2620 216 51 proprie

1356 2696 313 50 identitas
1597 2696 337 50 aliquorum,
1861 2696 193 50 nisi
1982 2696 217 50 inter
2126 2696 193 50 illa
2223 2696 169 50 esset

1360 2771 298 52 aliqualis
1589 2771 344 52 distinctio,
1864 2771 298 52 identitas
2093 2771 183 52 enim
2185 2771 206 52 aliquo¬-

1355 2846 181 51 rum
1458 2846 413 51 praesupponit
1794 2846 207 51 ipsa
1923 2846 155 51 ab
2001 2846 284 51 invicem
2181 2846 207 51 aliquo

1353 2922 238 52 modo-
1511 2922 344 52 differre.
1776 2922 159 52 Ad
1855 2922 476 52 perfectissimam
2225 2922 159 52 ergo

1356 2999 344 51 identitatem
1631 2999 390 51 simplicitatis
1952 2999 275 51 sufficit
2136 2999 252 51 identitas

1356 3075 234 50 realis
1520 3075 281 50 illorum,
1731 3075 164 50 ita
1824 3075 188 50 quod
1942 3075 305 50 quodlibet
2153 3075 234 50 cuilibet

1358 3151 163 50 sit
1451 3151 280 50 perfecte
1661 3151 187 50 idem
1778 3151 304 50 realiter,
2011 3151 327 50 accipiendo
2245 3151 140 50 rea¬-

1359 3226 203 52 liter
1495 3226 181 52 modo
1608 3226 181 52 prae
1698 3226 249 52 exposito.

1413 3288 136 68 Vel
1490 3288 195 68 potest
1627 3288 156 68 dici
1724 3288 117 68 ad
1782 3288 195 68 dictum
1919 3288 195 68 Scoti,
2055 3288 156 68 quod
2133 3288 272 68 alia=o!utio.

1358 3379 279 49 essentia
1567 3379 163 49 est
1660 3379 349 49 simpliciter
1939 3379 186 49 idem
2055 3379 279 49 cuilibet
2241 3379 140 49 exi-

1355 3453 239 52 stenti
1522 3453 143 52 in
1594 3453 215 52 ipsa,
1737 3453 143 52 et
1809 3453 191 52 quod
1928 3453 167 52 una
2024 3453 263 52 persona
2191 3453 191 52 divina

1355 3530 179 50 est
1458 3530 179 50 una
1560 3530 282 50 unitate
1765 3530 435 50 simplicissima
2124 3530 128 50 ,
2175 3530 205 50 alia
2278 3530 102 50 ab

1353 3607 262 51 unitate
1544 3607 285 51 alterius
1758 3607 309 51 personae,
1995 3607 143 51 et
2067 3607 167 51 sic
2162 3607 167 51 una
2233 3607 143 51 per-
