2711 3950
368 303 287 57 testatur
584 303 120 57 :
632 303 216 57 Pater
775 303 192 57 quod
895 303 216 57 dedit
1039 303 192 57 mihi
1158 303 216 57 majus
1278 303 120 57 est

363 377 303 58 omnibus,
590 377 151 58 at
665 377 202 58 dici
792 377 177 58 non
892 377 277 58 potest,
1094 377 202 58 quod
1195 377 202 58 partem

362 452 338 56 substantiae
633 452 180 56 illi
745 452 270 56 dederit,
948 452 135 56 et
1015 452 225 56 partem
1173 452 180 56 ipse
1263 452 135 56 sibi

363 526 353 59 retinuerit,
646 526 165 59 cum
740 526 329 59 substantia
998 526 235 59 Patris
1139 526 259 59 indivisi¬-

361 602 217 58 bilis
506 602 193 58 sit,
626 602 193 58 etc.
747 602 217 58 Patet
892 602 217 58 ergo,
1036 602 193 58 quod
1157 602 193 58 sine
1253 602 145 58 ulla

363 679 388 48 diminutione
674 679 259 48 Filius
855 679 310 48 nascendo
1062 679 336 48 substantiam

363 753 226 59 Patris
521 753 271 59 accepit,
724 753 135 59 et
792 753 158 59 ita
882 753 203 59 Pater
1018 753 135 59 et
1085 753 226 59 Filius
1221 753 180 59 habent

366 831 253 52 eamdem
543 831 404 52 substantiam,
871 831 152 52 et
947 831 177 52 sic
1048 831 227 52 eadem
1200 831 177 52 res
1276 831 126 52 est

367 905 207 57 Pater
505 905 138 57 et
574 905 230 57 Filius
735 905 138 57 et
804 905 276 57 Spiritus
1010 905 253 57 sanctus
1194 905 138 57 ab
1240 905 161 57 utro¬-

365 979 186 61 que
472 979 372 61 procedens.
764 979 186 61 Cum
870 979 213 61 ergo
1003 979 186 61 (ut
1083 979 319 61 profitetur

367 1056 292 61 Ecclesia)
591 1056 225 61 Filius
748 1056 202 61 totam
883 1056 337 61 substantiam
1153 1056 225 61 Patris
1288 1056 112 61 si¬-

366 1132 148 57 ne
440 1132 370 57 diminutione
737 1132 346 57 acceperit,
1008 1132 321 57 manifeste
1230 1132 173 57 patet

365 1205 213 64 quod
498 1205 266 64 nullam
685 1205 346 64 entitatem
951 1205 160 64 in
1031 1205 160 64 se
1110 1205 239 64 habet
1243 1205 160 64 sibi

364 1282 312 60 propriam
598 1282 234 60 Pater
754 1282 208 60 quam
884 1282 234 60 Filio
1039 1282 338 60 generando
1273 1282 130 60 non

365 1358 320 59 dederit.
605 1358 186 59 Nec
712 1358 266 59 potest
898 1358 240 59 dici,
1058 1358 213 59 quod
1164 1358 240 59 quamvis

368 1437 222 49 totam
516 1437 197 49 sine
640 1437 370 49 diminutione
936 1437 247 49 Patris
1084 1437 321 49 substantiam

365 1515 274 57 Filius
556 1515 356 57 generando
830 1515 384 57 acceperit,
1132 1515 192 57 non
1214 1515 192 57 tamen

367 1588 285 60 accepit
575 1588 234 60 omnem
730 1588 337 60 entitatem
990 1588 285 60 Patris,
1171 1588 234 60 quoniam

365 1665 197 57 non
477 1665 253 57 illam
646 1665 337 57 propriam
898 1665 225 57 quam
1039 1665 253 57 ultra
1179 1665 225 57 commu¬-

369 1741 182 52 nem
473 1741 337 52 essentiam
732 1741 234 52 Pater
888 1741 337 52 includit.
1148 1741 208 52 Tum,
1251 1741 156 52 quia

371 1814 169 49 non
467 1814 217 49 minus
612 1814 169 49 est
708 1814 410 49 indivisibilis
1046 1814 145 49 et
1118 1814 241 49 omnino
1262 1814 145 49 sim¬-

365 1889 220 59 plex
502 1889 302 59 persona
722 1889 275 59 Patris
914 1889 220 59 quam
1051 1889 192 59 sit
1133 1889 275 59 essentia

369 1965 330 57 communis,
622 1965 152 57 et
698 1965 177 57 per
800 1965 355 57 consequens
1078 1965 228 57 juxta
1205 1965 203 57 deter¬-

369 2040 338 55 minationem
635 2040 338 55 Ecclesiae,
901 2040 363 55 impossibile
1191 2040 169 55 est
1263 2040 145 55 quod

366 2117 261 57 partem
548 2117 208 57 sui,
679 2117 313 57 scilicet
913 2117 313 57 communem
1121 2117 287 57 essentiam

370 2192 212 56 Filio
512 2192 259 56 dederit
701 2192 141 56 et
771 2192 236 56 pariem
936 2192 212 56 aliam
1078 2192 189 56 sibi
1172 2192 236 56 retinue¬-

369 2268 209 58 rit;
499 2268 209 58 ergo
630 2268 209 58 sine
760 2268 391 58 diminutione
1073 2268 261 58 Filius
1229 2268 183 58 totam

372 2344 300 55 entitatem
603 2344 231 55 Patris
764 2344 277 55 accepit,
972 2344 208 55 nulla
1111 2344 185 55 ergo
1203 2344 208 55 entitas

373 2419 158 57 est
464 2419 135 57 in
531 2419 203 57 Patre
667 2419 181 57 quae
780 2419 158 57 non
870 2419 158 57 sit
960 2419 135 57 in
1028 2419 226 57 Filio.
1186 2419 181 57 Tum,
1277 2419 135 57 quia

368 2494 397 56 stultissimum
691 2494 174 56 est
790 2494 348 56 imaginari,
1063 2494 199 56 quod
1188 2494 149 56 in
1237 2494 174 56 Patre

369 2570 170 57 sit
466 2570 243 57 aliqua
636 2570 267 57 entitas
830 2570 194 57 quae
952 2570 170 57 non
1049 2570 170 57 sit
1122 2570 291 57 substantia

367 2645 174 54 vel
467 2645 149 54 de
541 2645 349 54 substantia
815 2645 224 54 ejus,
965 2645 174 54 sic
1064 2645 199 54 enim
1189 2645 224 54 esset
1313 2645 100 54 ei

368 2722 398 53 accidentalis
692 2722 174 53 vel
791 2722 299 53 extranea
1016 2722 125 53 ;
1065 2722 199 53 ergo
1190 2722 149 53 si
1240 2722 174 53 totam

365 2796 384 54 substantiam
672 2796 256 54 Patris
851 2796 281 54 accepit
1056 2796 281 54 Filius,
1235 2796 179 54 omnem

369 2874 299 44 entitatem
599 2874 230 44 Patris
760 2874 207 44 habet
875 2874 207 44 Filius.

340 2947 204 60 122.
468 2947 306 60 Secundo,
698 2947 153 60 si
774 2947 255 60 essent
953 2947 153 60 in
1029 2947 306 60 personis
1233 2947 179 60 tales

340 3010 131 72 “
392 3010 445 72 proprietates,
758 3010 209 72 tunc
889 3010 183 72 non
994 3010 235 72 eadem
1151 3010 183 72 res
1229 3010 183 72 esset

369 3097 204 56 Pater
506 3097 136 56 et
574 3097 227 56 Filius
733 3097 136 56 et
801 3097 273 56 Spiritus
1005 3097 341 56 sanctus,(ut
1255 3097 159 56 dicit

365 3174 340 57 Ecclesia)
626 3174 287 57 quoniam
835 3174 209 57 illo
966 3174 261 57 posito
1149 3174 183 57 non
1227 3174 183 57 solum

364 3249 330 53 essentia
612 3249 330 53 communis
860 3249 193 53 est
970 3249 275 53 Patri,
1163 3249 193 53 sed
1246 3249 165 53 ipsa

366 3325 213 54 simul
509 3325 166 54 cum
603 3325 190 54 illa
722 3325 261 54 propria
912 3325 285 54 enlilate
1125 3325 237 54 Patris
1268 3325 142 54 quae

363 3404 182 50 non
467 3404 182 50 est
571 3404 156 50 in
650 3404 261 50 Filio,
832 3404 156 50 et
910 3404 182 50 per
1014 3404 365 50 consequens
1275 3404 130 50 non

369 3478 207 55 eadem
507 3478 184 55 res,
622 3478 184 55 quae
737 3478 161 55 est
829 3478 230 55 Pater,
990 3478 161 55 est
1059 3478 207 55 Filius,

344 3529 180 82 leam
456 3529 157 82 ra-
546 3529 247 82 lortio,
726 3529 270 82 sequitur
928 3529 180 82 quod
1040 3529 270 82 essentia
1220 3529 180 82 divina

1445 296 167 56 non
1541 296 167 56 est
1636 296 238 56 Pater,
1803 296 167 56 nec
1898 296 119 56 e
1946 296 262 56 contra,
2136 296 215 56 cujus
2256 296 215 56 opposi¬-

1444 374 172 55 tum
1543 374 221 55 etiam
1690 374 245 55 tradit
1862 374 319 55 Ecclesia,
2107 374 172 55 ubi
2205 374 245 55 supra,
2352 374 123 55 di¬-

1443 449 230 53 cens
1587 449 230 53 quod
1731 449 201 53 una
1846 449 316 53 quaedam
2076 449 259 53 summa
2248 449 201 53 res
2334 449 144 53 est

1444 525 541 55 incomprehensibilis
1912 525 246 55 quidem
2084 525 148 55 et
2133 525 345 55 ineffabilis,

1450 600 183 57 quod
1564 600 297 57 veraciter
1793 600 160 57 est
1885 600 229 57 Pater,
2045 600 229 57 Filius
2205 600 137 57 et
2250 600 229 57 Spiritus

1447 677 303 55 sanctus,
1674 677 303 55 scilicet
1901 677 202 55 tres
2027 677 227 55 simul
2178 677 303 55 personae
2380 677 101 55 ac

1445 751 388 54 singillatim
1756 751 337 54 quaelibet
2015 751 337 54 earumdem,
2274 751 155 54 et
2326 751 155 54 ideo

1448 825 328 57 solummodo
1700 825 177 57 est
1801 825 328 57 Trinitas,
2053 825 177 57 non
2129 825 353 57 quaternitas,

1447 899 181 56 sed
1551 899 337 56 quaelibet
1810 899 233 56 trium
1965 899 363 56 personarum
2250 899 181 56 est
2328 899 155 56 illa

1449 977 188 51 res,
1566 977 305 51 videlicet
1801 977 352 51 substantia,
2083 977 282 51 essentia
2294 977 164 51 seu
2365 977 117 51 na¬-

1450 1051 197 55 tura
1574 1051 271 55 divina.
1771 1051 394 55 Consequentia
2091 1051 296 55 probatur
2313 1051 148 55 ex
2362 1051 123 55 hoc

1451 1127 202 57 quod
1577 1127 253 57 nullum
1754 1127 328 57 includens
2006 1127 253 57 plura,
2183 1127 177 57 est
2259 1127 227 57 aliquid

1449 1201 305 50 illorum;
1677 1201 152 50 et
1753 1201 330 50 similiter
2007 1201 254 50 nullum
2185 1201 279 50 illorum
2363 1201 127 50 est

1450 1277 236 58 ipsum,
1615 1277 165 58 sed
1710 1277 236 58 ipsius
1874 1277 188 58 est,
1992 1277 330 58 transitive
2228 1277 259 58 loquendo,

1453 1354 148 53 et
1527 1354 222 53 illud
1675 1354 321 53 includens
1922 1354 173 53 est
2021 1354 148 53 ex
2095 1354 173 53 eo,
2194 1354 222 53 sicut
2317 1354 173 53 anima

1451 1430 182 53 non
1555 1430 182 53 est
1659 1430 234 53 homo,
1815 1430 182 53 sed
1919 1430 312 53 hominis,
2152 1430 182 53 nec
2256 1430 208 53 homo
2360 1430 130 53 est

1454 1506 253 56 anima,
1631 1506 177 56 sed
1732 1506 152 56 ex
1807 1506 253 56 anima:
1984 1506 253 56 simili
2161 1506 202 56 modo
2262 1506 227 56 probari

1454 1583 241 52 potest
1622 1583 193 52 quod
1743 1583 289 52 essentia
1959 1583 169 52 non
2056 1583 217 52 esset
2200 1583 265 52 Filius,
2369 1583 120 52 nec

1453 1658 285 51 Spiritus
1667 1658 285 51 sanctus,
1880 1658 166 51 nec
1975 1658 119 51 e
1999 1658 213 51 contra.

1511 1719 234 80 Quarto,
1681 1719 128 80 si
1745 1719 277 80 quaelibet
1958 1719 192 80 habet
2086 1719 234 80 aliquam
2256 1719 170 80 pro-
2363 1719 170 80 123.
2448 1719 64 80 ]

1456 1813 192 50 pnam
1576 1813 312 50 entitatem
1816 1813 264 50 praeter
2008 1813 288 50 communem
2224 1813 216 50 enti-
2344 1813 168 50 ratio

1463 1887 175 67 tatem
1579 1887 155 67 quae
1676 1887 136 67 est
1754 1887 175 67 Deus,
1871 1887 233 67 sequitur
2046 1887 155 67 quod
2143 1887 214 67 quselir
2279 1887 233 67 qUentibus.

1453 1964 182 53 bet
1557 1964 312 53 persona,
1791 1964 286 53 praeter
1998 1964 390 53 divinitatem
2284 1964 208 53 commu¬-

1454 2040 213 55 nem,
1588 2040 240 55 habet
1748 2040 240 55 etiam
1908 2040 320 55 propriam
2121 2040 373 55 divinitatem,

1461 2112 141 54 et
1532 2112 165 54 sic
1626 2112 141 54 in
1697 2112 307 54 Trinitate
1933 2112 212 54 erunt
2075 2112 259 54 quatuor
2240 2112 259 54 divinita¬-

1461 2189 193 54 tes,
1581 2189 169 54 una
1678 2189 289 54 communis
1895 2189 145 54 et
1967 2189 193 54 tres
2088 2189 314 54 propriae,
2329 2189 145 54 et
2377 2189 121 54 una

1455 2264 288 56 persona
1664 2264 209 56 erit
1795 2264 235 56 alius
1952 2264 209 56 Deus
2083 2264 157 56 ab
2161 2264 209 56 alia
2266 2264 235 56 propter

1458 2338 219 53 illam
1603 2338 291 53 propriam
1822 2338 340 53 entitatem,
2089 2338 291 53 scilicet
2283 2338 219 53 divini¬-

1459 2415 253 52 tatem
1628 2415 225 52 quam
1768 2415 225 52 sola
1909 2415 365 52 includit.
2190 2415 225 52 Haec
2302 2415 197 52 autem

1458 2492 234 57 omnia
1614 2492 208 57 sunt
1743 2492 311 57 erronea.
1977 2492 415 57 Consequentia
2288 2492 208 57 proba¬-

1465 2567 168 53 tur
1561 2567 144 53 ex
1633 2567 144 53 eo
1705 2567 192 53 quod
1825 2567 360 53 impossibile
2114 2567 168 53 est
2210 2567 192 53 esse
2330 2567 144 53 in
2378 2567 120 53 Deo

1460 2643 300 55 aliquam
1678 2643 381 55 entitatem,
1977 2643 218 55 quae
2114 2643 191 55 non
2223 2643 191 55 sit
2304 2643 191 55 Deus,

1457 2718 338 55 alioquin
1710 2718 394 55 sequeretur
2020 2718 225 55 quod
2160 2718 310 55 persona
2357 2718 141 55 non

1462 2794 222 54 esset
1611 2794 222 54 Deus,
1759 2794 173 54 sed
1858 2794 198 54 ejus
1981 2794 198 54 pars
2105 2794 222 54 esset
2228 2794 173 54 Deus.

1514 2869 228 57 Item,
1665 2869 228 57 omnis
1817 2869 278 57 entitas
2020 2869 202 57 quae
2146 2869 177 57 non
2247 2869 177 57 est
2323 2869 177 57 Deus,

1460 2944 243 60 utique
1630 2944 170 60 est
1727 2944 315 60 creatura,
1969 2944 218 60 juxta
2115 2944 218 60 illud
2236 2944 267 60 Augustini

1465 3021 138 56 1.
1534 3021 138 56 de
1603 3021 300 56 Trinitate
1834 3021 115 56 :
1880 3021 208 56 Omnis
2019 3021 323 56 substantia
2272 3021 185 56 quae
2365 3021 138 56 Deus

1471 3100 164 50 non
1564 3100 187 50 est,
1681 3100 281 50 creatura
1892 3100 187 50 est,
2009 3100 140 50 et
2079 3100 187 50 quae
2196 3100 281 50 creatura
2383 3100 117 50 non

1463 3176 193 52 est,
1584 3176 193 52 Deus
1704 3176 193 52 est;
1825 3176 145 52 et
1897 3176 266 52 constat
2091 3176 193 52 quod
2187 3176 314 52 substantiam

1461 3250 161 52 pro
1553 3250 277 52 essentia
1761 3250 161 52 vel
1853 3250 277 52 entitale
2061 3250 231 52 ponit,
2222 3250 208 52 sicut
2338 3250 161 52 dici¬-

1459 3325 177 52 mus
1560 3325 202 52 quod
1686 3325 354 52 substantia
1965 3325 329 52 albedinis
2218 3325 177 52 est
2319 3325 202 52 alia
2420 3325 76 52 a

1456 3399 323 55 substanda
1704 3399 372 55 nigredinis,
2002 3399 298 55 alioquin
2226 3399 174 55 non
2300 3399 199 55 suffi¬-

1457 3476 271 58 cienter
1655 3476 148 58 pr
1729 3476 247 58 ibaret
1901 3476 321 58 inlenlum,
2148 3476 296 58 scilicet
2345 3476 148 58 quod

1456 3550 234 60 Fdius
1612 3550 182 60 est
1716 3550 234 60 Deus.
1872 3550 182 60 Hoc
1976 3550 234 60 etiam
2132 3550 208 60 modo
2236 3550 260 60 Augusti-
