2653 3950
85 362 172 52 nus
184 362 221 52 super
331 362 221 52 illud
478 362 246 52 Psalm.
650 362 172 52 68.
749 362 270 52 Infixus
945 362 172 52 sum
1019 362 98 52 in

89 438 196 51 limo
211 438 318 51 profundi,
455 438 147 51 et
529 438 171 51 non
627 438 171 51 est
725 438 367 51 substantia,
994 438 122 51 pro

90 511 300 54 entitate
315 511 275 54 accipit
515 511 400 54 substantiam,
841 511 200 54 unde
966 511 175 54 ait
1041 511 75 54 :

90 586 226 50 Omnia
241 586 201 50 enim
366 586 352 50 substantia
643 586 201 50 sunt
768 586 151 50 eo
844 586 226 50 ipso,
969 586 151 50 quod

87 662 187 52 sunt
203 662 257 52 natura,
390 662 187 52 quae
507 662 210 52 nulla
646 662 187 52 sunt
763 662 140 52 in
810 662 303 52 substantia,

86 737 246 54 omnino
259 737 221 54 nihil
406 737 221 54 sunt.
554 737 148 54 Si
627 737 197 54 ergo
750 737 246 54 aliqua
898 737 221 54 entitas

88 810 221 54 esset
236 810 147 54 in
309 810 270 54 persona
506 810 196 54 quae
629 810 172 54 non
727 810 221 54 esset
874 810 221 54 Deus,
997 810 123 54 jam

87 888 271 50 persona
284 888 320 50 composita
531 888 222 50 esset
679 888 148 50 ex
752 888 172 50 Deo
851 888 148 50 et
900 888 222 50 creatu¬-

87 963 181 51 ra,
190 963 206 51 quod
319 963 361 51 blasphemum
603 963 181 51 est
681 963 232 51 dicere.

143 1038 221 53 Item,
291 1038 196 53 Hugo
413 1038 147 53 de
487 1038 368 53 Sacramentis
781 1038 196 53 lib.
903 1038 123 53 1
952 1038 123 53 :
977 1038 147 53 Omne

89 1116 197 49 quod
213 1116 148 49 in
286 1116 172 49 Deo
385 1116 197 49 est,
508 1116 222 49 aliud
656 1116 197 49 quam
779 1116 197 49 Deus
902 1116 197 49 esse
1001 1116 123 49 non

86 1187 254 53 potest;
270 1187 161 53 sed
363 1187 138 53 si
432 1187 184 53 illa
547 1187 254 53 entitas
731 1187 254 53 propria
916 1187 161 53 est
985 1187 138 53 Dei¬-

93 1263 187 54 tas,
210 1263 141 54 et
280 1263 164 54 per
374 1263 328 54 positionem
631 1263 164 54 non
725 1263 164 54 est
819 1263 187 54 illa
912 1263 211 54 divini¬-

90 1341 168 52 tas
186 1341 312 52 communis;
426 1341 192 52 ergo
546 1341 168 52 est
642 1341 192 52 alia
762 1341 312 52 divinitas
978 1341 144 52 pro¬-

90 1415 216 54 pria,
234 1415 144 54 et
306 1415 216 54 patet
450 1415 408 54 consequentia.
787 1415 144 54 Si
859 1415 192 54 vero
955 1415 168 54 dice¬-

88 1493 253 51 retur,
265 1493 202 51 quod
391 1493 202 51 illa
518 1493 278 51 entitas
720 1493 278 51 propria
923 1493 177 51 non
999 1493 127 51 est

90 1566 284 53 entitas
297 1566 335 53 distincta
555 1566 206 53 modo
683 1566 258 53 aliquo
864 1566 129 53 a
890 1566 232 53 Deitate

91 1641 295 55 communi,
313 1641 172 55 sed
411 1641 172 55 est
509 1641 221 55 ipsa,
657 1641 197 55 tunc
780 1641 295 55 sequitur
976 1641 148 55 quod

93 1720 211 52 nulla
233 1720 328 52 pluralitas
490 1720 304 52 enlitatum
724 1720 164 52 est
818 1720 140 52 in
865 1720 257 52 personis,

94 1794 155 54 et
172 1794 180 54 per
275 1794 361 54 consequens
558 1794 180 54 non
661 1794 180 54 est
764 1794 155 54 in
842 1794 155 54 ea
893 1794 232 54 aliquid

94 1869 172 54 quo
193 1869 295 54 convenit
414 1869 172 54 cum
512 1869 196 54 alia
635 1869 295 54 persona,
856 1869 147 54 et
905 1869 221 54 aliquid

96 1949 212 50 aliud
238 1949 165 50 quo
332 1949 377 50 distinguitur
639 1949 142 50 ab
686 1949 118 50 ea.

72 2025 147 50 i.
146 2025 221 50 Item,
293 2025 196 50 quod
416 2025 221 50 nulla
563 2025 343 50 proprietas
833 2025 172 50 est
931 2025 147 50 in
980 2025 147 50 per¬-

96 2097 187 52 sona
213 2097 164 52 vel
306 2097 164 52 est
400 2097 304 52 personae,
634 2097 328 52 transitive
868 2097 258 52 loquendo,

94 2174 191 53 qua
203 2174 436 53 distinguatur
557 2174 164 53 ab
639 2174 218 53 alia
775 2174 327 53 persona,
994 2174 136 53 sed

90 2246 293 52 ip^amet
303 2246 293 52 persona
516 2246 239 52 nulla
676 2246 239 52 plura
809 2246 319 52 quoquomodo

92 2324 355 51 includens,
371 2324 254 51 seipsa
548 2324 228 51 primo
700 2324 228 51 juxta
852 2324 254 51 sensum
1004 2324 127 51 su¬-

95 2399 177 51 pra
196 2399 278 51 positum
398 2399 404 51 distinguitur
727 2399 152 51 ab
802 2399 227 51 alia,
954 2399 152 51 et
1005 2399 126 51 sic

94 2475 283 49 habetur
274 2475 335 49 propositum.

150 2549 293 50 Quinto,
363 2549 320 50 secundum
603 2549 213 50 hanc
736 2549 240 50 viam,
870 2549 266 50 sequitur

97 2624 218 52 quod
233 2624 245 52 nulla
396 2624 299 52 persona
613 2624 190 52 sit
722 2624 245 52 summe
858 2624 272 52 simplex,

99 2700 212 52 quod
231 2700 185 52 est
337 2700 265 52 error.
522 2700 424 52 Consequentia
840 2700 291 52 probatur,

101 2774 207 52 quia
231 2774 311 52 secundum
464 2774 181 52 hoc
567 2774 337 52 quaelibet
826 2774 285 52 persona
1008 2774 129 52 ha¬-

105 2850 168 52 bet
201 2850 144 52 in
273 2850 144 52 se
345 2850 263 52 aliquid
536 2850 192 52 quod
656 2850 192 52 ipsa
776 2850 168 52 non
872 2850 192 52 est,
991 2850 168 52 nec
1063 2850 72 52 e

72 2925 177 52 ta-
173 2925 278 52 contra,
375 2925 177 52 sed
477 2925 177 52 est
578 2925 278 52 aliquid
781 2925 228 52 ejus.
907 2925 228 52 Simplex

104 3001 221 52 autem
252 3001 246 52 nihil,
424 3001 197 52 quod
547 3001 221 52 ipsum
695 3001 172 52 non
793 3001 197 52 sit,
917 3001 221 52 habet
1040 3001 98 52 in

101 3077 187 50 se,
208 3077 213 50 unde
341 3077 293 50 propter
555 3077 240 50 istam
714 3077 267 50 causam
874 3077 267 50 Magister

105 3156 379 52 determinat,
408 3156 202 52 quod
534 3156 354 52 proprietas
812 3156 303 52 personae
1015 3156 126 52 est

106 3232 177 52 ipsa
217 3232 266 52 persona,
416 3232 199 52 dist.
548 3232 155 52 23.
637 3232 133 52 1.
681 3232 133 52 lib.

155 3305 160 51 Et
235 3305 400 51 advertendum
555 3305 213 51 est,
688 3305 213 51 quod
821 3305 240 51 omnes
955 3305 186 51 prae¬-

108 3380 252 50 missae
284 3380 303 50 rationes
511 3380 328 50 procedunt
764 3380 252 50 contra
915 3380 227 50 quamli¬-

110 3458 181 51 bet
213 3458 336 51 opinionem
472 3458 310 51 ponentem
704 3458 284 51 aliquam
885 3458 258 51 proprie¬-

113 3533 252 51 tatem,
289 3533 201 51 modo
415 3533 226 51 supra
566 3533 277 51 posito,
767 3533 201 51 sive
893 3533 201 51 illa
993 3533 151 51 pro¬-

111 3607 270 54 prietas
308 3607 270 54 vocetur
504 3607 196 54 res,
627 3607 196 54 sive
749 3607 368 54 formalilas,
1019 3607 123 54 vel

1168 360 327 53 quiddilas,
1424 360 163 53 vel
1518 360 327 53 modalitas,
1775 360 163 53 vel
1868 360 187 53 alio
1962 360 233 53 quolibet

1165 438 270 52 nomine,
1362 438 270 52 dummodo
1558 438 245 52 aliqua
1730 438 344 52 pluralitas
2000 438 147 52 et
2049 438 147 52 dis¬-

1166 513 283 52 tinctio
1372 513 283 52 ponatur
1578 513 232 52 intra
1733 513 309 52 personam
1939 513 257 52 divinam,

1168 590 196 52 quae
1291 590 221 52 omnia
1438 590 245 52 nomine
1610 590 319 52 entitatis
1855 590 319 52 intelligo
2076 590 123 52 si¬

1150 660 247 52 gnificari.

1215 736 197 44 Pro
1327 736 197 44 hac
1440 736 422 44 conclusione
1777 736 225 44 sunt
1890 736 309 44 Sanctorum

1169 813 418 43 auctoritates.
1513 813 172 43 Ait
1612 813 196 43 enim
1734 813 295 43 Hilarius
1955 813 246 43 tertio
2103 813 98 43 de

1171 887 270 53 Trinit.
1368 887 221 53 prope
1515 887 221 53 finem
1662 887 123 53 :
1711 887 245 53 Audis,
1883 887 172 53 Ego
1981 887 147 53 et
2030 887 172 53 Pater

1166 966 212 50 unum
1299 966 266 50 sumus,
1485 966 212 50 unum
1618 966 239 50 sunt,
1777 966 319 50 scilicet
2016 966 159 50 is
2069 966 133 50 qui

1172 1038 186 50 est,
1288 1038 210 50 nihil
1428 1038 256 50 habens,
1614 1038 186 50 quod
1731 1038 163 50 non
1824 1038 163 50 sit
1917 1038 210 50 etiam
2057 1038 140 50 in
2104 1038 93 50 eo

1172 1118 118 44 a
1220 1118 165 44 quo
1290 1118 142 44 est.

1224 1189 238 54 Item,
1382 1189 211 54 idem
1514 1189 158 54 7.
1593 1189 158 54 de
1672 1189 290 54 Trinit.
1883 1189 264 54 Indico
2042 1189 158 54 quid

1171 1265 216 47 sunt,
1315 1265 288 47 scilicet
1531 1265 216 47 Pater
1675 1265 144 47 et
1748 1265 240 47 Filius
1916 1265 168 47 cum
2012 1265 192 47 unum
2108 1265 96 47 ex

1167 1342 186 51 uno
1274 1342 213 51 est,
1407 1342 213 51 quia
1540 1342 239 51 neque
1699 1342 213 51 unus
1832 1342 186 51 uni
1938 1342 239 51 aliud
2071 1342 133 51 per

1168 1417 425 51 generationem
1514 1417 213 51 quam
1647 1417 213 51 quod
1780 1417 213 51 suum
1913 1417 186 51 est
1992 1417 213 51 dedit,

1168 1493 222 51 neque
1316 1493 197 51 unus
1440 1493 148 51 ab
1514 1493 173 51 uno
1612 1493 173 51 per
1711 1493 370 51 nativitatem
1982 1493 222 51 obtinet

1169 1569 214 47 quam
1303 1569 214 47 quod
1410 1569 188 47 unus.

1225 1643 190 45 Hem,
1344 1643 285 45 Isidorus
1558 1643 143 45 de
1629 1643 214 45 summo
1772 1643 190 45 bono
1890 1643 190 45 lib.
2009 1643 143 45 1.
2057 1643 143 45 ait:

1170 1719 192 54 Ideo
1290 1719 192 54 unum
1410 1719 192 54 sunt
1530 1719 216 54 Paler
1674 1719 144 54 et
1747 1719 264 54 Filius,
1939 1719 192 54 quia
2035 1719 168 54 nihil

1171 1793 221 51 habet
1319 1793 221 51 Pater
1466 1793 196 51 quod
1588 1793 172 51 non
1686 1793 245 51 habeat
1858 1793 270 51 Filius.
2029 1793 172 51 Insu¬-

1172 1870 177 55 per
1273 1870 354 55 Augustinus
1551 1870 152 55 de
1626 1870 202 55 sum.
1753 1870 328 55 Trinitat.
1980 1870 227 55 loquens

1175 1944 151 48 de
1250 1944 227 48 Verbo
1401 1944 504 48 consubstantiali:
1829 1944 151 48 Et
1905 1944 201 48 idem
2006 1944 201 48 Verbum

1175 2019 283 59 (inquit)
1388 2019 189 59 haec
1506 2019 260 59 veritas
1695 2019 189 59 est,
1813 2019 260 59 quoniam
1978 2019 236 59 quidquid

1179 2099 164 51 est
1272 2099 141 51 in
1343 2099 141 51 ea
1413 2099 281 51 scientia
1624 2099 141 51 de
1694 2099 164 51 qua
1788 2099 258 51 genitum
1976 2099 164 51 est
2046 2099 164 51 etiam

1174 2174 159 54 in
1254 2174 212 54 ipso
1387 2174 212 54 est.
1520 2174 319 54 Scientia
1759 2174 239 54 autem
1918 2174 159 54 de
1998 2174 186 54 qua
2077 2174 133 54 est

1178 2249 289 55 genitum,
1395 2249 169 55 est
1491 2249 241 55 Pater,
1660 2249 145 55 ut
1732 2249 169 55 ubi
1828 2249 241 55 patet;
1973 2249 241 55 quidquid

1178 2325 207 52 ergo
1307 2325 181 52 est
1411 2325 155 52 in
1488 2325 233 52 Patre
1643 2325 181 52 est
1747 2325 155 52 in
1824 2325 207 52 ejus
1954 2325 258 52 Verbo.
2109 2325 103 52 Ex

1179 2400 258 51 quibus
1360 2400 284 51 omnibus
1566 2400 232 51 palet
1721 2400 206 51 quod
1850 2400 232 51 nihil
1979 2400 232 51 omnino,

1182 2476 157 52 aut
1271 2476 247 52 entitas
1451 2476 225 52 aliqua
1608 2476 157 52 est
1698 2476 135 52 in
1766 2476 225 52 Patre,
1923 2476 180 52 quae
2035 2476 157 52 non
2103 2476 112 52 sit

1184 2551 119 55 in
1244 2551 199 55 Filio,
1383 2551 139 55 nec
1463 2551 100 55 e
1503 2551 219 55 contra.
1662 2551 159 55 Quod
1761 2551 179 55 etiam
1881 2551 199 55 hujus-
2020 2551 159 55 Nuna
2100 2551 139 55 enti-

1186 2625 159 59 modi
1285 2625 179 59 verba
1405 2625 179 59 Filii
1524 2625 278 59 confirmant
1742 2625 179 59 Joan.
1862 2625 139 59 16.
1941 2625 139 59 di-
2001 2625 238 59 estinPaire

1187 2702 219 63 centis
1340 2702 110 63 :
1384 2702 197 63 Omnia
1516 2702 307 63 quaecumque
1757 2702 197 63 habet
1888 2702 197 63 Paler
2020 2702 219 63 nonq^*
2151 2702 88 63 in

1188 2774 150 52 mea
1273 2774 193 52 sunt,
1402 2774 129 52 et
1466 2774 236 52 proinde
1638 2774 215 52 cantat
1788 2774 258 52 Ecclesia
1981 2774 107 52 :
2024 2774 129 52 In
2067 2774 172 52 Filio-

1185 2854 206 44 Patre
1322 2854 206 44 totus
1460 2854 252 44 Filius,
1643 2854 137 44 et
1712 2854 206 44 totus
1849 2854 137 44 in
1917 2854 206 44 Verbo
2032 2854 183 44 Pater.

1183 2930 168 51 Non
1279 2930 192 51 ergo
1399 2930 144 51 in
1471 2930 288 51 personis
1687 2930 288 51 divinis,
1904 2930 264 51 praeter
2072 2930 144 51 com¬-

1184 3005 233 50 munem
1339 3005 363 50 essentiam,
1624 3005 207 50 sunt
1754 3005 285 50 aliquae
1935 3005 285 50 speciales

1189 3080 138 51 et
1258 3080 275 51 propriae
1464 3080 183 51 enti
1579 3080 206 51 tales
1716 3080 344 51 cogitandae,
1992 3080 138 51 ut
2060 3080 161 51 est
2129 3080 92 51 ex

1185 3154 280 52 dictis
1381 3154 364 52 ostensum.
1661 3154 196 52 Cui
1773 3154 280 52 quoque
1941 3154 280 52 consonat

1186 3231 273 50 dictum
1377 3231 300 50 Hugonis
1595 3231 218 50 lib.
1732 3231 164 50 1.
1814 3231 164 50 de
1868 3231 355 50 Sacramentis

1190 3306 288 51 dicentis
1406 3306 120 51 :
1454 3306 216 51 Nihil
1598 3306 216 51 aliud
1741 3306 192 51 esse
1861 3306 192 51 quam
1957 3306 264 51 essentiam

1186 3384 235 48 unam,
1342 3384 209 48 quam
1447 3384 339 48 confitemur.

1240 3456 250 54 Deinde
1415 3456 250 54 arguit
1590 3456 250 54 contra
1764 3456 175 54 se,
1864 3456 225 54 primo
2014 3456 175 54 per
2089 3456 150 54 125-

1190 3533 206 50 illud
1327 3533 229 50 verbum
1487 3533 366 50 Praefationis
1785 3533 114 50 :
1830 3533 137 50 In
1899 3533 274 50 personis
2082 3533 137 50 pro¬-

1186 3609 264 49 prietas
1378 3609 144 49 et
1450 3609 144 49 in
1522 3609 288 49 essentia
1739 3609 264 49 unitas,
1931 3609 144 49 et
2003 3609 144 49 in
2051 3609 168 49 maje-
