2711 3950
462 349 206 53 stale
600 349 275 53 adoretur
806 349 344 53 aequalitas,
1081 349 138 53 ex
1150 349 161 53 quo
1242 349 206 53 patet
1356 349 138 53 quod

463 427 328 51 proprietas
720 427 164 51 est
814 427 234 51 aliqua
977 427 281 51 enlilas.
1188 427 281 51 alioquin
1375 427 117 51 non

461 503 215 49 esset
604 503 143 49 in
676 503 310 49 personis,
915 503 143 49 et
987 503 167 49 non
1082 503 167 49 est
1178 503 263 49 entitas
1345 503 143 49 quae

461 579 159 51 est
552 579 273 51 persona,
757 579 182 51 quia
871 579 205 51 niail
1008 579 159 51 est
1099 579 137 51 in
1167 579 137 51 se
1236 579 205 51 ipso;
1349 579 137 51 ergo

460 655 155 49 est
549 655 244 49 entitas
704 655 244 49 personae.

506 728 295 51 Secundo,
728 728 148 51 si
801 728 344 51 proprietas
1072 728 295 51 personae
1293 728 172 51 non
1367 728 123 51 sit

457 804 229 51 aliqua
617 804 229 51 enotas
777 804 252 51 propria
960 804 137 51 et
1029 804 297 51 pariialis
1235 804 252 51 personae,

457 879 206 51 tunc
586 879 180 51 non
689 879 231 51 esset
843 879 180 51 una
946 879 360 51 proprietas
1229 879 180 51 seu
1306 879 180 51 notio

458 955 301 49 communis
684 955 226 49 Patri
834 955 151 49 et
910 955 251 49 Filio,
1085 955 226 49 cujus
1211 955 276 49 oppositum

460 1031 206 52 dicit
597 1031 274 52 Magister
803 1031 137 52 d.
871 1031 160 52 29.
963 1031 228 52 primi,
1123 1031 137 52 et
1191 1031 206 52 patet
1305 1031 183 52 conse¬-

454 1106 335 50 quentia,
706 1106 224 50 quia
845 1106 252 50 nulla
1013 1106 307 50 persona
1209 1106 279 50 communis

459 1182 151 40 est
546 1182 194 40 Patri
675 1182 129 40 et
718 1182 172 40 Filio.

503 1258 337 51 Respondet
762 1258 156 51 ad
840 1258 285 51 primum,
1047 1258 207 51 quia
1177 1258 207 51 illa
1281 1258 207 51 aucto¬-

451 1334 227 41 ritas
602 1334 152 41 in
678 1334 329 41 sententia
931 1334 227 41 nullo
1083 1334 202 41 modo
1209 1334 177 41 est
1285 1334 202 41 contra

452 1410 361 51 propositum,
741 1410 144 51 et
813 1410 216 51 dicit
957 1410 192 51 quod
1077 1410 192 51 illa
1197 1410 216 51 verba
1318 1410 168 51 acci¬-

453 1485 259 51 piuntur
642 1485 329 51 improprie.
901 1485 212 51 Sicut
1042 1485 212 51 etiam
1183 1485 259 51 dicitur
1371 1485 118 51 :
1395 1485 94 51 Et

453 1559 144 51 in
525 1559 312 51 majestate
765 1559 288 51 adoretur
982 1559 360 51 aequalitas,
1270 1559 168 51 non
1342 1559 144 51 enim

457 1632 156 52 est
546 1632 156 52 ibi
635 1632 312 52 aequalitas
880 1632 223 52 aliqua
1036 1632 245 52 entitas
1215 1632 290 52 distincta
1415 1632 67 52 ;

455 1706 144 50 et
527 1706 312 50 similiter
767 1706 168 50 nec
863 1706 240 50 unitas
1031 1706 168 50 est
1127 1706 240 50 aliqua
1271 1706 216 50 entitas

457 1781 306 49 distincta,
698 1781 153 49 cum
785 1781 241 49 dicitur
961 1781 131 49 et
1026 1781 131 49 in
1092 1781 285 49 esieritia
1289 1781 197 49 unitas.

450 1857 152 51 Et
526 1857 177 51 dat
627 1857 228 51 alias
779 1857 431 51 expositiones,
1133 1857 203 51 quae
1260 1857 177 51 non
1336 1857 152 51 sunt

448 1934 266 50 multum
635 1934 399 50 necessariae
954 1934 186 50 pro
1060 1934 239 50 nunc,
1220 1934 213 50 quia
1326 1934 160 50 idem

452 2011 353 41 concludunt
729 2011 151 41 in
780 2011 151 41 rem.

496 2085 180 51 Ad
586 2085 359 51 secundum
855 2085 269 51 negat
1005 2085 479 51 consequentiam,

451 2161 202 52 quia
577 2161 202 52 pari
703 2161 202 52 modo
829 2161 378 52 probaretur,
1132 2161 202 52 quod
1233 2161 252 52 essentia

450 2237 181 49 cum
554 2237 181 49 sit
657 2237 311 49 communis
890 2237 259 49 tribus
1072 2237 337 49 personis,
1305 2237 181 49 esset

451 2310 312 50 partialis
691 2310 264 50 entitas
883 2310 264 50 ipsarum
1075 2310 120 50 ;
1123 2310 216 50 sicut
1267 2310 192 50 ergo
1363 2310 120 50 es¬-

451 2385 235 50 sentia
615 2385 164 50 est
709 2385 211 50 Pater
850 2385 141 50 et
920 2385 235 50 Filius
1085 2385 141 50 et
1155 2385 282 50 Spiritus
1343 2385 141 50 san¬-

449 2458 217 54 ctus,
593 2458 169 54 sic
690 2458 193 54 illa
810 2458 289 54 communis
1027 2458 217 54 notio
1171 2458 169 54 (si
1243 2458 241 54 ponatur)

449 2535 161 52 est
541 2535 207 52 Pater
679 2535 138 52 et
748 2535 253 52 Filius,
932 2535 138 52 et
1000 2535 161 52 non
1092 2535 230 52 aliqua
1230 2535 253 52 pariialis

446 2611 259 49 entitas
635 2611 283 49 ipsarum.
847 2611 141 49 Et
918 2611 165 49 hoc
1012 2611 306 49 intelligo
1247 2611 141 49 si
1295 2611 188 49 loqua¬-

441 2685 182 51 mur
545 2685 156 51 de
623 2685 286 51 notione
831 2685 234 51 prout
986 2685 182 51 est
1090 2685 286 51 aliquid
1272 2685 208 51 incom-

441 2761 223 52 plexe
590 2761 447 52 significabile,
963 2761 199 52 modo
1087 2761 223 52 supra
1236 2761 248 52 dicto.
1385 2761 99 52 Si

435 2837 233 52 vero
580 2837 175 52 de
668 2837 320 52 communi
901 2837 320 52 notione
1134 2837 349 52 loquamur
1367 2837 116 52 ut

443 2913 168 52 est
539 2913 265 52 aliquid
732 2913 409 52 significabile
1068 2913 289 52 complexe
1261 2913 240 52 tantum,,

442 2990 208 50 tunc
572 2990 182 50 non
676 2990 234 50 valet
831 2990 441 50 consequentia,
1195 2990 208 50 quia
1298 2990 182 50 notio

441 3066 170 50 sic
538 3066 242 50 sumpta
707 3066 170 50 non
804 3066 170 50 est
901 3066 242 50 aliqua
1070 3066 266 50 entitas
1240 3066 242 50 existens

442 3142 152 50 in
518 3142 305 50 persona,
746 3142 178 50 imo
848 3142 178 50 nec
950 3142 254 50 aliqua
1127 3142 279 50 entitas
1305 3142 178 50 omni¬-

440 3218 183 50 no.
544 3218 183 50 Hcc
623 3218 313 50 Gregorius.

496 3293 197 51 Huic
619 3293 369 51 conclusioni
914 3293 295 51 Gregorii
1136 3293 246 51 posset
1283 3293 197 51 multis

443 3367 260 50 mediis
625 3367 312 50 instari,
859 3367 182 50 sed
963 3367 182 50 pro
1066 3367 208 50 nunc
1170 3367 312 50 sufficiant

442 3443 246 52 omnia
606 3443 219 52 illa
743 3443 274 52 media,
934 3443 274 52 quibus
1125 3443 246 52 Scdus
1262 3443 219 52 probat

449 3521 137 51 pr
518 3521 320 51 'priWatoln
770 3521 137 51 11
838 3521 114 51 y
884 3521 114 51 i
930 3521 114 51 >
976 3521 252 51 sUlieam
1159 3521 298 51 distingui
1365 3521 114 51 »-x

447 3596 240 50 uuiUra
615 3596 168 50 rei
711 3596 144 50 ao
783 3596 360 50 'esseuti.i,
1070 3596 192 50 quui
1190 3596 216 50 media
1310 3596 168 50 parum

1544 347 294 55 ponuntur
1764 347 147 55 in
1837 347 318 55 prsesenti
2082 347 342 55 quaestione
2351 347 147 55 et
2400 347 171 55 infra

1543 425 144 54 d.
1615 425 144 54 8.
1687 425 144 54 q.
1759 425 144 54 3.
1831 425 144 54 et
1903 425 240 54 alibi.
2071 425 264 54 Possunt
2262 425 216 54 etiam
2382 425 192 54 adduci

1541 502 238 51 omnia
1699 502 212 51 illa
1832 502 265 51 media,
2017 502 265 51 quibus
2202 502 265 51 Doctor
2361 502 212 51 probat

1538 576 177 55 per
1639 576 202 55 quid
1765 576 303 55 personae
1993 576 430 55 distinguuntur
2347 576 152 55 ab
2397 576 177 55 invi¬-

1544 651 179 53 cem,
1655 651 156 53 ut.
1745 651 201 53 patet
1879 651 201 53 infra
2013 651 201 53 dist.
2147 651 156 53 11.
2236 651 246 53 Possunt
2392 651 179 53 iterum

1537 726 272 51 adduci
1727 726 245 51 omnia
1891 726 272 51 media,
2082 726 272 51 quibus
2272 726 272 51 probat
2436 726 136 51 per

1542 803 184 53 quid
1657 803 277 53 personae
1865 803 392 53 consliiuuniur
2187 803 138 53 in
2256 803 184 53 esse
2372 803 207 53 reali
2487 803 92 53 et

1537 880 450 49 incommunicabili
1916 880 190 49 sive
2035 880 332 49 personali,
2296 880 190 49 quae
2390 880 190 49 ponun¬-

1541 952 165 51 tur
1636 952 212 51 infra
1777 952 306 51 distinet.
2012 952 165 51 26.
2106 952 188 51 Item
2223 952 259 51 possunt
2388 952 188 51 adduci

1534 1030 260 51 omnia
1707 1030 289 51 media,
1910 1030 289 51 quibus
2112 1030 289 51 probat
2285 1030 289 51 personas

1538 1106 321 50 constitui
1785 1106 148 50 in
1859 1106 197 50 esse
1983 1106 346 50 personali,
2254 1106 173 50 que
2328 1106 247 50 ponuntur

1538 1179 198 51 infra
1670 1179 198 51 dist.
1802 1179 154 51 23.
1890 1179 132 51 et
1956 1179 154 51 28.
2044 1179 132 51 et
2109 1179 132 51 in
2175 1179 220 51 quodl.
2329 1179 242 51 quaest.
2483 1179 88 51 4.

1536 1257 192 51 Haec
1656 1257 216 51 omnia
1800 1257 265 51 omitto,
1993 1257 192 51 quia
2113 1257 361 51 principalis
2378 1257 192 51 inten¬-

1534 1332 192 53 tio
1643 1332 192 53 est
1753 1332 384 53 respondere
2054 1332 356 53 argumento
2301 1332 274 53 Gregorii

1536 1410 256 41 contra
1716 1410 308 41 Doctorem
1921 1410 282 41 Subtilem.

1591 1483 311 53 Respondeo
1831 1483 144 53 ad
1902 1483 287 53 rationes
2118 1483 311 53 Gregorii.
2357 1483 144 53 Ad
2405 1483 192 53 Respoi

1539 1561 216 51 primam
1691 1561 194 51 dico,
1820 1561 173 51 quod
1928 1561 345 51 proprietates
2209 1561 194 51 illae
2338 1561 173 51 sunt
2424 1561 173 51 ration

1535 1639 346 48 intrinsecae
1812 1639 277 48 personis
2020 1639 139 48 et
2089 1639 323 48 intrinsece
2343 1639 254 48 consti-
2505 1639 92 48 ad

1537 1696 212 68 tuunt
1679 1696 330 68 personas,'
1938 1696 141 68 et
2008 1696 165 68 cum
2103 1696 235 68 probat
2267 1696 283 68 impossi-
2456 1696 141 68 pnm1

1534 1789 329 50 bilitatem
1787 1789 177 50 per
1888 1789 228 50 illud
2040 1789 203 50 cap.
2167 1789 329 50 Damnamus,
2395 1789 177 50 patet

1535 1863 207 52 quod
1664 1863 181 52 non
1768 1863 181 52 est
1871 1863 259 52 contra
2053 1863 207 52 nos,
2182 1863 207 52 quia
2311 1863 207 52 vult
2415 1863 155 52 quod

1531 1939 240 52 Pater
1691 1939 347 52 generando
1958 1939 267 52 Filium
2144 1939 187 52 non
2251 1939 187 52 det
2358 1939 160 52 ei
2411 1939 160 52 par¬-

1534 2013 186 48 tem
1641 2013 398 48 substantiae
1959 2013 292 48 Patris,
2172 2013 186 48 sed
2278 2013 239 48 totam
2411 2013 159 48 sub¬-

1531 2090 346 51 stantiam,
1798 2090 160 51 et
1878 2090 266 51 certum
2064 2090 186 51 est
2171 2090 213 51 quod
2304 2090 240 51 illud
2437 2090 133 51 ca¬-

1530 2165 187 51 put
1637 2165 321 51 loquitur
1878 2165 160 51 de
1958 2165 267 51 natura
2145 2165 267 51 divina
2332 2165 214 51 quae
2439 2165 134 51 est

1534 2242 207 51 tota
1664 2242 156 51 in
1741 2242 285 51 tribus,
1949 2242 156 51 et
2027 2242 181 51 sic
2130 2242 181 51 per
2208 2242 363 51 generationem

1531 2302 246 63 Pater
1695 2302 383 63 communicat
1995 2302 246 63 illam
2160 2302 273 63 Filio,
2351 2302 164 63 et
2433 2302 191 63 hoc
2515 2302 82 63 I

1531 2392 254 51 probat
1708 2392 178 51 per
1810 2392 228 51 illud
1962 2392 228 51 Joan.
2114 2392 152 51 5.
2190 2392 228 51 Pater
2343 2392 203 51 quod
2444 2392 127 51 de¬-

1532 2467 191 51 dit
1641 2467 218 51 mihi
1777 2467 246 51 majus
1941 2467 191 51 est
2050 2467 328 51 omnibus,
2296 2467 218 51 quod
2405 2467 164 51 tan¬-

1533 2542 185 52 tum
1638 2542 265 52 potest
1824 2542 344 52 intelligi
2088 2542 159 52 de
2168 2542 265 52 natura
2327 2542 238 52 divina,

1534 2618 207 51 quae
1663 2618 181 51 est
1767 2618 310 51 terminus
1999 2618 310 51 formalis
2206 2618 362 51 generationis

1534 2692 230 52 Filii,
1695 2692 138 52 ut
1764 2692 207 52 infra
1902 2692 230 52 probat
2064 2692 230 52 Doctor
2225 2692 138 52 d.
2294 2692 138 52 5.
2363 2692 138 52 q.
2432 2692 138 52 2.
2478 2692 92 52 et

1529 2769 187 49 ibi
1636 2769 240 49 multa
1796 2769 294 49 exposui
2010 2769 160 49 de
2090 2769 214 49 ista
2224 2769 321 49 materia.
2437 2769 134 49 Tum

1530 2844 266 52 etiam,
1717 2844 213 52 quia
1850 2844 320 52 Magister
2090 2844 213 52 vult
2223 2844 160 52 d.
2303 2844 160 52 5.
2356 2844 213 52 primi,

1530 2920 219 51 quod
1666 2920 273 51 Filius
1858 2920 191 51 sit
1967 2920 301 51 genitus
2185 2920 164 51 de
2240 2920 328 51 substantia

1529 2997 279 51 Patris;
1731 2997 152 51 et
1808 2997 228 51 patet
1960 2997 203 51 quod
2086 2997 152 51 ly
2162 2997 355 51 substantia
2416 2997 152 51 tan¬-

1531 3072 191 51 tum
1640 3072 355 51 accipitur
1913 3072 191 51 pro
2022 3072 273 51 natura
2213 3072 300 51 divina,
2404 3072 164 51 quia

1528 3148 329 53 Magis!er
1774 3148 219 53 vult
1911 3148 192 53 ibi
2020 3148 219 53 quod
2157 3148 192 53 sit
2267 3148 301 53 genitus
2458 3148 110 53 de

1529 3223 346 48 substantia
1801 3223 272 48 Patris,
1999 3223 148 48 id
2073 3223 198 48 est,
2196 3223 148 48 ut
2246 3223 321 48 consubstan¬-

1533 3297 240 50 tialis
1701 3297 240 50 Patri,
1869 3297 144 50 ut
1941 3297 312 50 exponitur
2182 3297 168 50 ibi
2278 3297 120 50 a
2326 3297 264 50 Ductore
2494 3297 72 50 ;

1529 3372 169 51 non
1625 3372 193 51 ergo
1746 3372 265 51 accipit
1938 3372 169 51 ibi
2034 3372 241 51 cap.it
2203 3372 217 51 illud
2323 3372 241 51 substan¬-

1529 3449 141 47 ti
1600 3449 141 47 un
1671 3449 141 47 pr
1741 3449 118 47 )
1788 3449 118 47 o
1835 3449 188 47 niii
1953 3449 282 47 euLitate
2141 3449 424 47 incommunicabili.

1531 3525 130 40 N
1583 3525 156 40 >n
1661 3525 207 40 mini
1790 3525 233 40 talis
1946 3525 259 40 entuas
2101 3525 467 40 incommunicabilis

1529 3601 286 49 dicitur
1737 3601 364 49 suoaUiibu,
2023 3601 364 49 accipiendo
2308 3601 234 49 prout
2438 3601 130 49 hic
