2653 3950
204 269 283 58 allerum
410 269 206 58 erit
538 269 231 58 actus
692 269 154 58 et
770 269 283 58 alterum
949 269 283 58 potentia,

200 350 172 54 et
286 350 201 54 per
401 350 402 54 consequens
717 350 316 54 persona
947 350 172 54 ex
1004 350 230 54 natura

198 418 191 58 rei
307 418 218 58 erit
443 418 354 58 composita
715 418 463 58 compositione,
1070 418 163 58 quae

196 493 303 59 destruit
423 493 378 59 simpliciter
726 493 202 59 ejus
826 493 404 59 simplicitatem;

197 571 224 46 haec
337 571 252 46 omnia
505 571 252 46 verba
672 571 196 46 sua
756 571 196 46 sunt.

255 645 250 58 Deinde
430 645 325 58 exquisite
680 645 250 58 probat
856 645 225 58 illam
981 645 250 58 majorem,

202 723 217 56 quam
337 723 406 56 probationem
662 723 190 56 non
771 723 298 56 oportet
987 723 217 56 nunc
1096 723 135 56 re¬-

207 799 245 56 citare
378 799 196 56 hic.
500 799 220 56 Nulla
647 799 392 56 argumentatio
966 799 171 56 vel
1039 799 196 56 decla¬-

206 874 232 57 ratio
361 874 206 57 alia
489 874 180 57 est
592 874 335 57 opportuna
850 874 154 57 ad
901 874 335 57 ostendendum

204 950 608 55 incompossibilitatem
732 950 317 55 secundum
970 950 238 55 dicta
1102 950 132 55 eo¬-

206 1024 212 52 rum,
338 1024 185 52 aut
444 1024 238 52 etiam
602 1024 370 52 falsilatem
867 1024 370 52 conclusionis

200 1102 178 58 in
289 1102 207 58 se,
408 1102 207 58 cum
526 1102 355 58 expresse
793 1102 296 58 dicant
1000 1102 237 58 quod
1119 1102 118 58 si

208 1177 477 57 qualitercumque
605 1177 371 57 distinctio
896 1177 212 57 est,
1028 1177 185 57 aut
1108 1177 132 57 sit

209 1252 154 57 ex
286 1252 256 57 natura
465 1252 179 57 rei
568 1252 230 57 inter
721 1252 409 57 proprietatem
1054 1252 154 57 et
1105 1252 128 57 es¬-

209 1329 315 57 sentiam,
445 1329 289 57 persona
656 1329 184 57 non
761 1329 210 57 erit
892 1329 289 57 simplex
1076 1329 158 57 sim¬-

212 1404 318 59 pliciter,
456 1404 171 59 sed
554 1404 318 59 composita
799 1404 391 59 compositione
1092 1404 147 59 quae

209 1480 325 60 destruit
452 1480 216 60 ejus
588 1480 487 60 simplicitatem.
994 1480 189 60 Cum
1075 1480 162 60 ergo

204 1557 326 57 secundum
448 1557 244 57 ipsos
611 1557 163 57 et
693 1557 326 57 secundum
910 1557 326 57 veritatem,

208 1634 298 56 persona
425 1634 190 56 sit
533 1634 244 56 summe
696 1634 163 56 et
777 1634 407 56 simpliciter
1075 1634 163 56 sim¬-

206 1708 233 57 plex,
361 1708 310 57 sequitur
594 1708 207 57 quod
723 1708 233 57 nulla
878 1708 258 57 omnino
1059 1708 181 57 est
1137 1708 103 57 ex

208 1788 224 43 natura
364 1788 157 43 rei
431 1788 291 43 distinctio.

259 1867 372 58 Praeterea,
552 1867 159 58 ad
631 1867 212 58 idem
764 1867 239 58 arguo
923 1867 186 58 sic
1030 1867 133 58 :
1056 1867 186 58 Pater

208 1943 252 57 habet
376 1943 168 57 in
460 1943 168 57 se
543 1943 307 57 aliquam
767 1943 363 57 enlitatem
1018 1943 224 57 commu¬-

211 2019 283 57 nicatam
417 2019 257 57 Filio,
597 2019 154 57 et
675 2019 283 57 aliquam
881 2019 335 57 enlitatem
1112 2019 129 57 non

214 2096 411 59 communicatam
549 2096 231 59 Filio
703 2096 129 59 ;
754 2096 206 59 ergo
883 2096 231 59 Pater
1037 2096 180 59 non
1114 2096 129 59 est

211 2172 272 62 omnino
401 2172 326 62 simplex.
645 2172 380 62 Antecedens
944 2172 272 62 (licet
1107 2172 136 62 sit

209 2245 292 63 falsum)
422 2245 186 63 est
528 2245 239 63 datum
687 2245 159 63 ab
767 2245 318 63 opinante
1005 2245 159 63 in
1058 2245 186 63 prima

210 2323 378 61 responsione
512 2323 227 61 facta
664 2323 252 61 supra,
840 2323 151 61 et
891 2323 353 61 consequentia

212 2398 221 56 tenet
360 2398 172 56 per
458 2398 319 56 Concilium
703 2398 221 56 extra
850 2398 147 56 de
923 2398 196 56 sum.
1021 2398 221 56 Trinit.

212 2476 148 61 et
286 2476 197 61 fid.
409 2476 221 61 cath.
557 2476 320 61 Damnamus,
802 2476 221 61 sicut
950 2476 221 61 supra
1073 2476 172 61 patet

216 2553 192 59 dist.
344 2553 150 59 26.
429 2553 256 59 conclus.
622 2553 128 59 3.
686 2553 214 59 illius
814 2553 192 59 quaest.

263 2630 292 56 Tertio,
476 2630 239 56 arguo
635 2630 265 56 contra
821 2630 424 56 conclusionem
1139 2630 106 56 in

214 2705 144 63 se
286 2705 144 63 ex
358 2705 240 63 dictis
526 2705 336 63 opinantis,
789 2705 144 63 et
861 2705 216 63 probo
1005 2705 168 63 per
1077 2705 168 63 aliam

212 2783 336 62 rationem,
471 2783 207 62 quam
600 2783 233 62 supra
755 2783 233 62 facit
910 2783 258 62 contra
1065 2783 181 62 prae¬-

216 2858 245 59 dictam
387 2858 342 59 opinionem,
656 2858 196 59 quae
778 2858 171 59 est
876 2858 220 59 talis
1023 2858 147 59 de
1072 2858 171 59 verbo

209 2933 164 62 ad
291 2933 273 62 verbum
482 2933 136 62 :
536 2933 246 62 Omnis
700 2933 191 62 res
809 2933 409 62 (accipiendo
1110 2933 136 62 rem

209 3009 424 57 generalissime)
563 3009 236 57 habens
728 3009 400 57 distinctionem
1058 3009 141 57 ab
1105 3009 141 57 alia

209 3087 148 61 re
283 3087 467 61 qualitercumque,
677 3087 172 61 aut
775 3087 172 61 est
873 3087 172 61 ens
947 3087 295 61 informans,

212 3161 177 61 aut
313 3161 379 61 informatum,
616 3161 177 61 aut
717 3161 177 61 per
818 3161 152 61 se
894 3161 329 61 existens,
1122 3161 126 61 nec

212 3240 353 62 informans,
489 3240 177 62 nec
590 3240 378 62 informatum.
893 3240 151 62 Si
969 3240 202 62 ergo
1069 3240 177 62 rela¬-

216 3315 164 62 tio
309 3315 164 62 sit
403 3315 164 62 res
497 3315 305 62 distincta
731 3315 141 62 ab
802 3315 305 62 essentia,
1036 3315 164 62 aut
1106 3315 141 62 ergo

216 3393 176 60 sic
316 3393 176 60 vel
417 3393 201 60 sic;
543 3393 176 60 non
643 3393 226 60 primo
794 3393 176 60 vel
894 3393 276 60 secundo
1070 3393 176 60 modo,

220 3469 183 61 quia
334 3469 160 61 sic
426 3469 160 61 vel
517 3469 206 61 esset
655 3469 206 61 actus
792 3469 160 61 vel
883 3469 274 61 potentia
1066 3469 183 61 respe¬-

221 3547 175 60 ctu
321 3547 350 60 essentiae,
596 3547 150 60 et
671 3547 175 60 per
772 3547 350 60 consequens
1022 3547 225 60 faceret

1282 255 417 64 compositionem
1626 255 147 64 in
1699 255 294 64 persona.
1920 255 147 64 Si
1993 255 196 64 vero
2116 255 172 64 sit
2189 255 123 64 res

1282 333 229 59 tertio
1442 333 206 59 modo,
1579 333 274 59 scilicet
1785 333 160 59 per
1877 333 137 59 se
1945 333 343 59 subsistens,
2197 333 114 59 se¬-

1283 407 228 64 quitur
1443 407 182 64 quod
1557 407 319 64 proprietas
1807 407 159 64 per
1898 407 137 64 se
1966 407 296 64 subsistit
2171 407 137 64 sic¬-

1280 483 147 61 ut
1354 483 295 61 persona,
1575 483 147 61 et
1649 483 172 61 sic
1747 483 270 61 persona
1944 483 172 61 non
2017 483 295 61 includeret

1282 560 311 63 essentiam
1522 560 144 63 ut
1593 560 263 63 aliquid
1785 560 192 63 sui,
1905 560 168 63 sed
2001 560 240 63 tantum
2144 560 168 63 rela¬-

1282 640 269 60 tionem,
1477 640 196 60 quod
1599 640 171 60 est
1697 640 391 60 impossibile;
2015 640 220 60 liaec
2137 640 171 60 ipse.

1279 716 159 62 Ex
1359 716 266 62 quibus
1545 716 266 62 patet,
1731 716 213 62 quod
1864 716 186 62 cum
1970 716 319 62 accipiat
2183 716 133 62 rem

1283 795 439 64 generalissime
1645 795 155 64 et
1723 795 465 64 qualitercumque
2084 795 233 64 distin¬-

1286 872 212 58 ctam
1418 872 159 58 ab
1497 872 238 58 alia,
1656 872 318 58 sequitur
1894 872 212 58 quod
2000 872 318 58 proprietas

1286 949 168 55 non
1382 949 168 55 est
1478 949 288 55 realitas
1694 949 168 55 vel
1790 949 288 55 entitas,
2006 949 168 55 aut
2078 949 240 55 formali-

1287 1024 180 58 tas
1390 1024 180 58 vel
1493 1024 361 58 modalitas,
1777 1024 180 58 aut
1880 1024 258 58 quovis
2060 1024 206 58 alio
2163 1024 155 58 modo

1284 1100 398 52 nominaretur
1602 1100 159 52 ex
1681 1100 265 52 natura
1867 1100 186 52 rei
1973 1100 345 52 distincta
2211 1100 106 52 ab

1285 1179 345 57 essentia,
1551 1179 265 57 saltem
1736 1179 159 57 si
1816 1179 424 57 argumentatio
2134 1179 186 57 eorum

1285 1255 207 58 bona
1414 1255 207 58 sit,
1543 1255 181 58 cum
1647 1255 181 58 res
1750 1255 439 58 generalissime
2086 1255 232 58 accepta

1290 1335 249 57 dicatur
1472 1335 136 57 de
1540 1335 272 57 qualibet
1721 1335 249 57 entitate.

1341 1406 205 62 Unde
1469 1406 231 62 eadem
1623 1406 410 62 argumentatio
1956 1406 256 62 potest
2110 1406 205 62 fieri,

1286 1486 251 60 posito
1462 1486 176 60 hoc
1562 1486 276 60 termino
1763 1486 302 60 entitas,
1989 1486 176 60 vel
2090 1486 176 60 hoc
2165 1486 151 60 ter¬-

1287 1563 207 60 mino
1416 1563 361 60 formalilas
1700 1563 207 60 loco
1829 1563 232 60 hujus
1984 1563 284 60 termini
2165 1563 155 60 com¬-

1287 1652 223 39 munis
1411 1652 149 39 res.

1342 1716 373 61 Confirmatur,
1645 1716 186 61 quia
1761 1716 140 61 si
1831 1716 163 61 non
1924 1716 163 61 sic
1994 1716 326 61 intelligant,

1287 1794 159 61 ut
1366 1794 292 61 dicatur
1578 1794 212 61 quod
1711 1794 186 61 non
1817 1794 239 61 valet
1949 1794 371 61 argumentatio

1291 1873 251 57 contra
1466 1873 301 57 ponentes
1692 1873 351 57 relationem
1967 1873 175 57 non
2068 1873 200 57 esse
2168 1873 150 57 pro¬-

1289 1946 217 59 prie
1425 1946 217 59 rem,
1560 1946 190 59 sed
1669 1946 407 59 modalilalem
1995 1946 217 59 rei,
2104 1946 217 59 contra

1291 2027 197 57 quos
1415 2027 197 57 ista
1538 2027 321 57 argumenta
1760 2027 222 57 valent.

1344 2101 312 56 Praeterea,
1589 2101 178 56 ista
1700 2101 312 56 formalitas
1945 2101 312 56 relationis
2168 2101 156 56 prae¬-

1292 2176 192 50 cise
1412 2176 288 50 secundum
1628 2176 144 50 se
1700 2176 168 50 est
1796 2176 312 50 distincta
2036 2176 144 50 ab
2084 2176 240 50 essentia

1291 2253 155 59 ex
1369 2253 258 59 natura
1550 2253 207 59 rei,
1679 2253 155 59 et
1756 2253 181 59 cum
1860 2253 181 59 hoc
1963 2253 181 59 (ut
2067 2253 258 59 dicunt
2222 2253 103 59 in

1292 2329 344 61 quaestione
1563 2329 270 61 proxime
1759 2329 319 61 allegata)
2005 2329 172 61 est
2103 2329 196 61 sibi
2201 2329 123 61 ea¬-

1293 2405 185 57 dem
1398 2405 450 57 perfectissima
1769 2405 370 57 identitate
2060 2405 159 57 ac
2139 2405 159 57 si
2192 2405 132 57 non

1293 2478 452 62 distingueretur
1670 2478 151 62 ab
1745 2478 151 62 ea
1821 2478 126 62 ;
1871 2478 201 62 ergo
1996 2478 302 62 secundum
2197 2478 126 62 ar¬-

1291 2555 439 63 gumentationem
1652 2555 206 63 ejus
1781 2555 258 63 contra
1936 2555 387 63 Praepositivum

1295 2632 215 61 dist.
1439 2632 167 61 26.
1534 2632 191 61 ipsa
1654 2632 167 61 non
1749 2632 167 61 est
1845 2632 143 61 ab
1917 2632 287 61 essentia
2132 2632 143 61 se
2180 2632 143 61 tota

1292 2703 216 64 primo
1436 2703 289 64 diversa,
1653 2703 168 64 sed
1749 2703 240 64 aliquo
1917 2703 168 64 sui
2013 2703 289 64 convenit
2206 2703 120 64 cum

1296 2783 196 59 ilia
1419 2783 147 59 et
1493 2783 246 59 aliquo
1665 2783 172 59 sui
1763 2783 418 59 distinguitur;
2107 2783 196 59 ergo
2205 2783 123 59 per

1287 2860 367 53 secundam
1563 2860 245 53 suam
1716 2860 367 53 rationem
1991 2860 245 53 nunc
2114 2860 214 53 supra

1296 2934 320 59 allegatam
1542 2934 221 59 habet
1690 2934 148 59 in
1764 2934 148 59 se
1837 2934 246 59 aliqua
2009 2934 320 59 distincta
2231 2934 98 59 ex

1295 3010 234 58 natura
1459 3010 188 58 rei,
1576 3010 141 58 et
1646 3010 164 58 sit
1740 3010 117 58 A
1787 3010 141 58 id
1857 3010 164 58 quo
1951 3010 188 58 ista
2045 3010 281 58 formalitas

1290 3086 176 57 est
1391 3086 227 57 eadem
1542 3086 353 57 essentiae,
1819 3086 151 57 et
1895 3086 176 57 sit
1995 3086 126 57 B
2046 3086 151 57 id
2121 3086 176 57 quo
2197 3086 126 57 di¬-

1292 3163 361 58 stinguitur
1576 3163 155 58 ab
1653 3163 181 58 ea,
1757 3163 155 58 et
1834 3163 206 58 tunc
1963 3163 155 58 de
2040 3163 129 58 B
2066 3163 258 58 praecise

1289 3237 280 60 sumpto
1485 3237 308 60 quaero,
1709 3237 252 60 ulrum
1876 3237 196 60 sit
1988 3237 280 60 aliquo
2156 3237 168 60 modo

1295 3313 201 49 idem
1421 3313 327 49 essentiae
1672 3313 151 49 ex
1748 3313 252 49 natura
1924 3313 176 49 rei
2024 3313 176 49 vel
2125 3313 201 49 non.
2225 3313 101 49 Si

1293 3390 206 59 non,
1422 3390 206 59 ergo
1551 3390 283 59 persona
1757 3390 335 59 includens
2015 3390 129 59 B
2066 3390 155 59 et
2118 3390 206 59 essen¬-

1299 3465 196 60 tiam
1422 3465 172 60 non
1520 3465 172 60 est
1618 3465 294 60 simplex,
1839 3465 196 60 quia
1961 3465 294 60 secundum
2157 3465 172 60 illos

1296 3541 181 60 non
1399 3541 310 60 salvatur
1632 3541 387 60 simplicitas
1941 3541 335 60 personae,
2173 3541 155 60 nisi
