2682 3950
219 329 300 57 aliquid;
444 329 150 57 et
519 329 175 57 cum
619 329 275 57 dicitur
820 329 200 57 quod
945 329 275 57 aliquid
1120 329 125 57 est

218 406 150 57 ad
293 406 174 57 se,
393 406 224 57 debet
542 406 324 57 inlelligi
791 406 199 57 quod
916 406 174 57 est
1016 406 224 57 ipsum
1140 406 100 57 ad

216 482 167 56 se,
312 482 215 56 verbi
455 482 263 56 gratia,
646 482 143 56 si
718 482 263 56 dicatur
909 482 191 56 quod
1028 482 191 56 homo
1124 482 119 56 est

214 557 158 58 ad
293 557 185 58 se,
398 557 448 58 intelligendum
767 557 185 58 est
873 557 211 58 quod
1005 557 211 58 homo
1110 557 132 58 est

209 632 236 59 homo
356 632 177 59 ad
445 632 207 59 se,
563 632 207 59 sed
681 632 266 59 simul
858 632 207 59 cum
976 632 207 59 hoc
1064 632 177 59 quod

212 709 211 55 homo
344 709 185 55 est
449 709 211 55 homo
581 709 159 55 ad
661 709 185 55 se,
766 709 185 55 est
872 709 238 55 etiam
1031 709 211 55 homo
1136 709 106 55 ad

211 784 275 57 aliquid,
417 784 160 57 sic
509 784 137 57 in
577 784 320 57 proposito,
829 784 137 57 de
898 784 206 57 Patre
1035 784 137 57 in
1081 784 160 57 divi¬-

213 862 157 52 nis
302 862 224 52 potest
459 862 179 52 dici
571 862 134 52 ad
638 862 134 52 se
705 862 134 52 et
772 862 134 52 ad
839 862 224 52 aliud,
974 862 134 52 etc.

265 936 170 55 Sed
362 936 194 55 ista
483 936 316 55 responsio
727 936 170 55 est
824 936 316 55 manifeste
1043 936 194 55 fa’sa,

214 1012 178 57 quia
325 1012 134 57 ut
392 1012 178 57 sic,
503 1012 201 57 nulla
637 1012 245 57 relatio
816 1012 223 57 posset
972 1012 290 57 distingui
1172 1012 67 57 a

207 1089 180 55 suo
310 1089 335 55 subjecto,
568 1089 206 55 quod
696 1089 206 55 isti
825 1089 360 55 concedunt.
1083 1089 154 55 Ideo

208 1163 180 56 pro
311 1163 206 56 nunc
440 1163 360 56 dimittatur
723 1163 206 56 ista
852 1163 309 56 materia,
1058 1163 180 56 usque

207 1235 163 59 ad
288 1235 462 59 distinctionem
669 1235 272 59 primam
859 1235 299 59 secundi
1077 1235 136 59 ,
1104 1235 136 59 ubi

211 1318 335 56 probabitur
474 1318 191 56 quod
594 1318 239 56 multae
761 1318 335 56 relationes
1001 1318 239 56 realiter

192 1388 131 61 An
258 1388 240 61 relatio
432 1388 370 61 distinguuntur
737 1388 109 61 a
780 1388 174 61 suis
889 1388 349 61 fundamentis.
1151 1388 87 61 In

191 1470 186 53 tura
307 1470 302 53 proposito
540 1470 209 53 tamen
679 1470 140 53 de
749 1470 209 53 Patre
888 1470 140 53 in
958 1470 256 53 divinis
1121 1470 116 53 hoc

193 1547 214 55 mento,
342 1547 278 55 sustineri
556 1547 149 55 non
641 1547 235 55 potest,
812 1547 256 55 scilicet
1004 1547 171 55 quod
1090 1547 149 55 Paler

205 1622 151 46 ex
280 1622 252 46 natura
457 1622 176 46 rei
557 1622 252 46 tantum
734 1622 227 46 dicat
885 1622 327 46 essentiam
1111 1622 126 46 di¬-

209 1697 234 55 vinam.
372 1697 187 55 Tum,
489 1697 187 55 quia
606 1697 211 55 nulla
747 1697 211 55 esset
887 1697 234 55 realis
1027 1697 211 55 distin¬-

206 1773 206 57 ctio
335 1773 232 57 inter
490 1773 335 57 personas,
747 1773 180 57 cum
850 1773 232 57 omnes
979 1773 258 57 personae

206 1849 264 47 tantum
390 1849 158 47 ex
470 1849 264 47 natura
654 1849 185 47 rei
760 1849 264 47 dicant
918 1849 317 47 essentiam.

201 1925 218 57 Tum,
337 1925 218 57 quia
473 1925 245 57 omnes
637 1925 327 57 personae
882 1925 272 57 essent
1045 1925 191 57 aeque

205 2000 442 57 communicabiles
574 2000 147 57 ex
648 2000 246 57 natura
819 2000 196 57 rei,
942 2000 246 57 palet,
1090 2000 147 57 quia

204 2075 221 47 nihil
352 2075 147 47 ex
425 2075 245 47 natura
597 2075 172 47 rei
695 2075 319 47 includunt
940 2075 196 47 nisi
1038 2075 196 47 essen¬-

206 2149 196 56 tiam
328 2149 269 56 divinam
524 2149 171 56 per
622 2149 171 56 te,
720 2149 196 56 modo
842 2149 294 56 essentia
1038 2149 196 56 divina

206 2224 171 61 est
303 2224 122 61 f
352 2224 318 61 «rmaliter
597 2224 464 61 communicabitis.
988 2224 196 61 Tum,
1085 2224 147 61 quia

203 2302 176 54 non
303 2302 251 54 posset
479 2302 276 54 salvari
680 2302 327 54 productio
932 2302 151 54 in
982 2302 251 54 divinis,

202 2378 221 53 patet
350 2378 123 53 ,
399 2378 196 53 quia
521 2378 147 53 si
595 2378 221 53 Pater
742 2378 147 53 ex
816 2378 270 53 natura,
1012 2378 172 53 rei
1086 2378 147 53 tan¬-

202 2450 176 61 tum
303 2450 227 61 dicit
454 2450 328 61 essentiam
706 2450 302 61 divinam,
933 2450 252 61 quaero
1084 2450 151 61 quid

202 2527 277 60 generet
403 2527 252 60 Pater?
579 2527 151 60 Si
655 2527 302 60 personam
882 2527 252 60 Filii,
1033 2527 201 60 quaero

204 2602 188 56 quid
321 2602 211 56 dicat
461 2602 258 56 persona
649 2602 211 56 Filii
790 2602 141 56 ex
860 2602 234 56 natura
1024 2602 188 56 rei,
1118 2602 117 56 cum

201 2677 202 54 ipse
327 2677 177 54 sit
428 2677 277 54 persona
630 2677 151 54 ex
705 2677 252 54 natura
882 2677 202 54 rei?
1008 2677 151 54 Si
1058 2677 177 54 dicit

197 2752 296 48 tantum
404 2752 384 48 essentiam
700 2752 325 48 divinam
936 2752 177 48 et
996 2752 236 48 eamdem

200 2827 218 57 quam
336 2827 245 57 Pater
499 2827 272 57 dicit;
689 2827 218 57 ergo
825 2827 163 57 in
907 2827 163 57 re
961 2827 272 57 essentia

203 2901 251 58 divina
379 2901 201 58 erit
504 2901 302 58 generans
731 2901 151 58 et
806 2901 276 58 genita,
1007 2901 151 58 et
1082 2901 176 58 sic
1158 2901 75 58 a

201 2977 251 57 seipsa
377 2977 201 57 erit
502 2977 151 57 ex
578 2977 251 57 natura
754 2977 176 57 rei
854 2977 352 57 distincta,
1105 2977 126 57 cum

200 3053 226 55 nihil
351 3053 251 55 gignat
527 3053 302 55 seipsum,
753 3053 151 55 ex
828 3053 226 55 primo
979 3053 151 55 de
1029 3053 201 55 Trini¬-

201 3130 233 59 tate.
356 3130 155 59 Et
434 3130 233 59 multa
590 3130 207 59 alia
719 3130 466 59 inconvenientia
1082 3130 155 59 pos¬-

204 3206 182 56 sunt
318 3206 250 56 adduci,
500 3206 182 56 quae
613 3206 273 56 relinquo
795 3206 182 56 aliis.

251 3281 169 56 Et
335 3281 169 56 ex
420 3281 198 56 his
533 3281 254 56 patet
703 3281 141 56 ,
759 3281 226 56 quid
900 3281 339 56 dicendum
1126 3281 113 56 ad

203 3356 232 59 omnia
358 3356 335 59 sequentia
616 3356 258 59 istius
796 3356 335 59 Ductoris,
1029 3356 206 59 proce¬-

205 3432 212 59 dunt
337 3432 212 59 enim
470 3432 239 59 omnia
629 3432 159 59 ex
708 3432 212 59 hoc,
841 3432 212 59 quod
973 3432 212 59 vult
1079 3432 159 59 quod

207 3507 235 55 Filius
372 3507 165 55 sit
466 3507 212 55 unica
607 3507 400 55 simplicissima
936 3507 259 55 entitas
1124 3507 118 55 ,
1148 3507 94 55 et

210 3578 184 61 illa
325 3578 161 61 est
417 3578 321 61 sapientia,
669 3578 138 61 et
738 3578 253 61 Filius,
922 3578 138 61 et
991 3578 253 61 Verbum,
1151 3578 92 61 et

1287 329 229 55 omne
1431 329 229 55 quod
1574 329 201 55 est
1689 329 143 55 ,
1746 329 172 55 et
1832 329 201 55 sic
1946 329 201 55 cum
2032 329 287 55 dicitur:

1289 394 191 58 Non
1398 394 163 58 eo
1479 394 191 58 est
1588 394 272 58 Filius
1779 394 191 58 quo
1888 394 354 58 sapientia
2161 394 136 58 ,
2188 394 136 58 di¬-

1286 471 346 58 stinguit
1545 471 173 58 de
1632 471 173 58 ly
1718 471 173 58 eo
1805 471 173 58 et
1891 471 202 58 quo
2006 471 144 58 ,
2064 471 202 58 sed
2150 471 173 58 quia

1289 547 245 54 haec,
1452 547 245 54 omnia
1615 547 354 54 procedunt
1888 547 163 54 ex
1969 547 245 54 falso
2105 547 218 54 funda¬-

1287 626 288 53 mento,
1489 626 201 53 non
1604 626 316 53 oportet
1834 626 201 53 hic
1949 626 288 53 mullum
2122 626 201 53 immo¬-

1290 701 193 55 rari
1410 701 144 55 ut
1483 701 241 55 patet.
1651 701 144 55 Ex
1723 701 169 55 his
1820 701 241 55 potest
1988 701 313 55 faciliter
2205 701 120 55 re¬-

1287 777 319 56 sponderi
1526 777 159 56 ad
1606 777 239 56 omnes
1765 777 398 56 objectiones
2084 777 212 56 quas
2190 777 133 56 fa¬-

1288 852 251 55 ciunt
1455 852 223 55 alii
1595 852 279 55 contra
1790 852 307 55 Scotum,
2013 852 167 55 et
2069 852 251 55 quomodo

1287 929 435 53 responsiones
1641 929 245 53 eorum
1804 929 191 53 non
1913 929 327 53 evacuant
2130 929 191 53 rati¬-

1289 1005 201 54 ones
1415 1005 252 54 Scoti,
1591 1005 201 54 vide
1717 1005 352 54 positionem
1994 1005 252 54 Occham
2145 1005 176 54 Quod-

1290 1081 187 55 lib.
1407 1081 141 55 1.
1477 1081 141 55 q.
1547 1081 141 55 2.
1617 1081 141 55 et
1688 1081 351 55 aliqualiter
1969 1081 141 55 in
2039 1081 211 55 primo
2179 1081 141 55 d.
2226 1081 94 55 2.

1287 1157 151 54 et
1362 1157 328 54 similiter
1615 1157 202 54 vide
1741 1157 353 54 positionem
2018 1157 303 54 Alphonsi
2220 1157 101 54 et

1285 1234 276 53 Joannis
1486 1234 301 53 Anglici,
1711 1234 150 53 et
1787 1234 301 53 multorum
1987 1234 251 53 aliorum.

1338 1308 257 54 Quidam
1518 1308 232 54 novus
1673 1308 334 54 expositor
1930 1308 257 54 sancti
2084 1308 232 54 Thomae,

1281 1383 217 56 parte
1425 1383 217 56 prima
1570 1383 241 56 quxsl.
1738 1383 169 56 39.
1835 1383 241 56 artic.
2003 1383 241 56 primo,
2148 1383 169 56 niti¬-

1288 1460 171 54 tur
1385 1460 269 54 solvere
1581 1460 294 54 rationes
1801 1460 220 54 Scoti
1948 1460 318 54 probantes
2168 1460 147 54 pro¬-

1284 1535 327 56 prietatem
1535 1535 352 56 personalem
1812 1535 327 56 distingui
2064 1535 151 56 ex
2114 1535 201 56 natura

1283 1611 172 54 rei
1382 1611 147 54 ab
1455 1611 295 54 essentia
1676 1611 270 54 divina,
1873 1611 147 54 et
1947 1611 246 54 tantum
2094 1611 221 54 respon¬-

1286 1687 168 52 det
1382 1687 144 52 ad
1454 1687 216 52 duas,
1598 1687 288 52 scilicet
1814 1687 144 52 ad
1885 1687 216 52 istam
2029 1687 120 52 :
2077 1687 216 52 Pater
2197 1687 120 52 se¬-

1287 1763 207 55 cluso
1425 1763 207 55 opere
1563 1763 344 55 intellectus
1838 1763 207 55 habet
1976 1763 298 55 enlilatem
2182 1763 138 55 com-

1281 1838 388 46 municabilem
1592 1838 155 46 et
1670 1838 337 46 enlitatem
1903 1838 414 46 incommunicabi¬-

1284 1912 184 54 lem,
1399 1912 184 54 etc.
1514 1912 253 54 Secunda
1697 1912 161 54 est
1789 1912 115 54 :
1835 1912 207 54 Pater
1973 1912 344 54 inlelligens
2225 1912 92 54 in

1280 1986 203 59 primo
1416 1986 203 59 siqno
1551 1986 270 59 originis
1754 1986 113 59 a
1799 1986 158 59 se,
1889 1986 158 59 aut
1979 1986 315 59 intelligit
2204 1986 113 59 es¬-

1281 2065 277 53 sentiam
1483 2065 151 53 et
1558 2065 429 53 proprietatem,
1911 2065 202 53 puta
2012 2065 303 53 paternita¬-

1284 2139 161 55 tem
1376 2139 138 55 ut
1445 2139 161 55 duo
1536 2139 252 55 objecta
1720 2139 321 55 formaliler
1972 2139 321 55 distincta,
2201 2139 115 55 aut

1286 2216 157 53 non
1375 2216 112 53 \
1420 2216 134 53 si
1487 2216 179 53 sic,
1599 2216 246 53 habetur
1778 2216 291 53 intentum,
2002 2216 179 53 quia
2092 2216 224 53 cognitio

1285 2293 304 51 intuitiva
1519 2293 164 51 est
1612 2293 164 51 rei
1706 2293 281 51 secundum
1917 2293 187 51 esse
2034 2293 281 51 praesens
2221 2293 94 51 in

1283 2367 147 54 se
1356 2367 122 54 ;
1405 2367 147 54 si
1478 2367 196 54 non,
1601 2367 196 54 ergo
1723 2367 416 54 distinguuntur
2065 2367 245 54 tantum
2212 2367 98 54 in

1287 2442 183 55 modo
1402 2442 367 55 concipiendi,
1700 2442 183 55 ergo
1815 2442 138 55 ex
1883 2442 367 55 distinctione
2158 2442 161 55 inter

1284 2516 154 49 ea
1361 2516 180 49 non
1464 2516 180 49 est
1567 2516 180 49 hoc
1670 2516 437 49 communicabile
2030 2516 154 49 et
2107 2516 180 49 hoc
2184 2516 129 49 in¬-

1282 2592 489 54 communicabile,
1689 2592 163 54 et
1771 2592 244 54 tenet
1934 2592 326 54 sequela,
2151 2592 163 54 quia

1280 2668 381 53 distinctio
1579 2668 327 53 secundum
1825 2668 245 53 modum
1961 2668 354 53 concipiendi

1285 2752 189 50 nihil
1411 2752 189 50 facit
1536 2752 126 50 in
1578 2752 105 50 re.

1334 2819 319 59 Respondet
1580 2819 393 59 praemittendo
1899 2819 270 59 aliqua,
2071 2819 245 59 scilicet

1282 2892 211 63 quod
1413 2892 237 63 sicut
1572 2892 158 63 in
1651 2892 185 63 Deo
1756 2892 316 63 secundum
1994 2892 185 63 rem
2099 2892 211 63 sive
2205 2892 105 63 in

1283 2970 252 53 ordine
1459 2970 252 53 reali,
1635 2970 176 53 est
1736 2970 176 53 una
1836 2970 176 53 res
1937 2970 176 53 non
2037 2970 201 53 pure
2138 2970 176 53 abso¬-

1282 3045 217 59 luta,
1426 3045 169 59 nec
1523 3045 193 59 pure
1643 3045 361 59 respectiva,
1932 3045 169 59 nec
2028 3045 217 59 mixta
2173 3045 120 59 ,
2197 3045 120 59 aut

1285 3121 352 61 composita,
1561 3121 176 61 aut
1662 3121 327 61 resultans
1913 3121 151 61 ex
1988 3121 302 61 utraque,
2189 3121 126 61 sed

1285 3196 439 55 eminentissime
1646 3196 155 55 et
1724 3196 361 55 formaliler
2007 3196 258 55 habens
2162 3196 155 55 quod

1286 3274 186 58 est
1392 3274 398 58 respective,
1710 3274 186 58 imo
1816 3274 318 58 mullarum
2054 3274 239 58 rerum
2187 3274 133 58 re-

1288 3348 383 63 spectivarum,
1599 3348 144 63 et
1671 3348 191 63 quod
1791 3348 168 63 est
1886 3348 287 63 absolute
2102 3348 120 63 ;
2150 3348 168 63 ita
2221 3348 96 63 in

1287 3424 264 54 ordine
1471 3424 290 54 formali
1682 3424 185 54 seu
1788 3424 316 54 rationum
1999 3424 316 54 formalium,

1284 3501 364 66 (secundum
1564 3501 168 66 se
1648 3501 196 66 non
1760 3501 252 66 quoad
1927 3501 196 66 nos
2011 3501 308 66 loquendo)

1292 3574 171 57 est
1389 3574 147 57 in
1463 3574 171 57 Deo
1561 3574 220 57 unica
1707 3574 220 57 ratio
1854 3574 318 57 formalis,
2099 3574 171 57 non
2172 3574 147 57 pure
