2711 3950
414 270 353 51 praedicata
691 270 328 51 similiter
944 270 177 51 non
1044 270 404 51 verificentur
1347 270 101 51 de

416 346 388 50 paternitate
726 346 155 50 et
804 346 388 50 filiatione,
1114 346 284 50 videtur
1295 346 155 50 enim

414 421 398 52 simpliciter
733 421 425 52 impossibile,
1078 421 212 52 quod
1184 421 266 52 subjecta

414 496 273 51 duarum
605 496 464 51 propositionum
987 496 218 51 sint
1123 496 273 51 omnino
1287 496 164 51 idem

411 570 160 53 in
491 570 294 53 essendo
705 570 160 53 et
785 570 160 53 in
865 570 454 53 significando,
1239 570 160 53 et
1292 570 160 53 quod

415 646 320 50 praedicta
662 646 172 50 non
760 646 172 50 ita
859 646 394 50 verificentur
1179 646 148 50 de
1253 646 172 50 uno
1327 646 123 50 si¬-

418 722 174 40 cut
518 722 150 40 de
568 722 174 40 alio.

465 798 160 52 Ex
545 798 186 52 his
652 798 293 52 omnibus
865 798 213 52 quae
998 798 213 52 dixi
1131 798 160 52 in
1211 798 213 52 ista
1317 798 133 52 ma¬-

420 876 227 52 teria
571 876 227 52 omnes
722 876 378 52 objectiones
1025 876 227 52 aliae
1177 876 252 52 ipsius
1328 876 126 52 Oc-

421 951 227 51 cham,
572 951 151 51 ut
648 951 227 51 supra
799 951 227 51 solvi
950 951 302 51 possunt.
1177 951 151 51 Et
1227 951 227 51 simili¬-

419 1026 191 50 ter
528 1026 245 50 omnes
691 1026 409 50 objectiones
1018 1026 327 50 aliorum,
1263 1026 163 50 ut
1318 1026 136 50 AL-

417 1101 253 53 phonsi
594 1101 328 53 Toletani,
846 1101 278 53 Joannis
1048 1101 278 53 Anglici
1225 1101 227 53 Baccho-

417 1175 168 41 nis
513 1175 144 41 et
561 1175 239 41 aliorum.

758 1311 317 37 SGHOLIUM.

465 1435 242 49 Solvit
634 1435 315 49 argumenta
876 1435 363 49 principalia
1142 1435 315 49 quaestionis

419 1502 265 47 quartae
612 1502 193 47 quae
732 1502 169 47 est
829 1502 217 47 prima
974 1502 289 47 secundae
1191 1502 265 47 partis,
1360 1502 96 47 in

422 1565 253 47 quorum
599 1565 404 47 solutionibus
927 1565 303 47 explicat
1155 1565 227 47 multa
1281 1565 177 47 scitu

421 1628 266 48 digna,
608 1628 239 48 circa
767 1628 213 48 hanc
900 1628 346 48 materiam,
1166 1628 160 48 de
1220 1628 239 48 unitate

425 1691 145 45 et
497 1691 313 45 Trinitate
738 1691 265 45 divina,
931 1691 289 45 tractans
1124 1691 337 45 subtilissime

426 1755 265 43 maximam
619 1755 217 43 illam
763 1755 120 43 :
811 1755 193 43 Quae
931 1755 193 43 sunt
1052 1755 217 43 eadem
1196 1755 169 43 uni
1268 1755 193 43 tertio

425 1819 193 48 sunt
545 1819 217 48 eadem
690 1819 217 48 inter
835 1819 169 48 se,
931 1819 289 48 quatenus
1148 1819 265 48 videtur
1316 1819 145 48 esse

425 1886 244 44 contra
595 1886 317 44 mysterium
815 1886 317 44 Trinitatis.

402 2010 192 83 Ad
498 2010 224 83 tr'
626 2010 160 83 i
691 2010 160 83 ^
755 2010 321 83 Primum
979 2010 224 83 (a)
1075 2010 385 83 argumentum

411 2070 388 81 qusestr.°'4'.
731 2070 320 81 principale
982 2070 205 81 dico,
1119 2070 183 81 quod
1233 2070 205 81 major
1347 2070 114 81 sic

410 2141 367 85 siintSemest
703 2141 392 85 intelligenda
1021 2141 122 85 :
1070 2141 343 85 Quaecumque
1315 2141 147 85 ali-

409 2234 375 69 iertio?sunt
709 2234 350 69 identitate
983 2234 200 69 sunt
1108 2234 225 69 eadem
1233 2234 225 69 alicui,

410 2305 335 74 inte?te™x-
673 2305 168 74 ^aH
769 2305 335 74 identitate
1032 2305 215 74 inter
1176 2305 144 74 se
1248 2305 168 74 sic
1319 2305 144 74 sunt

408 2391 291 79 optfme!
619 2391 264 79 badem,
804 2391 211 79 quia
936 2391 185 79 non
1041 2391 264 79 potest
1200 2391 264 79 concludi

417 2468 327 60 aliqua
646 2468 425 60 identitas
973 2468 457 60 extremorum
1300 2468 163 60 in¬-

416 2544 222 51 ter
543 2544 190 51 se
638 2544 254 51 nisi
797 2544 380 51 secundum
1082 2544 285 51 illam
1240 2544 222 51 iden¬-

411 2621 385 59 titatem
691 2621 245 59 qua
831 2621 280 59 sunt
1007 2621 315 59 eadem
1182 2621 280 59 medio,

411 2696 210 56 et
516 2696 350 56 medium
761 2696 210 56 in
866 2696 210 56 se
970 2696 245 56 sic
1110 2696 245 56 sit
1215 2696 245 56 idem,

413 2772 185 61 et
506 2772 216 61 per
629 2772 247 61 hanc
783 2772 216 61 (b)
907 2772 524 61 propositionem
1308 2772 154 61 sic

412 2848 543 52 intellectam,
853 2848 305 52 tenet
1057 2848 305 52 omnis
1226 2848 238 52 forma

415 2923 523 61 syllogistica.
846 2923 308 61 Omissa
1062 2923 216 61 (c)
1185 2923 246 61 enim
1308 2923 154 61 al¬-

418 3000 239 49 tera
568 3000 418 49 conditione
896 3000 209 49 vel
1016 3000 359 49 unitatis
1255 3000 209 49 medii

419 3076 190 53 in
514 3076 222 53 se,
641 3076 222 53 vel
768 3076 190 53 ex
863 3076 222 53 se,
990 3076 222 53 vel
1085 3076 381 53 extremorum

419 3152 201 62 ad
520 3152 335 62 medium
755 3152 235 62 non
889 3152 235 62 est
990 3152 469 62 Syllogismus,

421 3228 222 59 sed
548 3228 507 59 Paralogismus
960 3228 475 59 accidentis;
1308 3228 158 59 cum

422 3304 209 61 (d)
541 3304 388 61 accipitur
840 3304 179 61 in
929 3304 298 61 minori
1138 3304 239 61 quod
1257 3304 209 61 quid¬-

421 3380 261 59 quid
585 3380 229 59 est
715 3380 196 59 in
813 3380 392 59 essentia
1107 3380 326 59 divina
1303 3380 163 59 est

422 3454 253 57 idem
581 3454 253 57 illi
739 3454 443 57 essentiae,
1087 3454 221 57 non
1213 3454 221 57 est
1308 3454 158 57 ve¬-

420 3532 237 60 rum
555 3532 541 60 intelligendo
995 3532 203 60 de
1062 3532 406 60 identitate

1491 270 377 60 formali,
1774 270 189 60 et
1868 270 252 60 ideo
2025 270 220 60 non
2151 270 314 60 potest
2339 270 189 60 con¬-

1493 345 275 47 cludi
1677 345 366 47 formalis
1951 345 397 47 identitas
2226 345 305 47 extremo¬-

1488 421 261 59 rum
1637 421 336 59 inter
1861 421 261 59 se,
2010 421 410 59 quamdiu
2271 421 261 59 autem

1494 495 245 49 stat
1647 495 367 49 formalis
1923 495 428 49 distinctio
2229 495 306 49 relatio¬-

1491 570 222 63 num
1618 570 443 63 suppositi,
1966 570 253 63 stat
2124 570 380 63 formalis
2378 570 158 63 di¬-

1495 649 372 60 stinctio
1743 649 465 60 suppositorum.

1552 724 184 59 Et
1644 724 184 59 si
1737 724 277 59 dicas
1921 724 246 59 (e),
2075 724 246 59 quod
2229 724 307 59 saltem
2413 724 123 59 ex

1495 799 441 49 identitate
1842 799 284 49 reali
2032 799 284 49 eorum
2221 799 189 49 ad
2284 799 252 49 essen¬-

1494 876 285 52 tiam,
1684 876 412 52 concludam
2001 876 475 52 identitatem
2349 876 190 52 rea-

1494 950 221 48 lem
1621 950 284 48 eorum
1810 950 284 48 inter
1968 950 158 48 se.

1558 1012 235 70 Dico,
1715 1012 209 70 quod
1845 1012 314 70 essentia
2081 1012 183 70 non
2185 1012 235 70 habet
2316 1012 235 70 Puar.ej

1502 1101 393 53 identitatem
1816 1101 236 53 talem
1973 1101 288 53 unicam,
2183 1101 262 53 scili-
2340 1101 210 53 j-eaii

1501 1180 193 57 cet
1612 1180 496 57 subsistentiae,
2025 1180 248 57 prout
2191 1180 331 57 personae
2411 1180 138 57 rum

1500 1256 188 58 vel
1608 1256 377 58 personalia
1904 1256 161 58 ut
1984 1256 296 58 extrema
2199 1256 269 58 uniun-
2361 1256 188 58 tiam,

1502 1312 174 77 tur
1602 1312 149 77 in
1676 1312 324 77 essentia,
1925 1312 149 77 et
2000 1312 199 77 ideo
2125 1312 174 77 non
2224 1312 174 77 po-
2299 1312 249 77 earu£id'

1507 1395 189 70 test
1626 1395 284 70 concludi
1838 1395 307 70 identitas
2074 1395 331 70 subsisten-
2311 1395 236 70 1Dten0s®

1506 1473 170 73 tis
1603 1473 170 73 vel
1699 1473 436 73 subsistentiae,
2063 1473 170 73 per
2160 1473 242 73 ratio-
2305 1473 242 73 c0™j.u?d

1504 1554 178 53 nem
1605 1554 381 53 identitatis
1910 1554 229 53 eorum
2063 1554 153 53 in
2139 1554 254 53 essen-
2292 1554 254 53 1*Prioru

1501 1635 205 47 tia
1618 1635 176 47 ut
1706 1635 176 47 in
1765 1635 235 47 medio.

1558 1709 222 62 Per
1685 1709 222 62 hoc
1812 1709 286 62 patet
2003 1709 222 62 (f)
2130 1709 191 62 ad
2225 1709 286 62 talia
2384 1709 159 62 So¬-

1499 1787 403 60 phismata
1802 1787 168 60 :
1869 1787 235 60 Hic
2003 1787 269 60 Deus
2171 1787 235 60 est
2272 1787 269 60 Pater,

1503 1864 282 56 Filius
1700 1864 197 56 est
1813 1864 197 56 hic
1926 1864 254 56 Deus,
2095 1864 226 56 ergo
2236 1864 282 56 Filius
2405 1864 141 56 est

1503 1938 307 60 Pater,
1718 1938 245 60 quod
1871 1938 491 60 confirmatur,
2270 1938 245 60 quia
2393 1938 153 60 me¬-

1501 2014 215 59 dio
1624 2014 399 59 existente
1931 2014 215 59 hoc
2054 2014 338 59 aliquid
2269 2014 276 59 necesse

1501 2089 230 59 est
1632 2089 361 59 extrema
1862 2089 361 59 conjungi.

1562 2165 444 60 Respondeo,
1911 2165 254 60 quod
2070 2165 286 60 sicut
2260 2165 190 60 in
2324 2165 222 60 crea¬-

1501 2241 294 57 turis
1697 2241 359 57 commune
1959 2241 196 57 se
2057 2241 294 57 habet
2253 2241 196 57 ut
2318 2241 229 57 quale

1508 2316 281 60 quid,,
1705 2316 365 60 singulare
1985 2316 169 60 ut
2070 2316 197 60 hoc
2182 2316 337 60 aliquid,
2407 2316 140 60 ita

1501 2389 262 60 haec
1665 2389 393 60 essentia
1960 2389 393 60 communis
2222 2389 327 60 personis

1503 2467 294 57 habet
1699 2467 392 57 rationem
1993 2467 327 57 qualis
2222 2467 327 57 cujus,
2418 2467 131 57 et

1505 2543 337 62 persona
1750 2543 276 62 habet
1934 2543 368 62 rationem
2210 2543 276 62 hujus
2363 2543 184 62 ali-

1505 2619 316 60 cujus;
1727 2619 316 60 medium
1948 2619 253 60 ergo
2106 2619 221 60 hic
2232 2619 221 60 est
2327 2619 221 60 quale

1509 2695 225 61 quid
1649 2695 169 61 et
1734 2695 197 61 non
1846 2695 197 61 hoc
1958 2695 337 61 aliquid.
2183 2695 365 61 Concluditur

1503 2772 314 48 autem
1712 2772 453 48 identitas
2061 2772 488 48 extremorum
2410 2772 139 48 in

1506 2846 475 51 conclusione
1887 2846 190 51 ac
1982 2846 190 51 si
2077 2846 317 51 medium
2267 2846 285 51 fuisset

1506 2923 210 59 hoc
1626 2923 360 59 aliquid,
1896 2923 390 59 similiter
2195 2923 210 59 ibi
2285 2923 270 59 videtur

1511 2999 198 61 (g)
1624 2999 226 61 esse
1765 2999 339 61 fallacia
2019 2999 396 61 accidentis
2330 2999 170 61 et
2387 2999 170 61 con¬-

1508 3076 433 61 sequentis,
1848 3076 248 61 quia
2003 3076 186 61 ly
2096 3076 248 61 Deus
2220 3076 340 61 accipitur

1504 3151 204 62 in
1606 3151 476 62 praemissis
1980 3151 238 62 pro
2115 3151 272 62 alio
2285 3151 204 62 et
2353 3151 204 62 alio

1480 3229 356 60 supposito.

1571 3303 173 59 Et
1658 3303 375 59 similiter
1946 3303 346 59 fallacia
2206 3303 202 59 est
2292 3303 260 59 figurae

1506 3379 425 58 dictionis
1833 3379 457 58 commutando
2193 3379 294 58 quale
2356 3379 196 58 quid

1518 3456 147 56 in
1591 3456 171 56 hoc
1664 3456 245 56 aliquid.

1576 3530 178 59 Alia
1687 3530 312 59 responsio,
1932 3530 156 59 ubi
2021 3530 223 59 unitas
2177 3530 200 59 medii
2310 3530 156 59 est
2377 3530 200 59 Additi<
