2682 3950
240 291 350 63 illimitata
515 291 300 63 respectu
740 291 300 63 unitatis
941 291 325 63 extremorum,

236 371 345 59 exemplum
495 371 172 59 de
581 371 345 59 ubicalis
840 371 172 59 et
897 371 374 59 quantitatis

238 446 344 59 limitatis
502 446 212 59 quae
635 446 212 59 sunt
767 446 238 59 simul
926 446 318 59 secundum
1138 446 132 59 ubi

237 522 159 59 et
316 522 291 59 quando,
527 522 185 59 cum
633 522 370 59 illimitato
924 522 185 59 sic
1029 522 185 59 vel
1108 522 159 59 sic,

232 601 207 44 non
351 601 266 44 tamen
528 601 237 44 sunt
676 601 207 44 sic
795 601 266 44 simul
972 601 266 44 inter
1120 601 148 44 se.

235 673 259 58 Aliud
408 673 346 58 exemplum
668 673 432 58 familiarius
1014 673 173 58 de
1071 673 202 58 anima

238 748 429 58 intellectiva,
591 748 151 58 et
667 748 151 58 de
742 748 202 58 hac,
868 748 227 58 parte
1020 748 252 58 carnis
1171 748 101 58 et

239 823 227 58 illa.
390 823 202 58 Haec
516 823 328 58 responsio
768 823 277 58 evadit,
970 823 252 58 quando
1121 823 151 58 idem

236 899 388 58 illimitalum
547 899 181 58 est
650 899 181 58 cum
754 899 181 58 quo
858 899 181 58 vel
961 899 155 58 in
1039 899 207 58 quo,
1143 899 129 58 non

235 975 266 58 quando
421 975 186 58 hoc
528 975 186 58 est
634 975 186 58 hoc
740 975 213 58 nisi
873 975 319 58 deficiat
1086 975 186 58 medio

236 1051 246 57 unitas
409 1051 320 57 requisita
655 1051 148 57 in
729 1051 172 57 se,
827 1051 172 57 sic
925 1051 221 57 dicit
1049 1051 221 57 respon¬-

238 1127 174 58 sio
337 1127 248 58 Logica
511 1127 198 58 quae
635 1127 174 58 hic
734 1127 223 58 intra
858 1127 248 58 habetur.

221 1200 204 61 48.
338 1200 234 61 Quod
484 1200 175 61 si
571 1200 292 61 arguas
776 1200 204 61 (h)
892 1200 146 61 :
951 1200 292 61 Deitas
1126 1200 146 61 est

243 1277 246 58 Pater,
416 1277 246 58 Filius
588 1277 172 58 est
686 1277 271 58 Deitas;
883 1277 222 58 ergo,
1006 1277 148 58 elc.

296 1351 414 62 Respondeo,
622 1351 266 62 licet
799 1351 296 62 Deitas
1006 1351 207 62 non
1095 1351 177 62 sup¬-

239 1426 266 63 ponat
417 1426 207 63 pro
535 1426 236 63 alio
682 1426 384 63 supposito
978 1426 177 63 in
1037 1426 236 63 majori

227 1503 182 70 Quid
341 1503 159 70 sit
432 1503 137 70 6t
500 1503 137 70 in
569 1503 250 70 minori,
751 1503 205 70 tamen
887 1503 159 70 est
978 1503 159 70 ibi
1046 1503 228 70 fallacia

227 1580 280 64 COI3ear0
436 1580 256 64 figurae
623 1580 326 64 dictionis,
879 1580 326 64 commutando
1112 1580 163 64 quale

227 1655 272 82 qaUquidT
432 1655 204 82 (iu*d
568 1655 159 82 h°c
658 1655 272 82 aliquid,
863 1655 204 82 nihil
999 1655 204 82 autem
1112 1655 159 82 aliud

239 1732 207 60 est
358 1732 207 60 sic
476 1732 532 60 commutare,quam
919 1732 177 60 ex
1008 1732 177 60 vi
1067 1732 207 60 illa¬-

238 1805 272 63 tionis
428 1805 463 63 interpretari,
809 1805 245 63 illud
973 1805 272 63 habere
1136 1805 136 63 ra¬-

240 1883 279 61 tionem
436 1883 252 61 hujus
603 1883 335 61 alicujus
855 1883 224 61 quod
995 1883 252 61 habet
1134 1883 140 61 ra¬-

240 1958 272 62 tionem
430 1958 272 62 qualis
620 1958 272 62 cujus.
811 1958 190 62 Ita
920 1958 190 62 sic
1001 1958 272 62 inferens

237 2034 427 64 suppositum
573 2034 183 64 de
665 2034 397 64 supposito
939 2034 336 64 interpre¬-

232 2111 303 53 tatur
434 2111 336 53 medium
670 2111 370 53 commune
939 2111 269 53 esse
1073 2111 202 53 idem

240 2186 366 56 secundum
515 2186 366 56 rationem
759 2186 519 56 existentiae,vel

238 2262 516 62 subsistentiae,
668 2262 229 62 quod
811 2262 286 62 falsum
983 2262 172 62 est.

299 2339 230 61 Quod
443 2339 172 61 si
529 2339 201 61 (i)
644 2339 287 61 saltem
845 2339 316 61 arguas,
1046 2339 230 61 extre¬-

240 2415 194 57 ma
337 2415 388 57 realiter
628 2415 259 57 esse
789 2415 259 57 idem
951 2415 291 57 inter
1112 2415 162 57 se,

246 2490 240 67 quia
396 2490 270 67 etiam
576 2490 180 67 in
666 2490 270 67 medio
845 2490 240 67 sunt
965 2490 210 67 idem.

219 2566 155 62 .
281 2566 187 62 in
374 2566 373 62 Concedo,
654 2566 249 62 quod
810 2566 311 62 potest
996 2566 280 62 inferri

228 2641 313 59 Paraiogis-
473 2641 290 59 identitas
697 2641 357 59 essentialis,
987 2641 156 59 non
1054 2641 223 59 formalis

226 2717 287 63 committi
441 2717 167 63 vel
537 2717 383 63 suppositiva,
848 2717 143 63 et
919 2717 191 63 ideo
1039 2717 167 63 non
1111 2717 167 63 debet

228 2793 328 70 tripiexfai-
491 2793 241 70 inferri
666 2793 175 70 quod
775 2793 219 70 Filius
929 2793 153 70 est
1016 2793 219 70 Pater,
1148 2793 131 70 quia

228 2854 268 82 scilicet
429 2854 157 82 ac-
518 2854 157 82 ihi
608 2854 291 82 denotatur
832 2854 134 82 ex
899 2854 134 82 vi
966 2854 313 82 illationis
1190 2854 89 82 et

224 2945 283 71 mutando
430 2945 334 71 sermonis,
687 2945 334 71 identitas
945 2945 309 71 formalis
1150 2945 129 71 vel

228 3021 328 59 suppositio-
491 3021 350 59 hypostatica,
775 3021 153 59 sed
862 3021 153 59 sic
950 3021 197 59 debet
1059 3021 219 59 inferri,

225 3096 504 60 medii,con-Filius
653 3096 176 60 est
754 3096 202 60 idem
880 3096 176 60 cum
981 3096 151 60 60
1056 3096 202 60 quod
1157 3096 126 60 est

227 3174 344 59 destructio-
503 3174 230 59 Pater,
663 3174 161 59 vel
755 3174 230 59 Filius
916 3174 161 59 est
1008 3174 138 59 id
1076 3174 184 59 quod
1168 3174 115 59 est

238 3253 171 47 anteceden-
360 3253 98 47 Pater.

226 3324 145 60 ad
298 3324 241 60 destm-
467 3324 193 60 Quod
588 3324 145 60 si
660 3324 217 60 adhuc
805 3324 362 60 confirmetur
1094 3324 169 60 (k)
1166 3324 121 60 il-

224 3399 414 75 consequen-la
561 3399 233 75 major
716 3399 337 75 argumenti
949 3399 337 75 principalis

226 3472 142 74 et
297 3472 260 74 figurae
486 3472 189 74 p6l'
604 3472 189 74 hoc,
722 3472 189 74 quod
840 3472 236 74 negare
1006 3472 165 74 eam
1076 3472 213 74 videtur

225 3540 321 77 dictionis
472 3540 321 77 destruere
719 3540 247 77 primum
891 3540 370 77 principium,
1163 3540 123 77 po¬

1316 297 238 51 nendo
1474 297 317 51 scilicet
1712 297 449 51 affirmationem
2081 297 158 51 et
2134 297 238 51 mutando

1312 376 401 58 negationem
1627 376 229 58 esse
1771 376 258 58 veras
1942 376 172 58 de
2000 376 372 58 eo-quidmhoc

1273 460 618 46 flem.
1617 460 755 46 VideScot.

1376 522 377 66 Respondeo,
1672 522 162 66 de
1753 522 269 66 aliquo
1941 522 296 66 habente
2130 522 242 66 nbSnch.

1314 602 257 64 veram
1486 602 457 64 identitatem,
1858 602 200 64 sed
1972 602 200 64 non
2086 602 229 64 tan-
2201 602 172 64 et*-

1317 677 189 56 tum
1425 677 271 56 unicam
1615 677 379 56 realitatem
1912 677 352 56 formalem,
2156 677 216 56 etse^*

1311 753 368 49 necesse
1578 753 234 49 est
1712 753 267 49 idem
1879 753 368 49 ratione
2113 753 234 49 unius

1316 827 402 62 realitatis
1632 827 230 62 vere
1776 827 402 62 praedicari
2064 827 287 62 formali-

1317 905 186 50 ter
1424 905 159 50 de
1503 905 212 50 illa
1636 905 159 50 re
1715 905 292 50 alitate
1928 905 159 50 et
2007 905 159 50 de
2087 905 212 50 alia
2193 905 159 50 rea-

1313 980 288 62 litate
1515 980 317 62 formali
1746 980 404 62 formaliter
2063 980 202 62 non
2149 980 202 62 prae¬-

1315 1055 316 54 dicari,
1545 1055 259 54 sicut
1718 1055 288 54 albedo
1919 1055 316 54 ratione
2121 1055 230 54 alicu¬-

1308 1129 228 63 jus
1439 1129 456 63 realitatis
1797 1129 261 63 quam
1960 1129 293 63 habet
2156 1129 195 63 in
2221 1129 130 63 se

1314 1207 378 60 convenit
1597 1207 221 60 cum
1723 1207 441 60 nigredine,
2070 1207 189 60 et
2133 1207 221 60 rati¬-

1319 1280 200 51 one
1434 1280 343 51 alterius
1691 1280 200 51 non
1805 1280 343 51 realiter
2034 1280 314 51 convenit,

1320 1355 195 61 sed
1432 1355 334 61 differt,
1682 1355 195 61 nec
1793 1355 390 61 affirmatio
2100 1355 167 61 et
2155 1355 195 61 nega¬-

1317 1432 219 63 tio
1442 1432 188 63 de
1536 1432 282 63 eodem
1723 1432 344 63 ratione
1974 1432 344 63 ejusdem
2193 1432 156 63 re¬-

1318 1502 354 55 alitatis
1583 1502 413 55 formaliter
1908 1502 354 55 dicuntur
2173 1502 148 55 ;
2203 1502 148 55 ita

1315 1576 251 56 hic,
1472 1576 282 56 Pater
1660 1576 345 56 ratione
1911 1576 408 56 essentiae
2193 1576 157 56 est

1318 1651 230 62 idem
1462 1651 459 62 quidditative
1835 1651 287 62 Filio,
2036 1651 172 62 et
2094 1651 258 62 ratione

1314 1734 504 62 proprietatis
1723 1734 220 62 non
1849 1734 220 62 est
1974 1734 252 62 idem
2100 1734 252 62 forma¬-

1315 1809 283 63 liter
1503 1809 220 63 nec
1629 1809 472 63 hypostatice
2006 1809 314 63 Filio,
2195 1809 157 63 nec

1315 1886 367 62 dicuntur
1590 1886 428 62 affirmatio
1926 1886 183 62 et
2018 1886 336 62 negatio
2232 1886 122 62 de

1316 1963 288 62 eodem
1508 1963 384 62 respectu
1764 1963 320 62 ejusdem.

1389 2038 170 60 Si
1474 2038 284 60 contra
1672 2038 199 60 hoc
1786 2038 284 60 arguas
1984 2038 340 60 (l),quod
2211 2038 142 60 af¬-

1317 2111 365 58 firmatio
1590 2111 334 58 differt
1833 2111 182 58 ab
1894 2111 456 58 affirmatione,

1321 2190 258 61 cujus
1493 2190 258 61 unius
1666 2190 316 61 negatio
1895 2190 316 61 dicitur
2125 2190 172 61 de
2182 2190 172 61 alia

1317 2266 207 61 vel
1436 2266 237 61 stat
1584 2266 207 61 cum
1702 2266 385 61 alia,quia
1999 2266 326 61 neutrum
2206 2266 148 61 est

1315 2342 293 49 verum
1511 2342 195 49 de
1608 2342 521 49 affirmatione
1999 2342 358 49 contradi¬-

1324 2418 245 61 cente
1487 2418 218 61 illi
1623 2418 353 61 negationi
1895 2418 136 61 ;
1949 2418 218 61 ergo
2085 2418 163 61 si
2139 2418 218 61 Deitas

1322 2494 244 61 stat
1474 2494 213 61 cum
1596 2494 213 61 non
1718 2494 488 61 paternitate,
2114 2494 244 61 puta
2236 2494 122 61 in

1325 2568 212 63 alia
1458 2568 318 63 persona,
1697 2568 318 63 scilicet
1936 2568 371 63 Filii,ipsa
2201 2568 159 63 Dei¬-

1320 2645 196 61 tas
1432 2645 309 61 differt
1657 2645 140 61 a
1713 2645 449 61 paternitate,
2077 2645 224 61 quae
2190 2645 168 61 nun¬-

1322 2719 244 64 quam
1474 2719 244 64 stat
1626 2719 183 64 in
1718 2719 274 64 eodem
1901 2719 213 64 cum
2023 2719 213 64 non
2114 2719 244 64 pater¬

1297 2796 237 47 nitate.

1380 2872 404 61 Respondeo
1691 2872 249 61 (m),
1846 2872 280 61 major
2032 2872 311 61 posset
2219 2872 155 61 49,

1324 2946 324 51 concedi
1559 2946 177 51 de
1648 2946 236 51 ilon
1795 2946 413 51 identitate
2090 2946 265 51 formali

1320 3023 227 61 vel
1449 3023 195 61 de
1547 3023 227 61 non
1677 3023 454 61 adaequata,
2033 3023 260 61 quia
2163 3023 195 61 unum

1325 3100 356 49 illorum
1584 3100 227 49 non
1713 3100 518 49 determinatur
2134 3100 194 49 ad
2199 3100 162 49 al¬-

1328 3176 283 62 terum
1516 3176 189 62 ex
1611 3176 220 62 quo
1737 3176 252 62 stat
1894 3176 220 62 cum
2020 3176 252 62 ejus
2146 3176 220 62 oppo¬-

1330 3249 274 56 sito,
1512 3249 213 56 vel
1634 3249 213 56 sub
1756 3249 274 56 aliis
1939 3249 305 56 verbis
2152 3249 183 56 de
2213 3249 152 56 non

1333 3325 390 62 identitate
1640 3325 446 62 convertibili
2002 3325 167 62 et
2058 3325 307 62 praecisa.

1332 3401 220 62 Sed
1457 3401 189 62 si
1552 3401 283 62 major
1741 3401 378 62 accipiat
1992 3401 378 62 distincti¬-

1333 3477 251 62 onem
1490 3477 345 62 realem,
1741 3477 471 62 simpliciter
2086 3477 282 62 neganda

1334 3553 219 63 est,
1471 3553 246 63 sicut
1635 3553 246 63 patet
1799 3553 164 63 in
1881 3553 356 63 albedine,
2155 3553 246 63 acci-
2292 3553 82 63 *
