2682 3950
254 281 418 66 extraneo,
575 281 225 66 aut
704 281 418 66 accipitur
1026 281 225 66 pro
1122 281 161 66 eo,

262 357 241 65 quod
413 357 272 65 quasi
594 357 362 65 perficit
865 357 332 65 aliquid
1077 357 211 65 acci-

260 433 441 67 dentaliter,
613 433 235 67 quod
760 433 441 67 praeexistit
1113 433 176 67 in
1171 433 118 67 se

261 509 436 61 perfectum.
603 509 187 61 Si
697 509 342 61 secundo
946 509 280 61 modo,
1101 509 187 61 dico

258 585 267 59 quod
424 585 233 59 non
558 585 267 59 omne
724 585 233 59 ens
858 585 267 59 omni
1024 585 267 59 enti
1158 585 133 59 in

237 662 135 59 .
291 662 190 59 quo
399 662 217 59 est,
535 662 190 59 est
643 662 379 59 essentiale
941 662 190 59 vel
1022 662 271 59 acciden¬-

256 736 266 51 tale.
434 736 207 51 Est
552 736 236 51 enim
700 736 296 51 medium
907 736 266 51 inter
1055 736 236 51 essen¬-

252 812 288 54 tiale,
454 812 173 54 et
540 812 432 54 accidentale
886 812 173 54 ut
944 812 346 54 contrahens

252 891 266 62 sicut
430 891 443 62 differentia
785 891 384 62 contrahit
1051 891 236 62 genus,

251 967 224 60 quae
391 967 196 60 nec
503 967 196 60 est
614 967 503 60 essentiale,nec
1006 967 279 60 acciden¬-

250 1043 274 63 tale,
432 1043 426 63 accipiendo
767 1043 213 63 hoc
889 1043 274 63 modo,
1072 1043 183 63 et
1133 1043 152 63 sic

257 1117 164 57 in
339 1117 300 57 divinis
557 1117 246 57 nihil
721 1117 191 57 est
830 1117 437 57 accidentale,
1158 1117 136 57 sed

257 1196 337 61 praeter
502 1196 398 61 essentiam
808 1196 214 61 est
931 1196 337 61 aliquid
1145 1196 153 61 non

258 1271 420 63 essentiale.
594 1271 168 63 Si
678 1271 252 63 autem
846 1271 364 63 accipitur
1098 1271 196 63 occi¬-

253 1347 347 62 dentale
506 1347 284 62 primo
695 1347 284 62 modo,
885 1347 379 62 quidquid
1137 1347 158 62 non

252 1422 221 62 est
379 1422 189 62 de
473 1422 347 62 ratione
726 1422 253 62 ejus
884 1422 379 62 formali,
1136 1422 158 62 sed

256 1497 441 63 extraneum,
602 1497 284 63 licet
791 1497 221 63 non
917 1497 347 63 proprie
1138 1497 158 63 sic

251 1571 328 59 dicatur
490 1571 477 59 accidentale,
877 1571 209 59 sic
967 1571 328 59 differen¬-

254 1647 202 65 tia
370 1647 260 65 esset
543 1647 463 65 accidentalis
919 1647 347 65 respectu
1150 1647 145 65 ge¬-

254 1723 268 66 neris
433 1723 149 66 ;
493 1723 179 66 et
582 1723 209 66 hoc
702 1723 239 66 modo
851 1723 328 66 accipit
1059 1723 239 66 Philo¬-

253 1800 326 64 sophus
482 1800 489 64 accidentale
873 1800 228 64 pro
971 1800 326 64 extraneo

255 1877 179 64 in
345 1877 358 64 fallacia
613 1877 448 64 accidentis,
972 1877 209 64 sic
1061 1877 239 64 potest

253 1953 253 64 dici
412 1953 475 64 accidentale
792 1953 317 64 alicui
981 1953 317 64 quidquid

255 2029 204 64 est
371 2029 175 64 ei
459 2029 408 64 extraneum,
779 2029 175 64 ut
867 2029 262 64 illud
1013 2029 291 64 compara,

253 2106 229 61 tur
384 2106 196 61 ad
482 2106 360 61 aliquod
744 2106 393 61 tertium,
1038 2106 196 61 et
1104 2106 196 61 isto

255 2181 246 51 modo
409 2181 215 51 non
532 2181 215 51 est
655 2181 492 51 inconveniens
1024 2181 277 51 distin-

249 2256 287 63 ctiva
441 2256 447 63 personarum
792 2256 383 63 accidere
1047 2256 255 63 essen¬-

251 2332 278 62 tiae,
436 2332 247 62 quia
590 2332 247 62 sunt
745 2332 278 62 extra
930 2332 370 62 rationem
1177 2332 123 62 e-

235 2412 158 58 jus.

317 2485 215 62 (b)
440 2485 184 62 Ad
532 2485 337 62 tertium
777 2485 276 62 dico,
962 2485 245 62 quod
1115 2485 184 62 si
1176 2485 123 62 in

260 2562 306 62 majori
474 2562 214 62 per
597 2562 275 62 illud
780 2562 214 62 si,
872 2562 428 62 intelligatur

258 2632 347 63 conditio
518 2632 434 63 possibilis,
865 2632 260 63 major
1039 2632 202 63 est
1126 2632 173 63 vera

267 2709 188 62 et
361 2709 281 62 minor
548 2709 313 62 falsa.
767 2709 281 62 Nulla
954 2709 250 62 enim
1079 2709 219 62 posi¬-

259 2784 267 63 tione
438 2784 386 63 possibili
735 2784 327 63 posita,
972 2784 297 63 potest
1150 2784 149 63 de-

253 2862 253 61 esse
411 2862 347 61 secunda
664 2862 347 61 persona
916 2862 189 61 in
979 2862 316 61 divinis,

256 2936 309 62 quin
450 2936 387 62 summum
720 2936 348 62 bonum
952 2936 232 62 et
1029 2936 271 62 summa

267 3012 383 63 perfectio
561 3012 324 63 deesset
797 3012 177 63 si
885 3012 236 63 ipsa
1003 3012 294 63 deesset;

266 3087 177 63 et
354 3087 177 63 si
442 3087 295 63 probes
649 3087 236 63 quod
796 3087 177 63 si
884 3087 236 63 illa
1002 3087 295 63 deesset,

263 3163 291 63 summa
457 3163 420 63 perfectio
780 3163 291 63 esset
974 3163 194 63 in
1038 3163 259 63 Patre,

262 3238 252 62 dico
419 3238 252 62 quod
577 3238 189 62 si
671 3238 252 62 illa
829 3238 378 62 deesset,
1081 3238 221 62 summa

266 3314 353 62 perfectio
538 3314 326 62 deesset,
782 3314 163 62 et
864 3314 163 62 si
946 3314 218 62 illa
1054 3314 245 62 deesset

259 3392 189 62 et
354 3392 284 62 Pater
543 3392 221 62 non
669 3392 378 62 deesset,
953 3392 284 62 summa
1111 3392 189 62 per¬-

266 3467 288 64 fectio
468 3467 345 64 adesset,
727 3467 173 64 et
813 3467 201 64 ita
928 3467 259 64 ipsam
1072 3467 230 64 deesse

261 3547 184 51 et
353 3547 306 51 Patrem
567 3547 245 51 esse
720 3547 367 51 includit
965 3547 337 51 contradi¬

1329 271 428 66 ctionem.Si
1665 271 275 66 autem
1849 271 183 66 in
1940 271 305 66 majori
2154 271 214 66 per
2246 271 122 66 ly

1328 348 214 68 si,
1451 348 337 68 ponatur
1696 348 337 68 positio
1910 348 459 68 incompossibi-

1336 423 230 68 lis,
1480 423 230 68 dico
1623 423 230 68 quod
1767 423 258 68 major
1939 423 201 68 est
2054 423 287 68 falsa,
2226 423 144 68 il¬-

1329 502 234 65 lud
1462 502 268 65 enim
1630 502 402 65 ponendum
1931 502 234 65 est
2065 502 201 65 in
2132 502 234 65 summo

1332 577 267 67 bono,
1510 577 237 67 quod
1658 577 207 67 non
1777 577 296 67 potest
1984 577 237 67 poni
2132 577 207 67 non
2221 577 148 67 es¬-

1337 651 176 68 se
1425 651 235 68 sine
1572 651 382 68 positione
1837 651 529 68 incompossibilis.

1389 727 222 67 (c)
1516 727 190 67 Ad
1611 727 348 67 ultimum
1864 727 285 67 dico,
2054 727 253 67 quod
2181 727 190 67 illa

1340 803 226 56 ratio
1491 803 151 56 de
1566 803 276 56 necesse
1767 803 201 56 esse
1893 803 226 56 debet
2043 803 176 56 sic
2119 803 251 56 intelli-

1338 879 181 68 gi:
1442 879 311 68 quidquid
1675 879 181 68 est
1778 879 155 68 ex
1856 879 155 68 se
1934 879 285 68 necesse
2141 879 207 68 esse
2245 879 129 68 ha¬-

1332 955 215 55 bet
1455 955 184 55 ex
1547 955 184 55 se
1640 955 246 55 esse
1793 955 553 55 actualissimum,
2223 955 154 55 ita

1335 1031 252 69 quod
1493 1031 221 69 per
1619 1031 284 69 nihil
1808 1031 473 69 qualecumque
2155 1031 221 69 aliud

1336 1105 158 67 a
1400 1105 190 67 se
1495 1105 380 67 expectat
1780 1105 349 67 aliquam
2002 1105 380 67 actualita-

1337 1181 198 60 tem
1450 1181 339 60 essendi,
1704 1181 170 60 et
1789 1181 226 60 ideo
1931 1181 170 60 ex
2015 1181 170 60 se
2100 1181 198 60 est
2185 1181 198 60 indi¬-

1337 1258 358 65 visibile,
1613 1258 220 65 quia
1751 1258 165 65 si
1833 1258 275 65 posset
2026 1258 303 65 dividi,
2219 1258 165 65 tunc

1341 1336 169 64 ab
1425 1336 254 64 illis
1595 1336 198 64 per
1708 1336 226 64 quae
1849 1336 452 64 divideretur,
2187 1336 198 64 expe-

1336 1411 299 64 ctaret
1545 1411 329 64 aliquam
1785 1411 479 64 actualitatem
2144 1411 239 64 essen¬-

1340 1485 169 67 di
1424 1485 225 67 quam
1565 1485 309 67 haberet
1789 1485 169 67 in
1874 1485 253 67 illis
2042 1485 337 67 divisis,
2267 1485 112 67 et

1342 1563 374 67 oporteret
1630 1563 230 67 illa
1774 1563 490 67 distinguentia
2149 1563 230 67 neces¬-

1342 1640 178 65 se
1431 1640 237 65 esse
1579 1640 237 65 quod
1727 1640 296 65 essent
1935 1640 415 65 formaliter
2231 1640 148 65 ne¬-

1338 1716 456 63 cessitates
1696 1716 391 63 essendi,
1989 1716 260 63 quia
2120 1716 260 63 essent

1342 1792 328 55 ultimae
1581 1792 477 55 actualitates
1968 1792 179 55 et
2027 1792 358 55 necessita¬-

1347 1869 177 54 tes
1448 1869 152 54 in
1524 1869 228 54 illis
1676 1869 304 54 diversis
1904 1869 279 54 necesse
2107 1869 228 54 esse,
2234 1869 152 54 sine

1345 1942 297 66 quibus
1553 1942 237 66 illa
1701 1942 208 66 non
1820 1942 356 66 haberent
2058 1942 326 66 actualis¬-

1343 2019 285 62 simam
1533 2019 443 62 entitatem,
1881 2019 253 62 quia
2008 2019 380 62 divisibile

1341 2095 228 52 non
1472 2095 294 52 habet
1668 2095 554 52 actualissimam
2091 2095 294 52 entita¬-

1343 2171 221 54 tem
1470 2171 252 54 sive
1627 2171 473 54 existentiam
1974 2171 410 54 actualissi¬-

1346 2247 252 62 mam,
1503 2247 378 62 antequam
1787 2247 504 62 intelligatur
2196 2247 189 62 in
2259 2247 126 62 a-

1348 2322 344 64 liquibus
1606 2322 315 64 illorum
1836 2322 172 64 in
1921 2322 229 64 quae
2036 2322 344 64 dividitur.

1404 2399 173 63 Et
1491 2399 202 63 per
1606 2399 202 63 hoc
1721 2399 259 63 tenet
1894 2399 230 63 illa
2038 2399 259 63 ratio
2181 2399 202 63 supe¬-

1347 2476 224 64 rius
1487 2476 280 64 posita
1683 2476 168 64 in
1767 2476 392 64 quaestione
2075 2476 168 64 de
2131 2476 252 64 unitate

1345 2555 213 61 Dei,
1478 2555 159 61 ex
1558 2555 292 61 ratione
1771 2555 292 61 necesse
1983 2555 239 61 esse,
2143 2555 213 61 quae
2249 2555 133 61 ta¬-

1345 2630 202 64 cta
1460 2630 230 64 fuit
1604 2630 403 64 quaestione
1921 2630 259 64 prima
2094 2630 259 64 hujus
2238 2630 144 64 se¬-

1347 2709 266 61 cundae
1534 2709 585 61 distinctionis,quod
2039 2709 293 61 necesse
2225 2709 160 61 esse

1343 2784 203 63 non
1459 2784 376 63 dividitur
1748 2784 174 63 in
1835 2784 289 63 plura,
2038 2784 232 63 quia
2182 2784 145 63 A
2240 2784 174 63 et
2298 2784 87 63 B

1345 2860 173 50 si
1432 2860 202 50 non
1547 2860 288 50 essent
1749 2860 404 50 formaliter
2037 2860 346 50 necessita¬-

1342 2937 203 63 tes
1458 2937 348 63 essendi,
1719 2937 348 63 antequam
1950 2937 435 63 intelligeren-

1347 3013 202 62 tur
1463 3013 173 62 in
1549 3013 289 62 aliquo
1752 3013 318 62 illorum
1983 3013 173 62 in
2069 3013 289 62 quibus
2243 3013 144 62 ne¬-

1346 3090 240 57 cesse
1506 3090 213 57 esse
1640 3090 373 57 dividitur,
1933 3090 187 57 cum
2039 3090 213 57 sint
2146 3090 240 57 ultimae

1347 3165 451 63 actualitates
1713 3165 225 63 sine
1854 3165 282 63 quibus
2051 3165 225 63 illa
2164 3165 225 63 actua¬-

1347 3241 165 50 li
1429 3241 192 50 tas
1539 3241 330 50 communis
1786 3241 192 50 non
1896 3241 247 50 esset
2060 3241 302 50 necesse
2253 3241 137 50 es¬-

1342 3317 210 63 se,
1462 3317 240 63 quia
1612 3317 420 63 requireret
1941 3317 300 63 aliquo
2151 3317 240 63 modo
2271 3317 120 63 a-

1347 3393 281 63 liquid
1544 3393 253 63 aliud
1712 3393 141 63 a
1769 3393 169 63 se
1853 3393 197 63 per
1965 3393 225 63 quod
2078 3393 309 63 esset.Sed

1350 3468 208 67 hoc
1469 3468 208 67 non
1588 3468 387 67 concludit
1886 3468 178 67 de
1975 3468 357 67 diversis
2213 3468 178 67 per¬-

1346 3546 261 54 sonis
1520 3546 174 54 in
1607 3546 261 54 eadem
1781 3546 348 54 entitate
2012 3546 377 54 necessaria.
