3744 5616
565 1211 171 72 tur
662 1211 294 72 conditio
883 1211 416 72 impossibilis,
1225 1211 220 72 major
1372 1211 171 72 est
1445 1211 147 72 fal¬-

563 1288 147 70 sa
637 1288 147 70 et
711 1288 221 70 minor
858 1288 221 70 vera;
1005 1288 221 70 patet
1152 1288 147 70 de
1226 1288 270 70 majori,
1398 1288 196 70 scili¬-

556 1365 197 73 cet
668 1365 394 73 quodcumque
978 1365 281 73 bonum,
1174 1365 169 73 si
1231 1365 365 73 impossibile

559 1442 222 70 esset
708 1442 247 70 deesse
880 1442 124 70 ,
930 1442 222 70 nihil
1078 1442 395 70 perfectionis
1375 1442 222 70 deesset

561 1519 329 72 universo,
813 1519 202 72 quia
940 1519 202 72 tunc
1066 1519 227 72 illud
1218 1519 227 72 bonum
1344 1519 253 72 pertine¬-

559 1593 187 73 ret
666 1593 160 73 ad
746 1593 427 73 perfectionem
1093 1593 347 73 universi,
1360 1593 160 73 et
1413 1593 187 73 minor

560 1668 239 75 vera,
720 1668 213 75 quia
853 1668 266 75 sensus
1039 1668 213 75 est,
1172 1668 159 75 si
1251 1668 239 75 esset
1384 1668 213 75 impos¬-

567 1743 258 72 sibile
748 1743 310 72 secundam
980 1743 310 72 personam
1213 1743 181 72 non
1316 1743 232 72 esse,
1445 1743 155 72 ali¬-

567 1823 167 72 qua
662 1823 309 72 perfectio
900 1823 167 72 non
996 1823 262 72 deesset
1162 1823 262 72 universo.

547 1895 196 77 175.
670 1895 172 77 (c)
768 1895 147 77 Ad
842 1895 295 77 ultimum.
1063 1895 319 77 Respondet
1308 1895 245 77 primo,
1456 1895 147 77 quod

569 1971 245 73 illud
732 1971 381 73 argumentum
1031 1971 245 73 supra
1195 1971 163 73 de
1276 1971 299 73 unitate
1467 1971 136 73 Dei

572 2048 192 72 bene
692 2048 336 72 concludit,
956 2048 192 72 quia
1076 2048 144 72 si
1148 2048 192 72 sunt
1268 2048 168 72 duo
1364 2048 192 72 Dii,
1460 2048 144 72 puta

569 2124 126 71 A
619 2124 151 71 et
695 2124 126 71 B
745 2124 227 71 erunt
897 2124 277 71 ejusdem
1099 2124 303 71 speciei,
1326 2124 151 71 ut
1401 2124 177 71 ibi
1477 2124 126 71 ex¬-

572 2201 246 74 posui,
744 2201 147 74 et
818 2201 147 74 ut
892 2201 221 74 etiam
1039 2201 246 74 arguit
1211 2201 270 74 Doctor;
1408 2201 147 74 si
1457 2201 147 74 ergo

572 2276 282 68 realiter
783 2276 329 68 conveniunt
1041 2276 141 68 in
1111 2276 235 68 natura
1275 2276 235 68 divina
1416 2276 188 68 speci¬-

572 2354 188 73 fica
690 2354 188 73 quae
808 2354 306 73 dividitur
1043 2354 141 73 in
1114 2354 188 73 eis,
1231 2354 212 73 patet
1373 2354 188 73 quia
1467 2354 141 73 sunt

572 2431 181 60 duo
676 2431 181 60 Dii
779 2431 310 60 habentes
1012 2431 233 60 aliam
1167 2431 155 60 et
1245 2431 233 60 aliam
1374 2431 233 60 naturam

575 2508 271 66 divinam
772 2508 123 66 ;
821 2508 221 66 sicut
969 2508 221 66 etiam
1117 2508 345 66 Franciscus
1388 2508 148 66 et
1437 2508 172 66 Joan-

576 2582 197 73 nes,
700 2582 172 73 qui
798 2582 296 73 realiter
1020 2582 345 73 conveniunt
1291 2582 148 73 in
1340 2582 271 73 humanita¬-

573 2659 187 68 te,
680 2659 267 68 habent
867 2659 240 68 aliam
1027 2659 160 68 et
1107 2659 240 68 aliam
1240 2659 373 68 humanitatem»

576 2734 156 69 et
654 2734 182 69 sic
758 2734 260 69 natura
940 2734 364 69 dividitur,
1226 2734 182 69 non
1330 2734 208 69 quod
1434 2734 182 69 detur

579 2811 247 73 natura
752 2811 321 73 specifica
999 2811 296 73 realiter
1221 2811 296 73 communis
1419 2811 197 73 pluri¬-

583 2888 180 73 bus,
695 2888 180 73 quae
807 2888 180 73 post
920 2888 292 73 dividatur
1145 2888 135 73 in
1212 2888 225 73 illis,
1370 2888 157 73 sed
1437 2888 180 73 intel-

564 2965 227 92 Quomodo
730 2965 207 92 Hgitur
875 2965 165 92 s‘c>
978 2965 186 92 ffuia
1102 2965 186 92 l^ura
1226 2965 269 92 Francisci
1433 2965 124 92 ut
1474 2965 145 92 prior

564 3041 211 67 natura
711 3041 358 67 singularitate
1007 3041 148 67 est
1091 3041 316 67 indifferens
1344 3041 126 67 ad
1407 3041 169 67 hanc
1492 3041 126 67 sin-

565 3117 231 72 dicitur
733 3117 316 72 gularitatem
986 3117 126 72 et
1049 3117 210 72 illam,
1196 3117 126 72 et
1259 3117 168 72 idem
1365 3117 168 72 dico
1470 3117 126 72 de
1512 3117 105 72 na-

562 3195 147 64 st
636 3195 196 64 tura
759 3195 270 64 Joanms;
955 3195 147 64 et
1029 3195 172 64 hoc
1127 3195 196 64 modo
1250 3195 270 64 dicitur
1422 3195 196 64 commu-

568 3248 238 89 dlcS.dl'
746 3248 139 89 nis
826 3248 119 89 et
885 3248 218 89 dividi,
1044 3248 119 89 ut
1103 3248 218 89 prolixe
1261 3248 218 89 exposui
1420 3248 178 89 super
1519 3248 99 89 se¬-

588 3343 211 68 cundo
728 3343 281 68 Doctoris
939 3343 211 68 dist.
1079 3343 141 68 3.
1150 3343 258 68 qucest.
1337 3343 141 68 1.
1407 3343 141 68 Et
1454 3343 164 68 sicut

588 3420 216 68 talis
732 3420 240 68 natura
900 3420 168 68 est
996 3420 144 68 in
1068 3420 288 68 potentia
1283 3420 144 68 ad
1331 3420 288 68 haecceita-

587 3495 196 68 tem,
710 3495 147 68 et
784 3495 442 68 contrahibilis,
1152 3495 172 68 ita
1251 3495 196 68 quod
1373 3495 172 68 per
1447 3495 172 68 illam

590 3570 164 68 fit
683 3570 141 68 in
754 3570 234 68 ultima
918 3570 375 68 actualitate,
1222 3570 164 68 ita
1316 3570 188 68 quod
1433 3570 164 68 non
1504 3570 117 68 est

587 3646 259 70 amplius
776 3646 376 70 divisibilis,
1081 3646 141 70 id
1152 3646 188 70 est,
1269 3646 188 70 quod
1363 3646 259 70 contracta

591 3722 160 70 per
683 3722 388 70 haecceitatem,
1002 3722 160 70 sic
1094 3722 206 70 facta
1231 3722 160 70 est
1322 3722 251 70 propria
1482 3722 137 70 illi

591 3797 329 69 individuo
844 3797 203 69 quod
971 3797 177 69 non
1072 3797 177 69 est
1173 3797 279 69 amplius
1350 3797 279 69 contrahi¬-

594 3872 231 70 bilis,
755 3872 161 70 sic
848 3872 138 70 in
917 3872 323 70 proposito;
1171 3872 231 70 natura
1332 3872 231 70 divina
1471 3872 161 70 divi¬-

597 3949 135 68 sa
665 3949 135 68 in
733 3949 181 68 alio
846 3949 135 68 et
914 3949 181 68 alio
1026 3949 181 68 Deo,
1139 3949 135 68 ut
1207 3949 361 68 intelligitur
1478 3949 158 68 prior

598 4025 401 69 singularitate
929 4025 165 69 est
1023 4025 354 69 indifferens
1306 4025 141 69 ad
1377 4025 212 69 omnem
1495 4025 141 69 sin¬-

597 4102 416 68 gularitatem,
935 4102 156 68 et
1013 4102 156 68 in
1091 4102 312 68 potentia
1326 4102 156 68 ad
1378 4102 260 68 quamcum-

600 4179 207 68 que,
730 4179 156 68 et
807 4179 181 68 per
911 4179 363 68 consequens
1196 4179 181 68 per
1274 4179 363 68 haecceitatem

1644 1200 385 66 contrahentem
1957 1200 169 66 fit
2053 1200 144 66 in
2125 1200 241 66 ultima
2294 1200 385 66 actualitate,
2583 1200 96 66 et

1646 1276 165 70 sic
1741 1276 188 70 unus
1858 1276 188 70 Deus
1976 1276 282 70 realiter
2187 1276 376 70 constituitur
2493 1276 165 70 per
2563 1276 118 70 na¬-

1644 1350 228 71 turam
1796 1350 279 71 divinam
1999 1350 355 71 contractam
2278 1350 152 71 et
2354 1350 178 71 per
2430 1350 254 71 haeccei-

1646 1430 253 66 tatem;
1823 1430 177 66 cum
1924 1430 202 66 ergo
2051 1430 253 66 natura
2228 1430 253 66 divina
2405 1430 152 66 in
2481 1430 177 66 uno
2557 1430 127 66 Deo

1644 1505 229 68 dicat
1796 1505 229 68 totam
1949 1505 381 68 quidditatem
2254 1505 153 68 et
2330 1505 356 68 essentiam,
2584 1505 102 68 et

1646 1581 253 71 totam
1815 1581 450 71 perfectionem
2181 1581 478 71 quidditativam
2546 1581 141 71 ip¬-

1648 1655 234 68 sius,
1804 1655 312 68 sequitur
2038 1655 208 68 quod
2168 1655 208 68 erit
2298 1655 364 68 formaliter
2558 1655 130 68 ne-

1651 1731 217 67 cesse
1796 1731 193 67 esse
1916 1731 265 67 propria
2109 1731 386 67 necessitate,
2423 1731 193 67 alia
2543 1731 121 67 a
2567 1731 121 67 ne¬-

1651 1805 307 64 cessitate
1888 1805 378 64 contrahentis
2195 1805 118 64 ;
2243 1805 142 64 et
2314 1805 307 64 similiter
2526 1805 166 64 haec-

1652 1880 242 68 ceitas
1821 1880 364 68 contrahens,
2112 1880 170 68 cum
2209 1880 170 68 sit
2306 1880 242 68 ultima
2452 1880 242 68 actuali-

1653 1956 199 67 tas,
1777 1956 174 67 per
1877 1956 199 67 quam
2001 1956 248 67 natura
2175 1956 248 67 divina
2348 1956 174 67 fit
2448 1956 149 67 in
2497 1956 199 67 ultima

1654 2031 347 66 actualitate
1932 2031 139 66 in
2001 2031 185 66 isto
2117 2031 185 66 Deo,
2232 2031 185 66 erit
2348 2031 324 66 formaliter
2579 2031 116 66 ne-

1655 2109 204 67 cesse
1791 2109 181 67 esse
1904 2109 136 67 et
1972 2109 249 67 propria
2154 2109 362 67 necessitate,
2448 2109 226 67 aliter
2584 2109 113 67 non

1655 2183 208 70 esset
1794 2183 232 70 ultima
1956 2183 347 70 actualitas,
2234 2183 139 70 et
2303 2183 162 70 sic
2396 2183 208 70 patet
2512 2183 185 70 quomo¬-

1654 2259 142 69 do
1725 2259 142 69 si
1797 2259 237 69 essent
1963 2259 166 69 duo
2058 2259 190 69 Dii,
2176 2259 285 69 quilibet
2390 2259 213 69 esset
2508 2259 190 69 neces-

1660 2335 122 69 se
1721 2335 162 69 esse
1822 2335 223 69 duplici
1984 2335 304 69 necessitate
2227 2335 243 69 essendi.
2409 2335 142 69 Sed
2470 2335 243 69 Totaneces-

1663 2411 142 72 non
1744 2411 142 72 est
1825 2411 142 72 sic
1905 2411 121 72 de
1966 2411 263 72 personna,
2168 2411 162 72 quia
2269 2411 162 72 tota
2370 2411 202 72 neces-
2492 2411 222 72 inessendi

1662 2492 197 65 sitas
1794 2492 241 65 essendi
1969 2492 219 65 ipsius
2123 2492 154 65 est
2210 2492 132 65 ab
2276 2492 263 65 essentia
2474 2492 241 65 divina,
2627 2492 88 65 ab

1666 2567 162 68 quae
1767 2567 121 68 ex
1827 2567 121 68 se
1888 2567 121 68 et
1949 2567 121 68 ex
2009 2567 141 68 sua
2090 2567 222 68 formali
2251 2567 222 68 ratione
2413 2567 141 68 est
2494 2567 121 68 in
2534 2567 182 68 divina,

1662 2643 231 63 ultima
1824 2643 370 63 actualitate,
2124 2643 139 63 et
2194 2643 324 63 necessitas
2448 2643 162 63 est
2517 2643 185 63 condi¬-

1663 2717 169 72 tio
1759 2717 386 72 perfectionis
2073 2717 386 72 simpliciter,
2387 2717 145 72 ut
2460 2717 217 72 supra
2580 2717 121 72 pa¬-

1664 2793 185 71 tuit
1779 2793 208 71 dist.
1918 2793 323 71 prcesenli,
2172 2793 139 71 et
2241 2793 162 71 per
2334 2793 323 71 consequens
2564 2793 139 71 for¬-

1666 2869 279 59 maliter
1868 2869 329 59 infinitum
2122 2869 177 59 est
2223 2869 355 59 formaliter
2476 2869 228 59 necesse

1663 2946 240 69 esse.
1823 2946 374 69 Proprietas
2117 2946 240 69 autem
2277 2946 400 69 personalis,
2571 2946 133 69 cum

1665 3022 178 73 non
1766 3022 178 73 sit
1868 3022 330 73 perfectio
2122 3022 406 73 simpliciter,
2452 3022 152 73 ut
2503 3022 203 73 probat

1670 3096 192 66 Doctor
1804 3096 115 66 in
1862 3096 230 66 quodlib.
2034 3096 211 66 qucest.
2187 3096 192 66 prima,
2322 3096 115 66 et
2379 3096 115 66 5.
2437 3096 134 66 non
2494 3096 230 66 ProPrietas

1670 3171 169 69 erit
1775 3171 295 69 formaliter
2008 3171 232 69 necesse
2176 3171 190 69 esse,
2303 3171 148 69 sed
2387 3171 148 69 est
2472 3171 148 69 ne-
2556 3171 148 69 non
2619 3171 106 69 est

1674 3249 172 71 cesse
1789 3249 153 71 esse
1884 3249 191 71 tantum
2018 3249 249 71 identice,
2210 3249 153 71 quia
2305 3249 230 71 realiter
2458 3249 268 71 simpliciter,

1671 3323 390 74 identificatur
1992 3323 298 74 essentiae
2221 3323 275 74 divinae,
2428 3323 138 74 et
2497 3323 161 74 sic
2565 3323 138 74 per¬-

1667 3401 199 72 sona
1791 3401 348 72 constituta
2064 3401 174 72 per
2164 3401 323 72 essentiam
2412 3401 149 72 et
2462 3401 248 72 proprie¬-

1668 3480 229 68 tatem
1820 3480 178 68 non
1922 3480 229 68 esset
2075 3480 280 68 necesse
2279 3480 204 68 esse
2406 3480 280 68 duplici
2585 3480 127 68 ne¬-

1666 3554 349 62 cessitate,
1940 3554 174 62 sed
2040 3554 249 62 tantum
2214 3554 374 62 necessitate
2488 3554 224 62 divinae

1668 3632 365 70 essentiae.
1955 3632 156 70 Si
2033 3632 313 70 dicatur,
2268 3632 209 70 ipsi
2398 3632 130 70 A
2424 3632 287 70 inquantum

1671 3706 129 70 A
1723 3706 181 70 aut
1826 3706 310 70 repugnat
2058 3706 232 70 posse
2213 3706 336 70 deficere,
2472 3706 181 70 aut
2549 3706 155 70 non.

1676 3783 156 70 Si
1754 3783 260 70 primo,
1936 3783 208 70 ergo
2066 3783 130 70 A
2118 3783 338 70 inquantum
2377 3783 130 70 A
2429 3783 182 70 est
2507 3783 208 70 neces¬-

1679 3864 145 72 se
1751 3864 217 72 esse,
1896 3864 193 72 etc.
2017 3864 193 72 Dico
2137 3864 314 72 breviter,
2378 3864 193 72 quod
2499 3864 145 72 si
2571 3864 121 72 A
2595 3864 121 72 per

1681 3939 361 68 impossibile
1970 3939 434 68 distingueretur
2331 3939 289 68 realiter
2548 3939 145 68 ab
2597 3939 120 68 es¬-

1682 4015 272 68 sentia,
1880 4015 198 68 quod
2003 4015 247 68 posset
2176 4015 321 68 deficere,
2424 4015 173 68 sed
2522 4015 173 68 hoc
2596 4015 124 68 est

1685 4091 351 73 simpliciter
1966 4091 375 73 impossibile,
2270 4091 281 73 scilicet
2481 4091 187 73 quod
2574 4091 141 73 rea¬-

1686 4172 198 64 liter
1818 4172 220 64 possit
1950 4172 265 64 distingui.
