2653 3979
202 422 424 54 instrumentum
546 422 265 54 motus,
731 422 265 54 natura
916 422 238 54 autem
1049 422 185 54 nihil

200 498 211 59 ponit
340 498 234 59 otiose
504 498 188 59 sine
622 498 234 59 causa,
786 498 141 59 et
856 498 352 59 impossibile
1114 498 117 59 est

200 574 141 60 ut
270 574 234 60 natura
434 574 211 60 esset
574 574 304 60 ingeniata
808 574 141 60 in
879 574 351 60 animalibus,
1136 574 94 60 et

194 649 354 60 dimisisset
472 649 202 60 heee
598 649 278 60 corpora
800 649 303 60 habentia
1002 649 227 60 vitales

195 726 405 58 dispositiones,
532 726 135 58 et
599 726 337 58 abstulisset
869 726 157 58 eis
959 726 135 58 ea
1027 726 157 58 per
1094 726 135 58 quae

185 800 266 60 possent
378 800 242 60 moveri
548 800 169 60 per
644 800 169 60 se,
741 800 145 60 id
814 800 242 60 est,ab
959 800 266 60 intrinse¬-

187 877 173 55 co,
286 877 148 55 et
360 877 272 55 removit
558 877 173 55 eas
656 877 123 55 a
706 877 222 55 rebus
854 877 346 55 habentibus
1101 877 123 55 in¬-

184 953 382 47 strumentum
484 953 245 47 motus
647 953 136 47 :
702 953 218 47 luee
838 953 218 47 ibi.
975 953 164 47 Et
1029 953 191 47 lext.

188 1027 206 50 eom.
317 1027 180 50 59.
420 1027 309 50 secundum
652 1027 232 50 aliam
807 1027 438 50 translationem
1142 1027 77 50 :

191 1103 148 60 Et
265 1103 172 60 jam
364 1103 393 60 declaravimus
683 1103 295 60 (inquit)
904 1103 197 60 quod
1003 1103 221 60 stellce

188 1177 181 59 non
291 1177 310 59 moventur
524 1177 258 59 omnino
705 1177 181 59 per
808 1177 181 59 se,
911 1177 155 59 et
989 1177 207 59 quod
1092 1177 129 59 na¬-

191 1254 192 58 tura
311 1254 216 58 nihil
455 1254 216 58 facit
598 1254 263 58 otiosum
790 1254 144 58 et
862 1254 192 58 sine
981 1254 216 58 fine;
1101 1254 120 58 re¬-

187 1330 172 59 cte
286 1330 196 59 ergo
408 1330 221 59 fecit
556 1330 147 59 ea
629 1330 196 59 quae
752 1330 172 59 non
850 1330 294 59 moventur
1046 1330 172 59 figu¬-

182 1405 168 55 ra
266 1405 336 55 immobili
518 1405 308 55 omnino,
741 1405 280 55 stella
937 1405 252 55 autem
1077 1405 140 55 non

185 1477 295 63 movetur,
406 1477 196 63 quia
529 1477 221 63 nihil
677 1477 221 63 habet
824 1477 147 63 ex
873 1477 344 63 instrumentis

184 1551 221 64 motus
332 1551 123 64 :
381 1551 197 64 haec
504 1551 197 64 ibi.
627 1551 148 64 Si
701 1551 197 64 ergo
824 1551 246 64 natura
972 1551 246 64 inferior

183 1627 240 64 anima,
351 1627 240 64 potest
519 1627 360 64 naturaliter
807 1627 312 64 attingere
1023 1627 192 64 perfe¬-

180 1705 292 65 ctionem
393 1705 159 65 ad
472 1705 212 65 quam
605 1705 371 65 ordinatur,
897 1705 239 65 multo
1029 1705 186 65 magis

185 1782 234 64 anima,
349 1782 164 64 cum
442 1782 164 64 sit
536 1782 351 64 perfectior,
817 1782 258 64 poterit
981 1782 234 64 attinge¬-

179 1857 168 61 re
263 1857 420 61 naturaliter
599 1857 168 61 ad
683 1857 252 61 omnem
823 1857 392 61 perfectionem

182 1939 151 57 ad
257 1939 202 57 quam
358 1939 303 57 ordinatur.

243 2007 225 65 Dicit
393 2007 249 65 Doctor
567 2007 200 65 quod
692 2007 374 65 Philosophus
967 2007 249 65 loquitur

185 2084 168 66 ibi
281 2084 144 66 de
353 2084 264 66 organis
545 2084 504 66 correspondentibus
952 2084 264 66 potentiae

187 2161 183 58 moti
301 2161 183 58 vae.
415 2161 160 58 Nam
507 2161 137 58 si
575 2161 228 58 natura
735 2161 274 58 dedisset
940 2161 251 58 stellis
1100 2161 114 58 po¬-

181 2242 284 58 tentiam
388 2242 284 58 motivam
594 2242 310 58 respectu
826 2242 232 58 motus
955 2242 258 58 progres¬-

178 2316 227 59 sivi,
329 2316 227 59 etiam
481 2316 303 59 dedisset
709 2316 177 59 eis
810 2316 253 59 organa
987 2316 177 59 per
1062 2316 152 59 quae

176 2389 277 65 stellae
377 2389 277 65 possent
579 2389 252 65 moveri
755 2389 202 65 motu
856 2389 353 65 progressivo.

174 2465 148 59 Si
248 2465 197 59 enim
371 2465 271 59 naturae
569 2465 320 59 inferiori
815 2465 222 59 dedit
938 2465 271 59 potentiam

173 2542 301 64 motivam
391 2542 164 64 et
473 2542 273 64 organa
665 2542 383 64 necessaria
965 2542 164 64 ad
1020 2542 191 64 motum

172 2610 431 69 progressivum,
527 2610 228 69 multo
679 2610 228 69 magis
831 2610 304 69 dedisset
1034 2610 177 69 stel¬-

171 2686 207 63 lis,
301 2686 155 63 si
378 2686 181 63 eis
482 2686 311 63 dedisset
715 2686 337 63 potentiam
948 2686 259 63 motivam,

172 2762 168 55 cum
268 2762 240 55 natura
436 2762 216 55 minus
581 2762 289 55 deficiat
797 2762 144 55 in
845 2762 361 55 nobilioribus,

169 2839 347 62 secundum
430 2839 463 62 Philosophum,
806 2839 203 62 ubi
922 2839 289 62 supra.
1095 2839 116 62 Et

176 2913 192 68 quod
296 2913 216 68 dicit
440 2913 144 68 in
512 2913 168 68 non
608 2913 288 68 orbatis,
825 2913 192 68 dico
945 2913 192 68 quod
1041 2913 168 68 licet

177 2988 252 60 natura
353 2988 252 60 multis
529 2988 352 60 animalibus
806 2988 377 60 imperfectis
1082 2988 126 60 de¬-

174 3068 239 63 derit
334 3068 345 63 potentiam
599 3068 319 63 motivam,
838 3068 239 63 tamen
971 3068 239 63 propter

176 3140 237 66 eorum
334 3140 475 66 imperfectionem
729 3140 185 66 non
835 3140 237 66 dedit
967 3140 237 66 organa.

177 3214 317 69 Sequitur
414 3214 132 69 :
467 3214 185 69 Sed
573 3214 159 69 in
652 3214 370 69 proposito,
943 3214 211 69 dico
1048 3214 159 69 quod

178 3290 196 64 data
300 3290 171 64 est
398 3290 245 64 homini
569 3290 318 64 potentia,
814 3290 171 64 sed
911 3290 171 64 non
985 3290 220 64 organi¬-

177 3366 167 64 ca,
273 3366 167 64 cum
368 3366 359 64 intellectus
655 3366 167 64 non
751 3366 167 64 sit
846 3366 287 64 potentia
1038 3366 167 64 orga¬-

177 3442 211 64 nica
308 3442 132 64 ;
361 3442 184 64 non
466 3442 237 64 tamen
624 3442 211 64 sunt
756 3442 395 64 naturaliter
1045 3442 158 64 data

174 3521 227 62 omnia
325 3521 227 62 alia,
476 3521 277 62 praeter
677 3521 327 62 potentiam
904 3521 302 62 concurren¬-

172 3593 181 62 tem
275 3593 155 62 ad
353 3593 258 62 actum,
534 3593 155 62 id
611 3593 181 62 est
714 3593 232 62 licet
869 3593 232 62 anima
998 3593 207 62 habeat

172 3669 363 72 potentiam
451 3669 168 72 ad
535 3669 251 72 actum
702 3669 140 72 ,
758 3669 195 72 non
870 3669 251 72 tamen
1010 3669 195 72 habet

1279 427 231 68 omnia
1434 427 334 68 requisita
1691 427 154 68 ad
1768 427 257 68 illum,
1948 427 206 68 quia
2077 427 154 68 ad
2128 427 180 68 actum

1282 505 341 68 requiritur
1550 505 220 68 etiam
1696 505 317 68 objectum,
1940 505 146 68 ut
2013 505 220 68 supra
2135 505 171 68 dixi.

1335 580 183 66 (p)
1439 580 261 66 Aliter
1622 580 235 66 tamen
1778 580 261 66 posset
1961 580 235 66 dici.
2091 580 209 66 Sen‘us

1280 654 213 68 hujus
1422 654 284 68 litterae
1636 654 190 68 est,
1754 654 190 68 quod
1873 654 261 68 sumendo
2038 654 261 68 po'-atiam

1277 728 317 63 passivam,
1521 728 146 63 ut
1594 728 293 63 refertur
1813 728 341 63 corr^ative
2081 728 146 63 ad
2130 728 171 63 acti¬-

1274 804 196 60 vam,
1396 804 171 60 sic
1494 804 245 60 activa
1665 804 171 60 est
1763 804 343 60 naturalis;
2033 804 171 60 sed
2106 804 196 60 quando

1270 879 361 63 comparatur
1554 879 155 63 ad
1631 879 232 63 actum
1786 879 309 63 receptum
2018 879 129 63 a
2043 879 258 63 potentia

1273 956 257 58 activa,
1460 956 187 58 tunc
1577 956 164 58 non
1670 956 281 58 refertur
1881 956 164 58 cor
1974 956 234 58 relati
2138 956 164 58 ve,
2208 956 94 58 et

1271 1031 180 63 per
1374 1031 360 63 consequens
1657 1031 180 63 non
1760 1031 180 63 est
1863 1031 386 63 necessarium
2146 1031 154 63 sibi

1269 1107 439 61 correspondere
1630 1107 335 61 potentiam
1888 1107 284 61 activam
2069 1107 232 61 natura¬-

1271 1183 192 60 lem.
1391 1183 192 60 Quia
1511 1183 192 60 ergo
1631 1183 192 60 ista
1751 1183 288 60 potentia
1966 1183 264 60 passiva
2134 1183 168 60 dici¬-

1267 1257 177 62 tur
1368 1257 328 62 naturalis
1620 1257 303 62 respectu
1847 1257 252 62 actus,
2024 1257 202 62 quia
2124 1257 177 62 ipsum

1267 1330 248 61 recipit
1448 1330 360 61 naturaliter,
1740 1330 135 61 et
1808 1330 158 61 non
1898 1330 248 61 dicitur
2055 1330 248 61 naturalis

1265 1408 296 62 respectu
1487 1408 296 62 agentis,
1709 1408 197 62 ideo
1832 1408 173 62 non
1931 1408 321 62 sequitur,
2153 1408 148 62 quod

1265 1482 156 64 si
1343 1482 311 64 potentia
1576 1482 285 64 passiva
1784 1482 181 64 sit
1887 1482 363 64 naturalis,
2146 1482 156 64 quod

1263 1558 223 63 etiam
1412 1558 248 63 activa
1585 1558 198 63 sibi
1709 1558 421 63 correspondens
2056 1558 173 63 sit
2131 1558 173 63 natu¬

1251 1634 156 43 ralis.

1323 1709 181 63 (q)
1427 1709 258 63 Posset
1607 1709 233 63 autem
1762 1709 258 63 tertio
1943 1709 207 63 modo
2047 1709 258 63 facilius

1264 1786 208 64 dici
1394 1786 156 64 ad
1472 1786 311 64 minorem.
1705 1786 259 64 Quando
1887 1786 363 64 dicebatur,
2146 1786 156 64 quod

1266 1862 353 61 intellectus
1549 1862 329 61 possibilis
1808 1862 165 61 est
1902 1862 329 61 receptivus
2137 1862 165 61 omnis

1266 1938 447 64 intellectionis,
1643 1938 212 64 dicit
1784 1938 235 64 Doctor
1948 1938 188 64 quod
2066 1938 212 64 licet
2183 1938 118 64 in¬-

1266 2012 306 63 tellectus
1502 2012 282 63 absolute
1714 2012 282 63 sumptus,
1925 2012 165 63 sit
1996 2012 306 63 naturaliter

1264 2089 345 63 receptivus
1535 2089 443 63 intellectionis
1880 2089 418 63 supernaturalis,

1265 2168 173 61 non
1364 2168 222 61 tamen
1512 2168 173 61 pro
1611 2168 222 61 statu
1759 2168 197 61 isto
1882 2168 123 61 ;
1931 2168 197 61 quia
2054 2168 173 61 pro
2128 2168 173 61 statu

1265 2239 202 65 isto
1391 2239 253 65 tantum
1568 2239 278 65 recipit
1770 2239 379 65 cognitionem
2048 2239 253 65 sensibi¬-

1263 2316 203 52 lium
1389 2316 152 52 et
1465 2316 380 52 contentorum
1770 2316 152 52 in
1846 2316 177 52 eis
1922 2316 380 52 essentialiter

1264 2393 156 66 vel
1353 2393 357 66 virtualiter,
1643 2393 134 66 ut
1710 2393 201 66 infra
1844 2393 245 66 patebit
2022 2393 201 66 dist.
2156 2393 134 66 3.
2201 2393 89 66 q.

1267 2471 139 41 1.
1336 2471 139 41 2.
1405 2471 139 41 et
1452 2471 92 41 3.

1316 2547 206 61 Nota
1445 2547 258 61 tamen,
1625 2547 206 61 quod
1754 2547 258 61 quando
1934 2547 232 61 dicit
2063 2547 232 61 Doctor,

1255 2624 177 62 pro
1356 2624 228 62 statu
1508 2624 203 62 isto
1635 2624 177 62 non
1736 2624 253 62 potest
1913 2624 329 62 recipere,
2141 2624 152 62 etc.

1260 2694 227 67 debet
1411 2694 328 67 intelligi
1663 2694 252 67 semper
1839 2694 353 67 accipiendo
2091 2694 202 67 statum

1263 2770 234 66 istum,
1427 2770 141 66 ut
1497 2770 234 66 status
1661 2770 188 66 iste
1778 2770 305 66 accipitur
2013 2770 164 66 pro
2083 2770 211 66 stabili

1259 2849 353 64 permanentia
1542 2849 259 64 legibus
1730 2849 259 64 divinae
1918 2849 329 64 sapientiae
2154 2849 141 64 fir¬-

1260 2925 221 62 mata,
1408 2925 246 62 quibus
1580 2925 270 62 legibus
1776 2925 344 62 stabilitum
2046 2925 196 62 est,
2145 2925 147 62 quod

1265 3003 286 61 intellectus
1494 3003 191 61 noster
1628 3003 134 61 non
1704 3003 248 61 intelhgat
1895 3003 134 61 pro
1971 3003 172 61 statu
2067 3003 248 61 intellectus

1264 3080 178 61 isto,
1383 3080 159 61 nisi
1482 3080 159 61 illa
1581 3080 198 61 quorum
1720 3080 218 61 species
1879 3080 238 61 relucent
2057 3080 119 61 in
2117 3080 139 61 pro
2176 3080 139 61 statu

1256 3149 415 64 phantasmate,
1593 3149 156 64 et
1671 3149 181 64 hoc
1775 3149 207 64 sive
1904 3149 285 64 propter
2086 3149 207 64 poenam

1257 3225 337 63 originalis
1522 3225 289 63 peccati,
1738 3225 193 63 sive
1859 3225 265 63 propter
2027 3225 265 63 naturalem

1255 3301 354 64 concordiam
1533 3301 380 64 potentiarum
1837 3301 253 64 animae
2014 3301 152 64 in
2064 3301 228 64 operan¬-

1255 3375 172 63 do,
1354 3375 148 63 ut
1428 3375 222 63 dicit
1576 3375 246 63 Doctor
1748 3375 222 63 infra
1896 3375 394 63 distinctione
2191 3375 99 63 3.

1257 3456 240 51 queest.
1410 3456 87 51 3.

1311 3530 155 64 Si
1389 3530 284 64 dicatur
1595 3530 129 64 :
1647 3530 232 64 Nonne
1802 3530 206 64 Deus
1931 3530 258 64 potest
2086 3530 206 64 infun¬-

1254 3605 198 54 dere
1378 3605 247 54 homini
1551 3605 321 54 existenti
1798 3605 148 54 in
1872 3605 198 54 isto
1996 3605 222 54 mundo
2119 3605 173 54 noti¬-

1257 3680 192 49 tiam
1377 3680 337 49 distinctam
1618 3680 264 49 Deitatis?
