1000 1385
301 91 131 60 faciam
393 91 92 60 eos
445 91 223 60 fiducialiter.
629 91 79 60 Et
668 91 131 60 Hiere.
760 91 131 60 xxiii.
851 91 79 60 In
878 91 52 60 di

296 152 107 43 ebus
363 152 121 43 illis
443 152 187 43 saluabitur
590 152 121 43 Iuda,
671 152 67 43 &
697 152 134 43 Israel
778 152 147 43 habitabit

297 189 232 42 confidenter.
485 189 116 42 Quid
558 189 131 42 autem
645 189 131 42 aliud
717 189 203 42 significant.

297 225 136 57 uoces,
392 225 230 57 fiducialiter,
582 225 217 57 confidenter,
758 225 68 57 &
785 225 163 57 similes,

295 265 107 53 nisi
361 265 214 53 securitatem.
535 265 120 53 Atque
616 265 94 53 eam
669 265 134 53 quidem
749 265 174 53 securitatem

298 312 217 56 pulcherrime
471 312 188 56 expressit
616 312 174 56 Micheas.
746 312 159 56 Sedebit
848 312 72 56 uir

298 354 82 53 ub
339 354 110 53 uite
408 354 110 53 sua,
476 354 69 53 &
504 354 96 53 sub
559 354 110 53 ficu
627 354 110 53 sua.
696 354 82 53 Et
737 354 123 53 nihil
805 354 110 53 obscu-

292 393 78 52 re
331 393 144 52 Esaias.
436 393 131 52 xxxii.
527 393 78 52 Et
566 393 105 52 erit
632 393 105 52 opus
697 393 170 52 iusticiae
828 393 105 52 pax,
880 393 39 52 &

306 435 124 52 cultus
393 435 162 52 iusticiae
517 435 174 52 silentium,
654 435 62 52 &
679 435 162 52 securitas
803 435 112 52 usque
865 435 50 52 in

294 477 250 61 sempiternum,
498 477 94 61 Et
545 477 172 61 sedebit
670 477 172 61 populus
795 477 125 61 meus
857 477 63 61 in

297 523 242 48 pulchritudine
496 523 142 48 pacis,
596 523 71 48 &
624 523 85 48 in
667 523 228 48 tabernaculis
838 523 85 48 fidu

290 571 135 39 ciae,
380 571 75 39 &
410 571 90 39 in
455 571 150 39 requie
559 571 194 39 opulenta.
709 571 90 39 Ad
754 571 120 39 hunc
813 571 105 39 modum

294 605 192 57 prophetae
442 605 207 57 describunt
605 605 148 57 regnum
709 605 178 57 Christi,
827 605 89 57 fore

303 647 122 51 regnum
388 647 196 51 securitatis.
548 647 98 51 Quae
609 647 110 51 autem
682 647 159 51 securitas
805 647 110 51 erit,
866 647 49 51 si

297 692 92 42 de
343 692 199 42 uoluntate
496 692 107 42 dei
557 692 184 42 perpetuo
695 692 184 42 ambigunt
818 692 92 42 con-

284 732 193 44 scientiae?
436 732 152 44 Necesse
546 732 97 44 est
602 732 138 44 igitur
698 732 138 44 certos
795 732 97 44 nos
836 732 83 44 esse

290 780 84 44 de
332 780 153 44 gratia,
443 780 84 44 de
485 780 223 44 beneuolentia
666 780 98 44 dei
722 780 111 44 erga
792 780 111 44 nos.
847 780 70 44 Hoc

293 814 115 46 est,
365 814 115 46 quod
437 814 115 46 apud
509 814 144 46 Hiere.
610 814 101 46 ix.
668 814 159 46 dominus
783 814 159 46 inquit,

292 852 78 53 ln
331 852 91 53 hoc
383 852 182 53 glorietur,
526 852 91 53 qui
578 852 182 53 gloriatur,
720 852 117 53 scire
798 852 65 53 &
824 852 117 53 nosse

286 894 107 51 me.
347 894 122 51 Vult
423 894 184 51 cognosci
561 894 214 51 uoluntatem
729 894 122 51 suam
806 894 138 51 deus,

298 938 110 48 uult
367 938 165 48 gloriari
491 938 96 48 nos
546 938 83 48 de
587 938 179 48 uoluntate
725 938 110 48 sua.
794 938 110 48 Quid
849 938 69 48 est

292 978 135 59 igitur
386 978 121 59 magis
467 978 148 59 impium,
575 978 108 59 quam
642 978 148 59 negare,
750 978 94 59 uel
804 978 94 59 non
845 978 67 59 de-

298 1026 120 46 bere,
378 1026 94 46 uel
431 1026 94 46 non
485 1026 120 46 posse
565 1026 161 46 cognosci
686 1026 187 46 uoluntatem
819 1026 94 46 diui-

288 1065 119 48 nam.
363 1065 134 48 Nempe
452 1065 104 48 cum
512 1065 104 48 eam
572 1065 224 48 expresserit
751 1065 134 48 uerbo
825 1065 90 48 suoc
