1000 1385
74 93 91 53 Et
119 93 242 53 interrogemus
316 93 212 53 Sophistas,
482 93 166 53 credant
603 93 91 53 ne
634 93 61 53 id

80 139 121 51 quod
156 139 91 51 in
201 139 167 51 symbolo
323 139 212 51 apostolico
490 139 121 51 est,
550 139 152 51 Remissio

79 191 99 36 nem
135 191 211 36 peccatorum?
304 191 127 36 Item,
389 191 155 36 credant
502 191 85 36 ne
530 191 169 36 sententiae

78 222 201 46 sacerdotis,
239 222 94 46 cum
292 222 215 46 absoluuntur.
467 222 107 46 Quod
534 222 80 46 si
574 222 161 46 eredunt,

81 266 142 53 necesse
184 266 90 53 est
236 266 77 53 ut
274 266 167 53 agnoscant
403 266 77 53 se
442 266 103 53 esse
506 266 77 53 in
545 266 129 53 gratia
622 266 77 53 dei-

74 303 119 56 Quod
149 303 89 56 si
193 303 104 56 non
253 303 179 56 credunt,
387 303 104 56 cur
446 303 238 56 confitentur?
625 303 74 56 Sce

80 345 139 49 lesta
172 345 139 49 Roma,
265 345 77 49 &
296 345 155 49 auctor
404 345 155 49 Dullae
512 345 170 49 Romanae
621 345 77 49 Ec-

85 392 124 46 cius
162 392 202 46 damnarunt
317 392 202 46 articulum
472 392 171 46 quendam
581 392 109 46 Ruthe

75 432 84 51 ri
117 432 84 51 de
159 432 126 51 fide,
243 432 98 51 qui
299 432 140 51 docet.
397 432 210 51 Absolutioni
550 432 154 51 credendum

89 475 129 53 esse.
174 475 214 53 Respondeant
346 475 157 53 igitur,
460 475 100 53 cur
517 475 157 53 audiant
617 475 86 53 abso

79 514 187 47 lutionem,
222 514 115 47 nisi
294 514 173 47 credant.
424 514 158 47 Obscura
539 514 101 47 est
582 514 115 47 impie-

84 559 108 47 tas
145 559 139 47 haec,
238 559 77 47 &
269 559 247 47 perniciosior
469 559 123 47 quam
546 559 185 47 quisquam

84 606 153 48 putet.
191 606 107 48 Nec
252 606 153 48 dubito
359 606 122 48 quin
435 606 153 48 multas
542 606 153 48 animas
634 606 61 48 ne

77 644 141 49 carit,
175 644 113 49 quae
246 644 84 49 ad
288 644 239 49 desperationem
485 644 113 49 isto
555 644 169 49 carnali,

74 679 238 57 Sophistico,
265 679 223 57 Parisiensi
440 679 175 57 dogmate
551 679 143 57 adactae

74 722 144 45 sunt.
170 722 208 45 Disperdat
330 722 176 45 dominus
458 722 144 45 omnia
554 722 144 45 labia
634 722 64 45 lo

77 768 173 53 quentia
203 768 220 53 mendacium.
376 768 220 53 Christiana
549 768 126 53 mens
612 768 79 53 fa-

77 809 109 45 cile
145 809 204 45 experientia
309 809 163 45 magistra
431 809 150 45 discet,
540 809 123 45 nihil
608 809 82 45 esse

73 846 319 46 Christianismum,
342 846 134 46 nisi
426 846 202 46 eiusmodi
560 846 118 46 uitam

78 888 115 51 quae
149 888 86 51 de
193 888 230 51 misericordia
379 888 101 51 dei
437 888 129 51 certa
523 888 115 51 sit.
595 888 86 51 Ad
623 888 72 51 Ro-

72 929 137 50 manos.
168 929 110 50 xii.
237 929 82 50 Vt
278 929 165 50 discatis
401 929 110 50 quae
470 929 96 50 sit
525 929 165 50 uoluntas
634 929 69 50 dei

70 970 134 45 bona,
160 970 194 45 perfecta,
309 970 119 45 bene
383 970 164 45 placens
502 970 104 45 &c.
562 970 119 45 Ergo
621 970 75 45 in-

73 1015 142 45 quiemt
172 1015 198 45 Sophistae,
328 1015 127 45 nihil
413 1015 99 45 est
469 1015 113 45 quod
540 1015 170 45 timeamus
654 1015 42 45 t

63 1056 147 55 Recte,
166 1056 88 55 si
210 1056 132 55 uacet
298 1056 118 55 fide
372 1056 147 55 timor,
475 1056 147 55 impius
563 1056 132 55 fuerit.
