<?xml version="1.0" encoding="UTF-8"?>
<alto xmlns:xsi="http://www.w3.org/2001/XMLSchema-instance"
      xmlns="http://www.loc.gov/standards/alto/ns-v2#"
      xmlns:page="http://schema.primaresearch.org/PAGE/gts/pagecontent/2013-07-15"
      xsi:schemaLocation="http://www.loc.gov/standards/alto/ns-v2# http://www.loc.gov/standards/alto/alto.xsd">
   <Description>
      <MeasurementUnit>pixel</MeasurementUnit>
      <OCRProcessing ID="IdOcr">
         <ocrProcessingStep>
            <processingDateTime>2020-12-02T20:02:16.625-05:00</processingDateTime>
            <processingSoftware>
               <softwareCreator>READ COOP</softwareCreator>
               <softwareName>Transkribus</softwareName>
            </processingSoftware>
         </ocrProcessingStep>
      </OCRProcessing>
   </Description>
   <Tags/>
   <Layout>
      <Page ID="Page1" PHYSICAL_IMG_NR="1" HEIGHT="1385" WIDTH="1000">
         <TopMargin HEIGHT="0" WIDTH="1000" VPOS="0" HPOS="0"/>
         <LeftMargin HEIGHT="1385" WIDTH="0" VPOS="0" HPOS="0"/>
         <RightMargin HEIGHT="1385" WIDTH="0" VPOS="0" HPOS="1000"/>
         <BottomMargin HEIGHT="0" WIDTH="1000" VPOS="1385" HPOS="0"/>
         <PrintSpace HEIGHT="1385" WIDTH="1000" VPOS="0" HPOS="0">
            <TextBlock ID="r1" HEIGHT="994" WIDTH="612" VPOS="117" HPOS="91">
               <Shape>
                  <Polygon POINTS="91,117 91,1111 703,1111 703,117"/>
               </Shape>
               <TextLine ID="r1l1"
                         BASELINE="151"
                         HEIGHT="53"
                         WIDTH="607"
                         VPOS="98"
                         HPOS="87">
                  <String HEIGHT="53" WIDTH="116" VPOS="98" HPOS="73" CONTENT="Immo"/>
                  <SP HEIGHT="53" WIDTH="14" VPOS="98" HPOS="188"/>
                  <String HEIGHT="53"
                          WIDTH="130"
                          VPOS="98"
                          HPOS="145"
                          CONTENT="fides"/>
                  <SP HEIGHT="53" WIDTH="14" VPOS="98" HPOS="275"/>
                  <String HEIGHT="53"
                          WIDTH="130"
                          VPOS="98"
                          HPOS="232"
                          CONTENT="plane"/>
                  <SP HEIGHT="53" WIDTH="14" VPOS="98" HPOS="362"/>
                  <String HEIGHT="53"
                          WIDTH="130"
                          VPOS="98"
                          HPOS="318"
                          CONTENT="sola,"/>
                  <SP HEIGHT="53" WIDTH="14" VPOS="98" HPOS="448"/>
                  <String HEIGHT="53"
                          WIDTH="188"
                          VPOS="98"
                          HPOS="405"
                          CONTENT="sanctorum"/>
                  <SP HEIGHT="53" WIDTH="14" VPOS="98" HPOS="593"/>
                  <String HEIGHT="53"
                          WIDTH="159"
                          VPOS="98"
                          HPOS="535"
                          CONTENT="securitas"/>
               </TextLine>
               <TextLine ID="r1l2"
                         BASELINE="197"
                         HEIGHT="50"
                         WIDTH="607"
                         VPOS="147"
                         HPOS="96">
                  <String HEIGHT="50" WIDTH="103" VPOS="147" HPOS="83" CONTENT="est."/>
                  <SP HEIGHT="50" WIDTH="13" VPOS="147" HPOS="186"/>
                  <String HEIGHT="50" WIDTH="90" VPOS="147" HPOS="148" CONTENT="Sed"/>
                  <SP HEIGHT="50" WIDTH="13" VPOS="147" HPOS="238"/>
                  <String HEIGHT="50" WIDTH="77" VPOS="147" HPOS="199" CONTENT="ut"/>
                  <SP HEIGHT="50" WIDTH="13" VPOS="147" HPOS="277"/>
                  <String HEIGHT="50"
                          WIDTH="103"
                          VPOS="147"
                          HPOS="238"
                          CONTENT="fide"/>
                  <SP HEIGHT="50" WIDTH="13" VPOS="147" HPOS="341"/>
                  <String HEIGHT="50"
                          WIDTH="220"
                          VPOS="147"
                          HPOS="303"
                          CONTENT="misericordiam"/>
                  <SP HEIGHT="50" WIDTH="13" VPOS="147" HPOS="522"/>
                  <String HEIGHT="50"
                          WIDTH="142"
                          VPOS="147"
                          HPOS="483"
                          CONTENT="notunt,"/>
                  <SP HEIGHT="50" WIDTH="13" VPOS="147" HPOS="626"/>
                  <String HEIGHT="50" WIDTH="90" VPOS="147" HPOS="587" CONTENT="ita"/>
                  <SP HEIGHT="50" WIDTH="13" VPOS="147" HPOS="677"/>
                  <String HEIGHT="50" WIDTH="77" VPOS="147" HPOS="626" CONTENT="fide"/>
               </TextLine>
               <TextLine ID="r1l3"
                         BASELINE="237"
                         HEIGHT="47"
                         WIDTH="619"
                         VPOS="190"
                         HPOS="86">
                  <String HEIGHT="47" WIDTH="84" VPOS="190" HPOS="72" CONTENT="li"/>
                  <SP HEIGHT="47" WIDTH="14" VPOS="190" HPOS="156"/>
                  <String HEIGHT="47"
                          WIDTH="141"
                          VPOS="190"
                          HPOS="114"
                          CONTENT="timore"/>
                  <SP HEIGHT="47" WIDTH="14" VPOS="190" HPOS="255"/>
                  <String HEIGHT="47" WIDTH="84" VPOS="190" HPOS="213" CONTENT="se"/>
                  <SP HEIGHT="47" WIDTH="14" VPOS="190" HPOS="297"/>
                  <String HEIGHT="47"
                          WIDTH="155"
                          VPOS="190"
                          HPOS="255"
                          CONTENT="diuinae"/>
                  <SP HEIGHT="47" WIDTH="14" VPOS="190" HPOS="410"/>
                  <String HEIGHT="47"
                          WIDTH="183"
                          VPOS="190"
                          HPOS="367"
                          CONTENT="uoluntati"/>
                  <SP HEIGHT="47" WIDTH="14" VPOS="190" HPOS="550"/>
                  <String HEIGHT="47"
                          WIDTH="197"
                          VPOS="190"
                          HPOS="508"
                          CONTENT="iudicandos"/>
                  <SP HEIGHT="47" WIDTH="14" VPOS="190" HPOS="705"/>
                  <String HEIGHT="47" WIDTH="56" VPOS="190" HPOS="649" CONTENT="ac"/>
               </TextLine>
               <TextLine ID="r1l4"
                         BASELINE="286"
                         HEIGHT="54"
                         WIDTH="607"
                         VPOS="232"
                         HPOS="92">
                  <String HEIGHT="54"
                          WIDTH="188"
                          VPOS="232"
                          HPOS="78"
                          CONTENT="damnandos"/>
                  <SP HEIGHT="54" WIDTH="14" VPOS="232" HPOS="265"/>
                  <String HEIGHT="54"
                          WIDTH="217"
                          VPOS="232"
                          HPOS="222"
                          CONTENT="permittunt,"/>
                  <SP HEIGHT="54" WIDTH="14" VPOS="232" HPOS="439"/>
                  <String HEIGHT="54" WIDTH="87" VPOS="232" HPOS="396" CONTENT="ut"/>
                  <SP HEIGHT="54" WIDTH="14" VPOS="232" HPOS="482"/>
                  <String HEIGHT="54"
                          WIDTH="116"
                          VPOS="232"
                          HPOS="439"
                          CONTENT="dent"/>
                  <SP HEIGHT="54" WIDTH="14" VPOS="232" HPOS="554"/>
                  <String HEIGHT="54"
                          WIDTH="159"
                          VPOS="232"
                          HPOS="511"
                          CONTENT="gloriam"/>
                  <SP HEIGHT="54" WIDTH="14" VPOS="232" HPOS="670"/>
                  <String HEIGHT="54" WIDTH="87" VPOS="232" HPOS="612" CONTENT="deo."/>
               </TextLine>
               <TextLine ID="r1l5"
                         BASELINE="319"
                         HEIGHT="50"
                         WIDTH="607"
                         VPOS="269"
                         HPOS="90">
                  <String HEIGHT="50" WIDTH="99" VPOS="269" HPOS="76" CONTENT="Sic"/>
                  <SP HEIGHT="50" WIDTH="14" VPOS="269" HPOS="175"/>
                  <String HEIGHT="50"
                          WIDTH="113"
                          VPOS="269"
                          HPOS="132"
                          CONTENT="enim"/>
                  <SP HEIGHT="50" WIDTH="14" VPOS="269" HPOS="245"/>
                  <String HEIGHT="50"
                          WIDTH="184"
                          VPOS="269"
                          HPOS="203"
                          CONTENT="precamur,"/>
                  <SP HEIGHT="50" WIDTH="14" VPOS="269" HPOS="386"/>
                  <String HEIGHT="50"
                          WIDTH="113"
                          VPOS="269"
                          HPOS="344"
                          CONTENT="Fiat"/>
                  <SP HEIGHT="50" WIDTH="14" VPOS="269" HPOS="457"/>
                  <String HEIGHT="50"
                          WIDTH="169"
                          VPOS="269"
                          HPOS="415"
                          CONTENT="uoluntas"/>
                  <SP HEIGHT="50" WIDTH="14" VPOS="269" HPOS="584"/>
                  <String HEIGHT="50"
                          WIDTH="113"
                          VPOS="269"
                          HPOS="542"
                          CONTENT="tua."/>
                  <SP HEIGHT="50" WIDTH="14" VPOS="269" HPOS="655"/>
                  <String HEIGHT="50"
                          WIDTH="99"
                          VPOS="269"
                          HPOS="598"
                          CONTENT="Exem"
                          SUBS_TYPE="HypPart1"
                          SUBS_CONTENT="Exemplum"/>
                  <HYP CONTENT="-"/>
               </TextLine>
               <TextLine ID="r1l6"
                         BASELINE="366"
                         HEIGHT="54"
                         WIDTH="598"
                         VPOS="312"
                         HPOS="97">
                  <String HEIGHT="54"
                          WIDTH="109"
                          VPOS="312"
                          HPOS="83"
                          CONTENT="plum"
                          SUBS_TYPE="HypPart2"
                          SUBS_CONTENT="Exemplum"/>
                  <SP HEIGHT="54" WIDTH="14" VPOS="312" HPOS="192"/>
                  <String HEIGHT="54"
                          WIDTH="150"
                          VPOS="312"
                          HPOS="151"
                          CONTENT="Dauidis"/>
                  <SP HEIGHT="54" WIDTH="14" VPOS="312" HPOS="301"/>
                  <String HEIGHT="54"
                          WIDTH="136"
                          VPOS="312"
                          HPOS="260"
                          CONTENT="habes."/>
                  <SP HEIGHT="54" WIDTH="14" VPOS="312" HPOS="396"/>
                  <String HEIGHT="54" WIDTH="95" VPOS="312" HPOS="355" CONTENT="ii."/>
                  <SP HEIGHT="54" WIDTH="14" VPOS="312" HPOS="450"/>
                  <String HEIGHT="54"
                          WIDTH="109"
                          VPOS="312"
                          HPOS="410"
                          CONTENT="Reg."/>
                  <SP HEIGHT="54" WIDTH="14" VPOS="312" HPOS="518"/>
                  <String HEIGHT="54" WIDTH="95" VPOS="312" HPOS="478" CONTENT="xv."/>
                  <SP HEIGHT="54" WIDTH="14" VPOS="312" HPOS="573"/>
                  <String HEIGHT="54" WIDTH="82" VPOS="312" HPOS="532" CONTENT="Si"/>
                  <SP HEIGHT="54" WIDTH="14" VPOS="312" HPOS="613"/>
                  <String HEIGHT="54"
                          WIDTH="136"
                          VPOS="312"
                          HPOS="559"
                          CONTENT="inuenero"/>
               </TextLine>
               <TextLine ID="r1l7"
                         BASELINE="410"
                         HEIGHT="56"
                         WIDTH="608"
                         VPOS="354"
                         HPOS="97">
                  <String HEIGHT="56"
                          WIDTH="176"
                          VPOS="354"
                          HPOS="81"
                          CONTENT="gratiam"/>
                  <SP HEIGHT="56" WIDTH="16" VPOS="354" HPOS="257"/>
                  <String HEIGHT="56" WIDTH="96" VPOS="354" HPOS="209" CONTENT="in"/>
                  <SP HEIGHT="56" WIDTH="16" VPOS="354" HPOS="305"/>
                  <String HEIGHT="56"
                          WIDTH="160"
                          VPOS="354"
                          HPOS="257"
                          CONTENT="oculis"/>
                  <SP HEIGHT="56" WIDTH="16" VPOS="354" HPOS="417"/>
                  <String HEIGHT="56"
                          WIDTH="176"
                          VPOS="354"
                          HPOS="369"
                          CONTENT="domini,"/>
                  <SP HEIGHT="56" WIDTH="16" VPOS="354" HPOS="545"/>
                  <String HEIGHT="56"
                          WIDTH="176"
                          VPOS="354"
                          HPOS="497"
                          CONTENT="reducet"/>
                  <SP HEIGHT="56" WIDTH="16" VPOS="354" HPOS="673"/>
                  <String HEIGHT="56" WIDTH="96" VPOS="354" HPOS="625" CONTENT="me"/>
                  <SP HEIGHT="56" WIDTH="16" VPOS="354" HPOS="721"/>
                  <String HEIGHT="56" WIDTH="48" VPOS="354" HPOS="657" CONTENT="&amp;"/>
               </TextLine>
               <TextLine ID="r1l8"
                         BASELINE="450"
                         HEIGHT="55"
                         WIDTH="603"
                         VPOS="395"
                         HPOS="92">
                  <String HEIGHT="55"
                          WIDTH="186"
                          VPOS="395"
                          HPOS="77"
                          CONTENT="ostendet"/>
                  <SP HEIGHT="55" WIDTH="15" VPOS="395" HPOS="262"/>
                  <String HEIGHT="55"
                          WIDTH="124"
                          VPOS="395"
                          HPOS="216"
                          CONTENT="mihi"/>
                  <SP HEIGHT="55" WIDTH="15" VPOS="395" HPOS="339"/>
                  <String HEIGHT="55"
                          WIDTH="124"
                          VPOS="395"
                          HPOS="293"
                          CONTENT="eam,"/>
                  <SP HEIGHT="55" WIDTH="15" VPOS="395" HPOS="417"/>
                  <String HEIGHT="55" WIDTH="77" VPOS="395" HPOS="370" CONTENT="&amp;"/>
                  <SP HEIGHT="55" WIDTH="15" VPOS="395" HPOS="448"/>
                  <String HEIGHT="55"
                          WIDTH="247"
                          VPOS="395"
                          HPOS="401"
                          CONTENT="tabernaculum"/>
                  <SP HEIGHT="55" WIDTH="15" VPOS="395" HPOS="649"/>
                  <String HEIGHT="55"
                          WIDTH="108"
                          VPOS="395"
                          HPOS="587"
                          CONTENT="suum."/>
               </TextLine>
               <TextLine ID="r1l9"
                         BASELINE="497"
                         HEIGHT="57"
                         WIDTH="608"
                         VPOS="440"
                         HPOS="87">
                  <String HEIGHT="57" WIDTH="81" VPOS="440" HPOS="73" CONTENT="Si"/>
                  <SP HEIGHT="57" WIDTH="14" VPOS="440" HPOS="155"/>
                  <String HEIGHT="57"
                          WIDTH="122"
                          VPOS="440"
                          HPOS="114"
                          CONTENT="autem"/>
                  <SP HEIGHT="57" WIDTH="14" VPOS="440" HPOS="236"/>
                  <String HEIGHT="57"
                          WIDTH="149"
                          VPOS="440"
                          HPOS="195"
                          CONTENT="dixerit"/>
                  <SP HEIGHT="57" WIDTH="14" VPOS="440" HPOS="344"/>
                  <String HEIGHT="57"
                          WIDTH="108"
                          VPOS="440"
                          HPOS="303"
                          CONTENT="mihi"/>
                  <SP HEIGHT="57" WIDTH="14" VPOS="440" HPOS="411"/>
                  <String HEIGHT="57" WIDTH="95" VPOS="440" HPOS="371" CONTENT="non"/>
                  <SP HEIGHT="57" WIDTH="14" VPOS="440" HPOS="465"/>
                  <String HEIGHT="57"
                          WIDTH="149"
                          VPOS="440"
                          HPOS="425"
                          CONTENT="places,"/>
                  <SP HEIGHT="57" WIDTH="14" VPOS="440" HPOS="573"/>
                  <String HEIGHT="57"
                          WIDTH="135"
                          VPOS="440"
                          HPOS="533"
                          CONTENT="presto"/>
                  <SP HEIGHT="57" WIDTH="14" VPOS="440" HPOS="668"/>
                  <String HEIGHT="57" WIDTH="81" VPOS="440" HPOS="614" CONTENT="sum."/>
               </TextLine>
               <TextLine ID="r1l10"
                         BASELINE="531"
                         HEIGHT="52"
                         WIDTH="607"
                         VPOS="479"
                         HPOS="91">
                  <String HEIGHT="52"
                          WIDTH="138"
                          VPOS="479"
                          HPOS="77"
                          CONTENT="Faciat"/>
                  <SP HEIGHT="52" WIDTH="14" VPOS="479" HPOS="215"/>
                  <String HEIGHT="52"
                          WIDTH="110"
                          VPOS="479"
                          HPOS="174"
                          CONTENT="quod"/>
                  <SP HEIGHT="52" WIDTH="14" VPOS="479" HPOS="284"/>
                  <String HEIGHT="52"
                          WIDTH="124"
                          VPOS="479"
                          HPOS="243"
                          CONTENT="bonum"/>
                  <SP HEIGHT="52" WIDTH="14" VPOS="479" HPOS="367"/>
                  <String HEIGHT="52" WIDTH="97" VPOS="479" HPOS="326" CONTENT="est"/>
                  <SP HEIGHT="52" WIDTH="14" VPOS="479" HPOS="422"/>
                  <String HEIGHT="52" WIDTH="83" VPOS="479" HPOS="381" CONTENT="in"/>
                  <SP HEIGHT="52" WIDTH="14" VPOS="479" HPOS="463"/>
                  <String HEIGHT="52"
                          WIDTH="138"
                          VPOS="479"
                          HPOS="422"
                          CONTENT="oculis"/>
                  <SP HEIGHT="52" WIDTH="14" VPOS="479" HPOS="560"/>
                  <String HEIGHT="52"
                          WIDTH="124"
                          VPOS="479"
                          HPOS="519"
                          CONTENT="suis."/>
                  <SP HEIGHT="52" WIDTH="14" VPOS="479" HPOS="643"/>
                  <String HEIGHT="52" WIDTH="97" VPOS="479" HPOS="601" CONTENT="Non"/>
                  <SP HEIGHT="52" WIDTH="14" VPOS="479" HPOS="698"/>
                  <String HEIGHT="52" WIDTH="55" VPOS="479" HPOS="643" CONTENT="po"/>
               </TextLine>
               <TextLine ID="r1l11"
                         BASELINE="567"
                         HEIGHT="42"
                         WIDTH="614"
                         VPOS="525"
                         HPOS="93">
                  <String HEIGHT="42" WIDTH="102" VPOS="525" HPOS="80" CONTENT="test"/>
                  <SP HEIGHT="42" WIDTH="13" VPOS="525" HPOS="183"/>
                  <String HEIGHT="42"
                          WIDTH="102"
                          VPOS="525"
                          HPOS="144"
                          CONTENT="enim"/>
                  <SP HEIGHT="42" WIDTH="13" VPOS="525" HPOS="247"/>
                  <String HEIGHT="42" WIDTH="64" VPOS="525" HPOS="208" CONTENT="a"/>
                  <SP HEIGHT="42" WIDTH="13" VPOS="525" HPOS="272"/>
                  <String HEIGHT="42"
                          WIDTH="102"
                          VPOS="525"
                          HPOS="234"
                          CONTENT="fide"/>
                  <SP HEIGHT="42" WIDTH="13" VPOS="525" HPOS="336"/>
                  <String HEIGHT="42"
                          WIDTH="115"
                          VPOS="525"
                          HPOS="298"
                          CONTENT="timor"/>
                  <SP HEIGHT="42" WIDTH="13" VPOS="525" HPOS="413"/>
                  <String HEIGHT="42"
                          WIDTH="166"
                          VPOS="525"
                          HPOS="374"
                          CONTENT="separati."/>
                  <SP HEIGHT="42" WIDTH="13" VPOS="525" HPOS="541"/>
                  <String HEIGHT="42"
                          WIDTH="115"
                          VPOS="525"
                          HPOS="502"
                          CONTENT="Fides"/>
                  <SP HEIGHT="42" WIDTH="13" VPOS="525" HPOS="617"/>
                  <String HEIGHT="42"
                          WIDTH="141"
                          VPOS="525"
                          HPOS="566"
                          CONTENT="misericor"/>
               </TextLine>
               <TextLine ID="r1l12"
                         BASELINE="615"
                         HEIGHT="47"
                         WIDTH="597"
                         VPOS="568"
                         HPOS="98">
                  <String HEIGHT="47" WIDTH="106" VPOS="568" HPOS="85" CONTENT="diam"/>
                  <SP HEIGHT="47" WIDTH="13" VPOS="568" HPOS="191"/>
                  <String HEIGHT="47" WIDTH="93" VPOS="568" HPOS="151" CONTENT="dei"/>
                  <SP HEIGHT="47" WIDTH="13" VPOS="568" HPOS="244"/>
                  <String HEIGHT="47"
                          WIDTH="119"
                          VPOS="568"
                          HPOS="204"
                          CONTENT="solam"/>
                  <SP HEIGHT="47" WIDTH="13" VPOS="568" HPOS="324"/>
                  <String HEIGHT="47"
                          WIDTH="172"
                          VPOS="568"
                          HPOS="284"
                          CONTENT="intuetur."/>
                  <SP HEIGHT="47" WIDTH="13" VPOS="568" HPOS="456"/>
                  <String HEIGHT="47"
                          WIDTH="119"
                          VPOS="568"
                          HPOS="416"
                          CONTENT="Timor"/>
                  <SP HEIGHT="47" WIDTH="13" VPOS="568" HPOS="536"/>
                  <String HEIGHT="47"
                          WIDTH="159"
                          VPOS="568"
                          HPOS="496"
                          CONTENT="iudicium"/>
                  <SP HEIGHT="47" WIDTH="13" VPOS="568" HPOS="655"/>
                  <String HEIGHT="47"
                          WIDTH="106"
                          VPOS="568"
                          HPOS="615"
                          CONTENT="dei,"/>
                  <SP HEIGHT="47" WIDTH="13" VPOS="568" HPOS="722"/>
                  <String HEIGHT="47" WIDTH="27" VPOS="568" HPOS="668" CONTENT=""/>
               </TextLine>
               <TextLine ID="r1l13"
                         BASELINE="653"
                         HEIGHT="44"
                         WIDTH="611"
                         VPOS="609"
                         HPOS="89">
                  <String HEIGHT="44" WIDTH="69" VPOS="609" HPOS="75" CONTENT="&amp;"/>
                  <SP HEIGHT="44" WIDTH="14" VPOS="609" HPOS="145"/>
                  <String HEIGHT="44"
                          WIDTH="125"
                          VPOS="609"
                          HPOS="103"
                          CONTENT="opera"/>
                  <SP HEIGHT="44" WIDTH="14" VPOS="609" HPOS="228"/>
                  <String HEIGHT="44"
                          WIDTH="153"
                          VPOS="609"
                          HPOS="186"
                          CONTENT="nostra."/>
                  <SP HEIGHT="44" WIDTH="14" VPOS="609" HPOS="339"/>
                  <String HEIGHT="44" WIDTH="97" VPOS="609" HPOS="297" CONTENT="Sic"/>
                  <SP HEIGHT="44" WIDTH="14" VPOS="609" HPOS="395"/>
                  <String HEIGHT="44"
                          WIDTH="139"
                          VPOS="609"
                          HPOS="353"
                          CONTENT="Paulus"/>
                  <SP HEIGHT="44" WIDTH="14" VPOS="609" HPOS="492"/>
                  <String HEIGHT="44" WIDTH="83" VPOS="609" HPOS="450" CONTENT="ad"/>
                  <SP HEIGHT="44" WIDTH="14" VPOS="609" HPOS="533"/>
                  <String HEIGHT="44" WIDTH="97" VPOS="609" HPOS="492" CONTENT="Ro."/>
                  <SP HEIGHT="44" WIDTH="14" VPOS="609" HPOS="589"/>
                  <String HEIGHT="44"
                          WIDTH="111"
                          VPOS="609"
                          HPOS="547"
                          CONTENT="xii."/>
                  <SP HEIGHT="44" WIDTH="14" VPOS="609" HPOS="658"/>
                  <String HEIGHT="44" WIDTH="83" VPOS="609" HPOS="617" CONTENT="Tu"/>
                  <SP HEIGHT="44" WIDTH="14" VPOS="609" HPOS="700"/>
                  <String HEIGHT="44" WIDTH="56" VPOS="609" HPOS="644" CONTENT="fi"/>
               </TextLine>
               <TextLine ID="r1l14"
                         BASELINE="702"
                         HEIGHT="55"
                         WIDTH="611"
                         VPOS="647"
                         HPOS="95">
                  <String HEIGHT="55" WIDTH="80" VPOS="647" HPOS="82" CONTENT="de"/>
                  <SP HEIGHT="55" WIDTH="13" VPOS="647" HPOS="161"/>
                  <String HEIGHT="55"
                          WIDTH="120"
                          VPOS="647"
                          HPOS="122"
                          CONTENT="stas,"/>
                  <SP HEIGHT="55" WIDTH="13" VPOS="647" HPOS="241"/>
                  <String HEIGHT="55" WIDTH="80" VPOS="647" HPOS="201" CONTENT="ne"/>
                  <SP HEIGHT="55" WIDTH="13" VPOS="647" HPOS="281"/>
                  <String HEIGHT="55"
                          WIDTH="173"
                          VPOS="647"
                          HPOS="241"
                          CONTENT="efferaris"/>
                  <SP HEIGHT="55" WIDTH="13" VPOS="647" HPOS="414"/>
                  <String HEIGHT="55"
                          WIDTH="133"
                          VPOS="647"
                          HPOS="374"
                          CONTENT="animo,"/>
                  <SP HEIGHT="55" WIDTH="13" VPOS="647" HPOS="507"/>
                  <String HEIGHT="55" WIDTH="93" VPOS="647" HPOS="467" CONTENT="sed"/>
                  <SP HEIGHT="55" WIDTH="13" VPOS="647" HPOS="560"/>
                  <String HEIGHT="55"
                          WIDTH="146"
                          VPOS="647"
                          HPOS="520"
                          CONTENT="timeas."/>
                  <SP HEIGHT="55" WIDTH="13" VPOS="647" HPOS="666"/>
                  <String HEIGHT="55"
                          WIDTH="93"
                          VPOS="647"
                          HPOS="613"
                          CONTENT="Item,"/>
               </TextLine>
               <TextLine ID="r1l15"
                         BASELINE="733"
                         HEIGHT="47"
                         WIDTH="612"
                         VPOS="686"
                         HPOS="92">
                  <String HEIGHT="47" WIDTH="91" VPOS="686" HPOS="79" CONTENT="cum"/>
                  <SP HEIGHT="47" WIDTH="13" VPOS="686" HPOS="170"/>
                  <String HEIGHT="47" WIDTH="78" VPOS="686" HPOS="131" CONTENT="in"/>
                  <SP HEIGHT="47" WIDTH="13" VPOS="686" HPOS="209"/>
                  <String HEIGHT="47" WIDTH="78" VPOS="686" HPOS="170" CONTENT="eo"/>
                  <SP HEIGHT="47" WIDTH="13" VPOS="686" HPOS="248"/>
                  <String HEIGHT="47" WIDTH="91" VPOS="686" HPOS="209" CONTENT="sit"/>
                  <SP HEIGHT="47" WIDTH="13" VPOS="686" HPOS="300"/>
                  <String HEIGHT="47"
                          WIDTH="117"
                          VPOS="686"
                          HPOS="261"
                          CONTENT="totus"/>
                  <SP HEIGHT="47" WIDTH="13" VPOS="686" HPOS="378"/>
                  <String HEIGHT="47"
                          WIDTH="104"
                          VPOS="686"
                          HPOS="339"
                          CONTENT="ille"/>
                  <SP HEIGHT="47" WIDTH="13" VPOS="686" HPOS="444"/>
                  <String HEIGHT="47"
                          WIDTH="169"
                          VPOS="686"
                          HPOS="405"
                          CONTENT="Solomonis"/>
                  <SP HEIGHT="47" WIDTH="13" VPOS="686" HPOS="574"/>
                  <String HEIGHT="47"
                          WIDTH="130"
                          VPOS="686"
                          HPOS="535"
                          CONTENT="liber,"/>
                  <SP HEIGHT="47" WIDTH="13" VPOS="686" HPOS="665"/>
                  <String HEIGHT="47" WIDTH="78" VPOS="686" HPOS="626" CONTENT="ut"/>
                  <SP HEIGHT="47" WIDTH="13" VPOS="686" HPOS="704"/>
                  <String HEIGHT="47" WIDTH="52" VPOS="686" HPOS="652" CONTENT="do"/>
               </TextLine>
               <TextLine ID="r1l16"
                         BASELINE="779"
                         HEIGHT="51"
                         WIDTH="605"
                         VPOS="728"
                         HPOS="95">
                  <String HEIGHT="51"
                          WIDTH="121"
                          VPOS="728"
                          HPOS="82"
                          CONTENT="ceat,"/>
                  <SP HEIGHT="51" WIDTH="13" VPOS="728" HPOS="203"/>
                  <String HEIGHT="51"
                          WIDTH="108"
                          VPOS="728"
                          HPOS="162"
                          CONTENT="Cami"/>
                  <SP HEIGHT="51" WIDTH="13" VPOS="728" HPOS="270"/>
                  <String HEIGHT="51" WIDTH="94" VPOS="728" HPOS="229" CONTENT="non"/>
                  <SP HEIGHT="51" WIDTH="13" VPOS="728" HPOS="324"/>
                  <String HEIGHT="51"
                          WIDTH="108"
                          VPOS="728"
                          HPOS="283"
                          CONTENT="esse"/>
                  <SP HEIGHT="51" WIDTH="13" VPOS="728" HPOS="391"/>
                  <String HEIGHT="51"
                          WIDTH="188"
                          VPOS="728"
                          HPOS="350"
                          CONTENT="iudicandum"/>
                  <SP HEIGHT="51" WIDTH="13" VPOS="728" HPOS="539"/>
                  <String HEIGHT="51" WIDTH="81" VPOS="728" HPOS="498" CONTENT="de"/>
                  <SP HEIGHT="51" WIDTH="13" VPOS="728" HPOS="579"/>
                  <String HEIGHT="51"
                          WIDTH="148"
                          VPOS="728"
                          HPOS="539"
                          CONTENT="diuinis"/>
                  <SP HEIGHT="51" WIDTH="13" VPOS="728" HPOS="687"/>
                  <String HEIGHT="51" WIDTH="67" VPOS="728" HPOS="633" CONTENT="con"/>
               </TextLine>
               <TextLine ID="r1l17"
                         BASELINE="823"
                         HEIGHT="51"
                         WIDTH="615"
                         VPOS="772"
                         HPOS="90">
                  <String HEIGHT="51"
                          WIDTH="154"
                          VPOS="772"
                          HPOS="76"
                          CONTENT="siliis,"/>
                  <SP HEIGHT="51" WIDTH="14" VPOS="772" HPOS="230"/>
                  <String HEIGHT="51" WIDTH="84" VPOS="772" HPOS="188" CONTENT="ut"/>
                  <SP HEIGHT="51" WIDTH="14" VPOS="772" HPOS="272"/>
                  <String HEIGHT="51"
                          WIDTH="168"
                          VPOS="772"
                          HPOS="230"
                          CONTENT="abdicati"/>
                  <SP HEIGHT="51" WIDTH="14" VPOS="772" HPOS="397"/>
                  <String HEIGHT="51" WIDTH="70" VPOS="772" HPOS="356" CONTENT="a"/>
                  <SP HEIGHT="51" WIDTH="14" VPOS="772" HPOS="425"/>
                  <String HEIGHT="51"
                          WIDTH="126"
                          VPOS="772"
                          HPOS="384"
                          CONTENT="nobis"/>
                  <SP HEIGHT="51" WIDTH="14" VPOS="772" HPOS="509"/>
                  <String HEIGHT="51" WIDTH="70" VPOS="772" HPOS="467" CONTENT="&amp;"/>
                  <SP HEIGHT="51" WIDTH="14" VPOS="772" HPOS="537"/>
                  <String HEIGHT="51"
                          WIDTH="168"
                          VPOS="772"
                          HPOS="495"
                          CONTENT="timeamus"/>
                  <SP HEIGHT="51" WIDTH="14" VPOS="772" HPOS="663"/>
                  <String HEIGHT="51"
                          WIDTH="98"
                          VPOS="772"
                          HPOS="607"
                          CONTENT="deum,"/>
               </TextLine>
               <TextLine ID="r1l18"
                         BASELINE="860"
                         HEIGHT="48"
                         WIDTH="610"
                         VPOS="812"
                         HPOS="98">
                  <String HEIGHT="48" WIDTH="73" VPOS="812" HPOS="83" CONTENT="&amp;"/>
                  <SP HEIGHT="48" WIDTH="15" VPOS="812" HPOS="156"/>
                  <String HEIGHT="48"
                          WIDTH="174"
                          VPOS="812"
                          HPOS="113"
                          CONTENT="credamus"/>
                  <SP HEIGHT="48" WIDTH="15" VPOS="812" HPOS="287"/>
                  <String HEIGHT="48" WIDTH="102" VPOS="812" HPOS="243" CONTENT="ei,"/>
                  <SP HEIGHT="48" WIDTH="15" VPOS="812" HPOS="345"/>
                  <String HEIGHT="48" WIDTH="102" VPOS="812" HPOS="301" CONTENT="non"/>
                  <SP HEIGHT="48" WIDTH="15" VPOS="812" HPOS="403"/>
                  <String HEIGHT="48"
                          WIDTH="145"
                          VPOS="812"
                          HPOS="359"
                          CONTENT="inepte"/>
                  <SP HEIGHT="48" WIDTH="15" VPOS="812" HPOS="505"/>
                  <String HEIGHT="48"
                          WIDTH="145"
                          VPOS="812"
                          HPOS="461"
                          CONTENT="opinor"/>
                  <SP HEIGHT="48" WIDTH="15" VPOS="812" HPOS="606"/>
                  <String HEIGHT="48"
                          WIDTH="145"
                          VPOS="812"
                          HPOS="563"
                          CONTENT="uideri"/>
                  <SP HEIGHT="48" WIDTH="15" VPOS="812" HPOS="708"/>
                  <String HEIGHT="48" WIDTH="58" VPOS="812" HPOS="650" CONTENT="po"/>
               </TextLine>
               <TextLine ID="r1l19"
                         BASELINE="903"
                         HEIGHT="42"
                         WIDTH="601"
                         VPOS="861"
                         HPOS="95">
                  <String HEIGHT="42" WIDTH="117" VPOS="861" HPOS="80" CONTENT="test"/>
                  <SP HEIGHT="42" WIDTH="15" VPOS="861" HPOS="198"/>
                  <String HEIGHT="42" WIDTH="103" VPOS="861" HPOS="154" CONTENT="hoc"/>
                  <SP HEIGHT="42" WIDTH="15" VPOS="861" HPOS="256"/>
                  <String HEIGHT="42"
                          WIDTH="161"
                          VPOS="861"
                          HPOS="212"
                          CONTENT="monere,"/>
                  <SP HEIGHT="42" WIDTH="15" VPOS="861" HPOS="374"/>
                  <String HEIGHT="42"
                          WIDTH="176"
                          VPOS="861"
                          HPOS="330"
                          CONTENT="ignorari"/>
                  <SP HEIGHT="42" WIDTH="15" VPOS="861" HPOS="505"/>
                  <String HEIGHT="42"
                          WIDTH="117"
                          VPOS="861"
                          HPOS="461"
                          CONTENT="quos"/>
                  <SP HEIGHT="42" WIDTH="15" VPOS="861" HPOS="579"/>
                  <String HEIGHT="42"
                          WIDTH="191"
                          VPOS="861"
                          HPOS="535"
                          CONTENT="elegerit,"/>
                  <SP HEIGHT="42" WIDTH="15" VPOS="861" HPOS="725"/>
                  <String HEIGHT="42" WIDTH="29" VPOS="861" HPOS="667" CONTENT=""/>
               </TextLine>
               <TextLine ID="r1l20"
                         BASELINE="945"
                         HEIGHT="46"
                         WIDTH="609"
                         VPOS="899"
                         HPOS="96">
                  <String HEIGHT="46" WIDTH="104" VPOS="899" HPOS="83" CONTENT="quos"/>
                  <SP HEIGHT="46" WIDTH="13" VPOS="899" HPOS="187"/>
                  <String HEIGHT="46"
                          WIDTH="168"
                          VPOS="899"
                          HPOS="148"
                          CONTENT="reiecerit"/>
                  <SP HEIGHT="46" WIDTH="13" VPOS="899" HPOS="316"/>
                  <String HEIGHT="46"
                          WIDTH="117"
                          VPOS="899"
                          HPOS="277"
                          CONTENT="deus,"/>
                  <SP HEIGHT="46" WIDTH="13" VPOS="899" HPOS="394"/>
                  <String HEIGHT="46" WIDTH="65" VPOS="899" HPOS="355" CONTENT="&amp;"/>
                  <SP HEIGHT="46" WIDTH="13" VPOS="899" HPOS="420"/>
                  <String HEIGHT="46" WIDTH="78" VPOS="899" HPOS="381" CONTENT="ne"/>
                  <SP HEIGHT="46" WIDTH="13" VPOS="899" HPOS="459"/>
                  <String HEIGHT="46"
                          WIDTH="181"
                          VPOS="899"
                          HPOS="420"
                          CONTENT="superbiant"/>
                  <SP HEIGHT="46" WIDTH="13" VPOS="899" HPOS="601"/>
                  <String HEIGHT="46"
                          WIDTH="143"
                          VPOS="899"
                          HPOS="562"
                          CONTENT="sancti,"/>
                  <SP HEIGHT="46" WIDTH="13" VPOS="899" HPOS="705"/>
                  <String HEIGHT="46" WIDTH="65" VPOS="899" HPOS="666" CONTENT="&amp;"/>
                  <SP HEIGHT="46" WIDTH="13" VPOS="899" HPOS="731"/>
                  <String HEIGHT="46" WIDTH="26" VPOS="899" HPOS="679" CONTENT=""/>
               </TextLine>
               <TextLine ID="r1l21"
                         BASELINE="993"
                         HEIGHT="56"
                         WIDTH="607"
                         VPOS="937"
                         HPOS="97">
                  <String HEIGHT="56" WIDTH="83" VPOS="937" HPOS="83" CONTENT="ne"/>
                  <SP HEIGHT="56" WIDTH="14" VPOS="937" HPOS="166"/>
                  <String HEIGHT="56"
                          WIDTH="179"
                          VPOS="937"
                          HPOS="125"
                          CONTENT="desperent"/>
                  <SP HEIGHT="56" WIDTH="14" VPOS="937" HPOS="304"/>
                  <String HEIGHT="56"
                          WIDTH="207"
                          VPOS="937"
                          HPOS="263"
                          CONTENT="peccatores."/>
                  <SP HEIGHT="56" WIDTH="14" VPOS="937" HPOS="469"/>
                  <String HEIGHT="56"
                          WIDTH="166"
                          VPOS="937"
                          HPOS="428"
                          CONTENT="Caeterum"/>
                  <SP HEIGHT="56" WIDTH="14" VPOS="937" HPOS="594"/>
                  <String HEIGHT="56"
                          WIDTH="124"
                          VPOS="937"
                          HPOS="552"
                          CONTENT="uerba"/>
                  <SP HEIGHT="56" WIDTH="14" VPOS="937" HPOS="676"/>
                  <String HEIGHT="56" WIDTH="83" VPOS="937" HPOS="621" CONTENT="Solo"/>
               </TextLine>
               <TextLine ID="r1l22"
                         BASELINE="1025"
                         HEIGHT="48"
                         WIDTH="604"
                         VPOS="977"
                         HPOS="94">
                  <String HEIGHT="48"
                          WIDTH="124"
                          VPOS="977"
                          HPOS="80"
                          CONTENT="monis"/>
                  <SP HEIGHT="48" WIDTH="14" VPOS="977" HPOS="204"/>
                  <String HEIGHT="48"
                          WIDTH="110"
                          VPOS="977"
                          HPOS="163"
                          CONTENT="haec"/>
                  <SP HEIGHT="48" WIDTH="14" VPOS="977" HPOS="272"/>
                  <String HEIGHT="48"
                          WIDTH="124"
                          VPOS="977"
                          HPOS="231"
                          CONTENT="sunt,"/>
                  <SP HEIGHT="48" WIDTH="14" VPOS="977" HPOS="355"/>
                  <String HEIGHT="48"
                          WIDTH="151"
                          VPOS="977"
                          HPOS="314"
                          CONTENT="quantum"/>
                  <SP HEIGHT="48" WIDTH="14" VPOS="977" HPOS="465"/>
                  <String HEIGHT="48"
                          WIDTH="192"
                          VPOS="977"
                          HPOS="423"
                          CONTENT="intellego,"/>
                  <SP HEIGHT="48" WIDTH="14" VPOS="977" HPOS="616"/>
                  <String HEIGHT="48" WIDTH="82" VPOS="977" HPOS="574" CONTENT="Et"/>
                  <SP HEIGHT="48" WIDTH="14" VPOS="977" HPOS="657"/>
                  <String HEIGHT="48"
                          WIDTH="96"
                          VPOS="977"
                          HPOS="602"
                          CONTENT="dile"
                          SUBS_TYPE="HypPart1"
                          SUBS_CONTENT="dilectionem,"/>
                  <HYP CONTENT="-"/>
               </TextLine>
               <TextLine ID="r1l23"
                         BASELINE="1076"
                         HEIGHT="57"
                         WIDTH="609"
                         VPOS="1019"
                         HPOS="91">
                  <String HEIGHT="57"
                          WIDTH="170"
                          VPOS="1019"
                          HPOS="77"
                          CONTENT="ctionem,"
                          SUBS_TYPE="HypPart2"
                          SUBS_CONTENT="dilectionem,"/>
                  <SP HEIGHT="57" WIDTH="14" VPOS="1019" HPOS="247"/>
                  <String HEIGHT="57" WIDTH="71" VPOS="1019" HPOS="204" CONTENT="&amp;"/>
                  <SP HEIGHT="57" WIDTH="14" VPOS="1019" HPOS="275"/>
                  <String HEIGHT="57"
                          WIDTH="127"
                          VPOS="1019"
                          HPOS="233"
                          CONTENT="odium"/>
                  <SP HEIGHT="57" WIDTH="14" VPOS="1019" HPOS="360"/>
                  <String HEIGHT="57"
                          WIDTH="156"
                          VPOS="1019"
                          HPOS="318"
                          CONTENT="ignorat"/>
                  <SP HEIGHT="57" WIDTH="14" VPOS="1019" HPOS="473"/>
                  <String HEIGHT="57"
                          WIDTH="113"
                          VPOS="1019"
                          HPOS="431"
                          CONTENT="omis"/>
                  <SP HEIGHT="57" WIDTH="14" VPOS="1019" HPOS="544"/>
                  <String HEIGHT="57"
                          WIDTH="113"
                          VPOS="1019"
                          HPOS="502"
                          CONTENT="homo"/>
                  <SP HEIGHT="57" WIDTH="14" VPOS="1019" HPOS="615"/>
                  <String HEIGHT="57" WIDTH="85" VPOS="1019" HPOS="573" CONTENT="in"/>
                  <SP HEIGHT="57" WIDTH="14" VPOS="1019" HPOS="658"/>
                  <String HEIGHT="57"
                          WIDTH="99"
                          VPOS="1019"
                          HPOS="601"
                          CONTENT="facie"/>
               </TextLine>
               <TextLine ID="r1l24"
                         BASELINE="1127"
                         HEIGHT="53"
                         WIDTH="617"
                         VPOS="1074"
                         HPOS="90">
                  <String HEIGHT="53"
                          WIDTH="105"
                          VPOS="1074"
                          HPOS="77"
                          CONTENT="eox,"/>
                  <SP HEIGHT="53" WIDTH="13" VPOS="1074" HPOS="182"/>
                  <String HEIGHT="53"
                          WIDTH="118"
                          VPOS="1074"
                          HPOS="143"
                          CONTENT="eoque"/>
                  <SP HEIGHT="53" WIDTH="13" VPOS="1074" HPOS="261"/>
                  <String HEIGHT="53"
                          WIDTH="118"
                          VPOS="1074"
                          HPOS="221"
                          CONTENT="iuxta"/>
                  <SP HEIGHT="53" WIDTH="13" VPOS="1074" HPOS="339"/>
                  <String HEIGHT="53"
                          WIDTH="158"
                          VPOS="1074"
                          HPOS="300"
                          CONTENT="eueniant"/>
                  <SP HEIGHT="53" WIDTH="13" VPOS="1074" HPOS="458"/>
                  <String HEIGHT="53"
                          WIDTH="118"
                          VPOS="1074"
                          HPOS="418"
                          CONTENT="omnia"/>
                  <SP HEIGHT="53" WIDTH="13" VPOS="1074" HPOS="536"/>
                  <String HEIGHT="53"
                          WIDTH="118"
                          VPOS="1074"
                          HPOS="497"
                          CONTENT="iusto"/>
                  <SP HEIGHT="53" WIDTH="13" VPOS="1074" HPOS="615"/>
                  <String HEIGHT="53" WIDTH="79" VPOS="1074" HPOS="576" CONTENT="ac"/>
                  <SP HEIGHT="53" WIDTH="13" VPOS="1074" HPOS="654"/>
                  <String HEIGHT="53"
                          WIDTH="105"
                          VPOS="1074"
                          HPOS="602"
                          CONTENT="impio."/>
               </TextLine>
            </TextBlock>
         </PrintSpace>
      </Page>
   </Layout>
</alto>
