1000 1385
65 92 196 67 donaturum
215 92 166 67 peccata
336 92 241 67 credentibus,
531 92 166 67 tametsi
637 92 60 67 in

71 141 113 55 certi
147 141 113 55 sint,
222 141 75 55 an
260 141 214 55 perseueraturi
436 141 113 55 sint.

109 180 176 49 Hactenus
241 180 132 49 dixi,
329 180 176 49 oportere
461 180 146 49 certos
563 180 117 49 esse
622 180 73 49 nos

65 223 92 46 de
111 223 244 46 beneuolentia
309 223 107 46 dei
370 223 122 46 erga
447 223 122 46 nos.
523 223 122 46 Quid
584 223 107 46 autem

73 266 79 58 de
112 266 159 58 operibus
232 266 93 58 dei
285 266 79 58 in
324 266 119 58 nobis
404 266 132 58 ipsis,
496 266 119 58 scire
576 266 79 58 ne
602 266 93 58 possu

71 307 119 56 mus,
145 307 89 56 an
190 307 178 56 spiritum
323 307 104 56 dei
383 307 237 56 conceperimus
575 307 89 56 in
605 307 74 56 pe-

68 348 133 56 ctore
157 348 162 56 nostro?
275 348 207 56 Respondeo,
437 348 162 56 fructus
540 348 148 56 spiritus

66 391 134 52 sancti
159 391 174 52 testantur
293 391 134 52 nobis,
387 391 94 52 que
441 391 80 52 in
481 391 147 52 pectore
575 391 107 52 nostro

63 431 181 60 uersetur.
202 431 84 60 Ad
244 431 125 60 Cala.
328 431 84 60 v.
370 431 98 60 Qui
425 431 153 60 Christi
537 431 125 60 sunt,
606 431 84 60 car-

70 477 93 55 nem
123 477 225 55 crucifixerunt
308 477 93 55 &c,
361 477 133 55 Sentit
454 477 119 55 autem
534 477 159 55 quisque,
640 477 53 55 ue

73 524 87 41 re
116 524 87 41 ne
159 524 72 41 &
188 524 87 41 ab
232 524 130 41 animo
319 524 145 41 oderit
420 524 72 41 &
449 524 203 41 abominetur
594 524 87 41 pec-

71 555 149 59 catum.
175 555 104 59 Nam
235 555 89 59 id
280 555 104 59 est
339 555 224 59 crucifigere
518 555 149 59 canem.
608 555 89 59 Sen-

73 597 94 45 tit
126 597 161 45 quisque,
247 597 94 45 num
300 597 134 45 timeat
394 597 121 45 deum,
475 597 94 45 num
528 597 134 45 credat
609 597 80 45 deo.

64 638 130 61 Emula
150 638 145 61 quidem
251 638 202 61 hypocrisis
410 638 101 61 est
468 638 173 61 spiritus
598 638 116 61 dei,

68 680 92 60 sed
121 680 158 60 tentatio
239 680 184 60 discernit,
384 680 92 60 ubi
437 680 105 60 soli
503 680 145 60 fideles
595 680 92 60 perdu

66 725 134 49 rant.
155 725 104 49 Iam
215 725 74 49 &
244 725 89 49 ne
289 725 149 49 potest
393 725 149 49 quidem
497 725 149 49 odisse
586 725 104 49 uicia

64 766 214 43 hypocrisis.
235 766 143 43 Qualis
335 766 143 43 qualis
435 766 129 43 autem
521 766 143 43 uidere
606 766 86 43 tibi

65 817 116 42 uide
138 817 145 42 omnium
240 817 160 42 primum,
356 817 87 42 ut
400 817 160 42 credas.
516 817 116 42 Vult
589 817 87 42 em
618 817 73 42 glo

63 855 115 35 riam
134 855 187 35 ueritatis
278 855 115 35 sibi
350 855 115 35 deus
422 855 158 35 tribui.
523 855 172 35 Conferamus

66 898 125 50 autem
150 898 125 50 totam
233 898 111 50 hanc
303 898 237 50 disputationem
498 898 84 50 de
540 898 125 50 lege,
609 898 84 50 Euam

66 930 135 52 gelio,
160 930 81 52 ac
200 930 121 52 fide,
281 930 81 52 in
321 930 148 52 aliquot
416 930 121 52 capita.

107 973 100 51 Eex
164 973 171 51 doctrina
292 973 114 51 est,
364 973 114 51 quae
435 973 185 51 facienda,
578 973 71 51 &
606 973 128 51 omit.

65 1016 125 54 tenda
135 1016 194 54 praescribit.

99 1054 218 61 Euangelium
271 1054 109 61 est
333 1054 203 61 promissio
489 1054 171 61 gratiae
614 1054 125 61 dei.
