1000 1385
293 79 75 69 ⁋
323 79 105 69 Eex
383 79 240 69 impossibilia
578 79 165 69 exigit,
697 79 150 69 Amorem
802 79 120 69 dei,
862 79 60 69 ac

300 128 185 57 proximi,
438 128 93 57 ad
485 128 139 57 Roma.
562 128 108 57 viii.

294 169 69 53 ⁋
322 169 97 53 Qui
377 169 125 53 lege,
460 169 97 53 per
516 169 125 53 uires
599 169 152 53 naturae
709 169 97 53 seu
765 169 138 53 libeti
848 169 83 53 arbi

302 211 108 49 trii
369 211 175 49 exprimere
503 211 175 49 conantur,
638 211 148 49 externa
745 211 134 49 tantum
826 211 94 49 opera

299 259 181 48 simulant,
438 259 167 48 adfectus
563 259 111 48 quos
633 259 139 48 exigit
730 259 97 48 lex
786 259 97 48 non
828 259 97 48 expri

317 297 64 51 ⁋
343 297 103 51 Eegi
407 297 128 51 igitur
497 297 90 51 non
548 297 218 51 satisfaciunt,
728 297 90 51 sed
779 297 103 51 sunt
830 297 90 51 cmunt

301 334 206 56 hypocritae,
466 334 178 56 sepulchra
603 334 206 56 extrinsecus
768 334 178 56 dealbata,

302 385 82 48 ut
343 385 150 48 Christs
452 385 136 48 uocat.
548 385 82 48 Et
589 385 82 48 ad
630 385 123 48 Cala.
712 385 109 48 iii.
780 385 96 48 Qui
834 385 82 48 ex
862 385 68 48 ope

306 418 121 53 ribus
386 418 121 53 legis
467 418 121 53 sunt,
547 418 94 53 sub
601 418 174 53 maledicto
735 418 121 53 sunt,

319 468 121 47 ⁋Ergo
399 468 94 47 non
453 468 94 47 est
506 468 121 47 legis
587 468 121 47 opus,
654 468 188 47 iustificare.

313 504 122 48 ⁋Sed
389 504 138 48 legis
481 504 184 48 proprium
619 504 122 48 opus
695 504 122 48 est,
757 504 168 48 ostendere

303 546 182 53 peccatum,
443 546 154 53 adeoque
555 546 196 53 confundere
710 546 238 53 conscientiam.

303 583 85 63 Ad
345 583 99 63 Ro.
402 583 113 63 iii,
472 583 99 63 Per
529 583 127 63 legem
614 583 170 63 cognitio
727 583 141 63 peccati.

329 630 239 57 IConscientiae
526 630 197 57 agnoscenti
681 630 183 57 peccatum,
821 630 70 57 &
836 630 84 57 con-

301 669 122 54 fusae
383 669 95 54 per
437 669 122 54 lege,
519 669 190 54 Euangelium
669 669 163 54 ostendit
777 669 150 54 Christum.

320 714 69 58 ⁋
348 714 97 58 Sic
403 714 166 58 Iohannes
528 714 97 58 cum
583 714 221 58 poenitentiam
763 714 194 58 praedicat,

310 752 122 62 umul
386 752 183 62 ostendit
523 752 198 62 Christum.
676 752 122 62 Ecce
752 752 137 62 agnus
844 752 122 62 dei,

308 794 99 58 qui
364 794 141 58 tollit
463 794 156 58 peccata
577 794 141 58 mundi.
676 794 141 58 Iohan.
760 794 57 58 i.

304 807 73 80 ⁋
334 807 146 80 Fides,
436 807 102 80 qua
494 807 175 80 creditur
625 807 189 80 Euangelio
756 807 175 80 ostendenti

305 884 181 40 Christum,
445 884 98 40 qua
500 884 167 40 Christus
626 884 181 40 accipitur
766 884 98 40 pro
821 884 84 40 eo
863 884 98 40 qui

314 921 162 54 placarit
435 921 148 54 patrem,
542 921 94 54 per
596 921 108 54 quem
664 921 135 54 gratia
758 921 162 54 donetur,
866 921 67 54 est

309 966 175 47 iustitia
441 966 161 47 nostra.
558 966 175 47 Iohanti.
689 966 175 47 Quotquot
806 966 132 47 recepe-

313 1008 97 50 runt
373 1008 85 50 eum
422 1008 109 50 dedit
494 1008 85 50 eis
543 1008 169 50 potestatem
676 1008 121 50 filios
761 1008 85 50 dei
797 1008 97 50 fieri.

294 1043 71 63 ⁋
322 1043 171 63 Siquidem
451 1043 86 63 ea
493 1043 114 63 sola
565 1043 128 63 fides
650 1043 214 63 iustificat,
807 1043 128 63 merito
