1000 1385
293 113 80 63 ut
333 113 159 63 suscitet
452 113 80 63 te
492 113 106 63 sibi
558 113 80 63 in
598 113 159 63 populum,
718 113 66 63 &
744 113 106 63 ipse
811 113 93 63 sit
851 113 66 63 do-

294 158 123 54 minus
376 158 123 54 tuus,
458 158 123 54 sicut
540 158 150 54 locutus
649 158 96 54 est
704 158 109 54 tibi
772 158 96 54 &c.
813 158 109 54 Contra

291 211 128 44 nouum
376 211 227 44 testamentum,
561 211 99 44 non
618 211 128 44 aliud
703 211 114 44 est,
774 211 114 44 nisi
831 211 85 44 bono

292 245 109 55 rum
355 245 156 55 omnium
464 245 203 55 promissio
620 245 141 55 citra
714 245 156 55 legem,
808 245 109 55 nullo

298 287 202 54 iusticiarum
459 287 175 54 nostrarum
594 287 175 54 respectu.
729 287 135 54 Veteri
810 287 108 54 testa-

290 328 134 54 mento
379 328 268 54 promittebantur
603 328 134 54 bona,
692 328 104 54 sed
751 328 134 54 simul
826 328 89 54 exi-

295 372 155 57 gebatur
407 372 70 57 a
436 372 141 57 populo
534 372 127 57 legis
619 372 183 57 impletio.
759 372 127 57 Nouo,
830 372 84 57 pro-

289 411 185 54 mittuntur
431 411 114 54 bona
503 411 128 54 citra
588 411 228 54 conditionem,
773 411 100 54 cum
816 411 100 54 nihil

291 464 65 46 a
317 464 118 46 nobis
395 464 157 46 uicissim
513 464 170 46 exigatur.
644 464 118 46 Atque
722 464 91 46 hic
774 464 118 46 uides
840 464 78 46 quae

292 494 96 53 sit
347 494 178 53 amplitudo
484 494 164 53 gratiae,
607 494 110 53 quae
676 494 96 53 sit
717 494 205 53 misericordiae

294 542 153 43 diuinae
405 542 236 43 prodigalitas.
600 542 167 43 Preuiter
725 542 111 43 quae
795 542 97 43 sit
837 542 83 43 Euan

293 584 108 56 gelii
365 584 132 56 gloria,
461 584 84 56 cum
509 584 132 56 gratis,
605 584 108 56 nullo
677 584 132 56 nostrae
773 584 168 56 iusticiae,

291 622 197 43 nostrorum
442 622 151 43 operum
548 622 182 43 respectu
684 622 166 43 salutem
790 622 121 43 donat.

295 659 91 63 An
340 659 106 63 non
401 659 182 63 exclamet
537 659 91 63 de
582 659 136 63 tanta
673 659 212 63 profusione
824 659 91 63 gra-

291 704 119 51 tiae
365 704 149 51 pectus
469 704 178 51 humanum?
603 704 119 51 Quis
677 704 149 51 credat
781 704 119 51 fuic
841 704 74 51 au-

298 745 133 53 ditui.
391 745 120 53 Atque
471 745 93 53 hoc
524 745 173 53 discrimen
657 745 147 53 ueteris
764 745 80 53 ac
804 745 107 53 noui
857 745 67 53 te-

293 787 181 47 stamenti
428 787 196 47 Hieremias
579 787 120 47 cap.
654 787 135 47 xxxi.
744 787 181 47 indicat.
865 787 60 47 Qd

294 834 88 52 ut
338 834 175 52 cognosci
470 834 161 52 certius
586 834 161 52 possit,
703 834 88 52 de
732 834 190 52 abrogatione

293 870 130 55 legis
379 870 217 55 disserendum
538 870 87 55 est.

326 905 86 56 Et
369 905 101 56 cum
426 905 129 56 legis
513 905 115 56 tres
584 905 144 56 partes
685 905 129 56 sint,
757 905 158 56 exequamur

296 953 165 53 quatenus
420 953 165 53 singulae
544 953 110 53 sint
613 953 193 53 abrogatae.
750 953 165 53 praesertim

289 999 104 52 cum
348 999 104 52 non
408 999 192 52 uideantur
556 999 133 52 eodem
645 999 207 52 antiquatae
793 999 118 52 modo.,

298 1037 88 48 Et
342 1037 192 48 consensus
490 1037 206 48 scriptorum
652 1037 177 48 obtinuit
770 1037 147 48 iudicia-

289 1084 102 52 lia
348 1084 73 52 &
377 1084 233 52 cerimonialia
566 1084 219 52 exoleuisse.
741 1084 160 52 Moralia
843 1084 73 52 no
