<?xml version="1.0" encoding="UTF-8"?>
<alto xmlns:xsi="http://www.w3.org/2001/XMLSchema-instance"
      xmlns="http://www.loc.gov/standards/alto/ns-v2#"
      xmlns:page="http://schema.primaresearch.org/PAGE/gts/pagecontent/2013-07-15"
      xsi:schemaLocation="http://www.loc.gov/standards/alto/ns-v2# http://www.loc.gov/standards/alto/alto.xsd">
   <Description>
      <MeasurementUnit>pixel</MeasurementUnit>
      <OCRProcessing ID="IdOcr">
         <ocrProcessingStep>
            <processingDateTime>2020-12-02T20:02:17.666-05:00</processingDateTime>
            <processingSoftware>
               <softwareCreator>READ COOP</softwareCreator>
               <softwareName>Transkribus</softwareName>
            </processingSoftware>
         </ocrProcessingStep>
      </OCRProcessing>
   </Description>
   <Tags/>
   <Layout>
      <Page ID="Page1" PHYSICAL_IMG_NR="1" HEIGHT="1385" WIDTH="1000">
         <TopMargin HEIGHT="0" WIDTH="1000" VPOS="0" HPOS="0"/>
         <LeftMargin HEIGHT="1385" WIDTH="0" VPOS="0" HPOS="0"/>
         <RightMargin HEIGHT="1385" WIDTH="0" VPOS="0" HPOS="1000"/>
         <BottomMargin HEIGHT="0" WIDTH="1000" VPOS="1385" HPOS="0"/>
         <PrintSpace HEIGHT="1385" WIDTH="1000" VPOS="0" HPOS="0">
            <TextBlock ID="r1" HEIGHT="1034" WIDTH="613" VPOS="122" HPOS="85">
               <Shape>
                  <Polygon POINTS="85,122 85,1156 698,1156 698,122"/>
               </Shape>
               <TextLine ID="r1l1"
                         BASELINE="164"
                         HEIGHT="63"
                         WIDTH="622"
                         VPOS="101"
                         HPOS="80">
                  <String HEIGHT="63" WIDTH="118" VPOS="101" HPOS="65" CONTENT="uata"/>
                  <SP HEIGHT="63" WIDTH="15" VPOS="101" HPOS="184"/>
                  <String HEIGHT="63"
                          WIDTH="133"
                          VPOS="101"
                          HPOS="139"
                          CONTENT="esse."/>
                  <SP HEIGHT="63" WIDTH="15" VPOS="101" HPOS="273"/>
                  <String HEIGHT="63" WIDTH="104" VPOS="101" HPOS="228" CONTENT="Nos"/>
                  <SP HEIGHT="63" WIDTH="15" VPOS="101" HPOS="332"/>
                  <String HEIGHT="63" WIDTH="89" VPOS="101" HPOS="287" CONTENT="de"/>
                  <SP HEIGHT="63" WIDTH="15" VPOS="101" HPOS="376"/>
                  <String HEIGHT="63"
                          WIDTH="178"
                          VPOS="101"
                          HPOS="332"
                          CONTENT="moralibs"/>
                  <SP HEIGHT="63" WIDTH="15" VPOS="101" HPOS="509"/>
                  <String HEIGHT="63"
                          WIDTH="148"
                          VPOS="101"
                          HPOS="465"
                          CONTENT="primum"/>
                  <SP HEIGHT="63" WIDTH="15" VPOS="101" HPOS="613"/>
                  <String HEIGHT="63"
                          WIDTH="148"
                          VPOS="101"
                          HPOS="554"
                          CONTENT="dicemus."/>
               </TextLine>
               <TextLine ID="r1l2"
                         BASELINE="209"
                         HEIGHT="52"
                         WIDTH="575"
                         VPOS="157"
                         HPOS="118">
                  <String HEIGHT="52"
                          WIDTH="124"
                          VPOS="157"
                          HPOS="102"
                          CONTENT="Esse"/>
                  <SP HEIGHT="52" WIDTH="16" VPOS="157" HPOS="227"/>
                  <String HEIGHT="52"
                          WIDTH="202"
                          VPOS="157"
                          HPOS="180"
                          CONTENT="antiquata"/>
                  <SP HEIGHT="52" WIDTH="16" VPOS="157" HPOS="382"/>
                  <String HEIGHT="52"
                          WIDTH="124"
                          VPOS="157"
                          HPOS="336"
                          CONTENT="nouo"/>
                  <SP HEIGHT="52" WIDTH="16" VPOS="157" HPOS="460"/>
                  <String HEIGHT="52"
                          WIDTH="218"
                          VPOS="157"
                          HPOS="413"
                          CONTENT="testamento"/>
                  <SP HEIGHT="52" WIDTH="16" VPOS="157" HPOS="631"/>
                  <String HEIGHT="52"
                          WIDTH="124"
                          VPOS="157"
                          HPOS="569"
                          CONTENT="partem"/>
               </TextLine>
               <TextLine ID="r1l3"
                         BASELINE="240"
                         HEIGHT="51"
                         WIDTH="614"
                         VPOS="189"
                         HPOS="87">
                  <String HEIGHT="51"
                          WIDTH="150"
                          VPOS="189"
                          HPOS="72"
                          CONTENT="legis,"/>
                  <SP HEIGHT="51" WIDTH="15" VPOS="189" HPOS="222"/>
                  <String HEIGHT="51"
                          WIDTH="120"
                          VPOS="189"
                          HPOS="177"
                          CONTENT="quam"/>
                  <SP HEIGHT="51" WIDTH="15" VPOS="189" HPOS="297"/>
                  <String HEIGHT="51"
                          WIDTH="210"
                          VPOS="189"
                          HPOS="252"
                          CONTENT="decalogum,"/>
                  <SP HEIGHT="51" WIDTH="15" VPOS="189" HPOS="461"/>
                  <String HEIGHT="51" WIDTH="105" VPOS="189" HPOS="416" CONTENT="seu"/>
                  <SP HEIGHT="51" WIDTH="15" VPOS="189" HPOS="521"/>
                  <String HEIGHT="51"
                          WIDTH="195"
                          VPOS="189"
                          HPOS="476"
                          CONTENT="praecepta"/>
                  <SP HEIGHT="51" WIDTH="15" VPOS="189" HPOS="671"/>
                  <String HEIGHT="51" WIDTH="90" VPOS="189" HPOS="611" CONTENT="mora"/>
               </TextLine>
               <TextLine ID="r1l4"
                         BASELINE="282"
                         HEIGHT="45"
                         WIDTH="615"
                         VPOS="237"
                         HPOS="85">
                  <String HEIGHT="45" WIDTH="113" VPOS="237" HPOS="69" CONTENT="lia"/>
                  <SP HEIGHT="45" WIDTH="16" VPOS="237" HPOS="182"/>
                  <String HEIGHT="45"
                          WIDTH="178"
                          VPOS="237"
                          HPOS="134"
                          CONTENT="uocant."/>
                  <SP HEIGHT="45" WIDTH="16" VPOS="237" HPOS="312"/>
                  <String HEIGHT="45"
                          WIDTH="162"
                          VPOS="237"
                          HPOS="263"
                          CONTENT="Primum"/>
                  <SP HEIGHT="45" WIDTH="16" VPOS="237" HPOS="425"/>
                  <String HEIGHT="45" WIDTH="113" VPOS="237" HPOS="376" CONTENT="hoc"/>
                  <SP HEIGHT="45" WIDTH="16" VPOS="237" HPOS="490"/>
                  <String HEIGHT="45"
                          WIDTH="178"
                          VPOS="237"
                          HPOS="441"
                          CONTENT="probat,"/>
                  <SP HEIGHT="45" WIDTH="16" VPOS="237" HPOS="619"/>
                  <String HEIGHT="45"
                          WIDTH="129"
                          VPOS="237"
                          HPOS="571"
                          CONTENT="quod"/>
                  <SP HEIGHT="45" WIDTH="16" VPOS="237" HPOS="700"/>
                  <String HEIGHT="45" WIDTH="65" VPOS="237" HPOS="635" CONTENT="ex"/>
               </TextLine>
               <TextLine ID="r1l5"
                         BASELINE="320"
                         HEIGHT="48"
                         WIDTH="616"
                         VPOS="272"
                         HPOS="80">
                  <String HEIGHT="48"
                          WIDTH="185"
                          VPOS="272"
                          HPOS="65"
                          CONTENT="Hieremia"/>
                  <SP HEIGHT="48" WIDTH="15" VPOS="272" HPOS="249"/>
                  <String HEIGHT="48"
                          WIDTH="169"
                          VPOS="272"
                          HPOS="203"
                          CONTENT="relatum"/>
                  <SP HEIGHT="48" WIDTH="15" VPOS="272" HPOS="373"/>
                  <String HEIGHT="48" WIDTH="108" VPOS="272" HPOS="326" CONTENT="est"/>
                  <SP HEIGHT="48" WIDTH="15" VPOS="272" HPOS="434"/>
                  <String HEIGHT="48" WIDTH="92" VPOS="272" HPOS="388" CONTENT="in"/>
                  <SP HEIGHT="48" WIDTH="15" VPOS="272" HPOS="480"/>
                  <String HEIGHT="48"
                          WIDTH="200"
                          VPOS="272"
                          HPOS="434"
                          CONTENT="Epistolam"/>
                  <SP HEIGHT="48" WIDTH="15" VPOS="272" HPOS="634"/>
                  <String HEIGHT="48" WIDTH="92" VPOS="272" HPOS="588" CONTENT="ad"/>
                  <SP HEIGHT="48" WIDTH="15" VPOS="272" HPOS="681"/>
                  <String HEIGHT="48"
                          WIDTH="77"
                          VPOS="272"
                          HPOS="619"
                          CONTENT="He"
                          SUBS_TYPE="HypPart1"
                          SUBS_CONTENT="Hebraeos,"/>
                  <HYP CONTENT="-"/>
               </TextLine>
               <TextLine ID="r1l6"
                         BASELINE="372"
                         HEIGHT="51"
                         WIDTH="605"
                         VPOS="321"
                         HPOS="87">
                  <String HEIGHT="51"
                          WIDTH="158"
                          VPOS="321"
                          HPOS="73"
                          CONTENT="braeos,"
                          SUBS_TYPE="HypPart2"
                          SUBS_CONTENT="Hebraeos,"/>
                  <SP HEIGHT="51" WIDTH="14" VPOS="321" HPOS="231"/>
                  <String HEIGHT="51" WIDTH="101" VPOS="321" HPOS="188" CONTENT="ubi"/>
                  <SP HEIGHT="51" WIDTH="14" VPOS="321" HPOS="289"/>
                  <String HEIGHT="51"
                          WIDTH="187"
                          VPOS="321"
                          HPOS="245"
                          CONTENT="caussatur"/>
                  <SP HEIGHT="51" WIDTH="14" VPOS="321" HPOS="433"/>
                  <String HEIGHT="51"
                          WIDTH="187"
                          VPOS="321"
                          HPOS="390"
                          CONTENT="propheta,"/>
                  <SP HEIGHT="51" WIDTH="14" VPOS="321" HPOS="577"/>
                  <String HEIGHT="51"
                          WIDTH="115"
                          VPOS="321"
                          HPOS="534"
                          CONTENT="ideo"/>
                  <SP HEIGHT="51" WIDTH="14" VPOS="321" HPOS="649"/>
                  <String HEIGHT="51"
                          WIDTH="101"
                          VPOS="321"
                          HPOS="591"
                          CONTENT="abro"
                          SUBS_TYPE="HypPart1"
                          SUBS_CONTENT="abrogandam"/>
                  <HYP CONTENT="-"/>
               </TextLine>
               <TextLine ID="r1l7"
                         BASELINE="416"
                         HEIGHT="53"
                         WIDTH="598"
                         VPOS="363"
                         HPOS="90">
                  <String HEIGHT="53"
                          WIDTH="133"
                          VPOS="363"
                          HPOS="77"
                          CONTENT="gandam"
                          SUBS_TYPE="HypPart2"
                          SUBS_CONTENT="abrogandam"/>
                  <SP HEIGHT="53" WIDTH="13" VPOS="363" HPOS="210"/>
                  <String HEIGHT="53"
                          WIDTH="106"
                          VPOS="363"
                          HPOS="170"
                          CONTENT="esse"/>
                  <SP HEIGHT="53" WIDTH="13" VPOS="363" HPOS="276"/>
                  <String HEIGHT="53"
                          WIDTH="120"
                          VPOS="363"
                          HPOS="236"
                          CONTENT="legem"/>
                  <SP HEIGHT="53" WIDTH="13" VPOS="363" HPOS="356"/>
                  <String HEIGHT="53"
                          WIDTH="186"
                          VPOS="363"
                          HPOS="316"
                          CONTENT="diuinitus,"/>
                  <SP HEIGHT="53" WIDTH="13" VPOS="363" HPOS="502"/>
                  <String HEIGHT="53" WIDTH="93" VPOS="363" HPOS="462" CONTENT="que"/>
                  <SP HEIGHT="53" WIDTH="13" VPOS="363" HPOS="555"/>
                  <String HEIGHT="53"
                          WIDTH="146"
                          VPOS="363"
                          HPOS="515"
                          CONTENT="irritam"/>
                  <SP HEIGHT="53" WIDTH="13" VPOS="363" HPOS="661"/>
                  <String HEIGHT="53" WIDTH="80" VPOS="363" HPOS="608" CONTENT="fece"/>
               </TextLine>
               <TextLine ID="r1l8"
                         BASELINE="457"
                         HEIGHT="49"
                         WIDTH="608"
                         VPOS="408"
                         HPOS="93">
                  <String HEIGHT="49" WIDTH="99" VPOS="408" HPOS="79" CONTENT="rit"/>
                  <SP HEIGHT="49" WIDTH="14" VPOS="408" HPOS="178"/>
                  <String HEIGHT="49"
                          WIDTH="170"
                          VPOS="408"
                          HPOS="135"
                          CONTENT="populus."/>
                  <SP HEIGHT="49" WIDTH="14" VPOS="408" HPOS="305"/>
                  <String HEIGHT="49" WIDTH="99" VPOS="408" HPOS="263" CONTENT="Non"/>
                  <SP HEIGHT="49" WIDTH="14" VPOS="408" HPOS="362"/>
                  <String HEIGHT="49"
                          WIDTH="127"
                          VPOS="408"
                          HPOS="319"
                          CONTENT="autem"/>
                  <SP HEIGHT="49" WIDTH="14" VPOS="408" HPOS="446"/>
                  <String HEIGHT="49" WIDTH="85" VPOS="408" HPOS="404" CONTENT="in"/>
                  <SP HEIGHT="49" WIDTH="14" VPOS="408" HPOS="489"/>
                  <String HEIGHT="49"
                          WIDTH="198"
                          VPOS="408"
                          HPOS="446"
                          CONTENT="cerimonias"/>
                  <SP HEIGHT="49" WIDTH="14" VPOS="408" HPOS="644"/>
                  <String HEIGHT="49"
                          WIDTH="113"
                          VPOS="408"
                          HPOS="588"
                          CONTENT="tantum"/>
               </TextLine>
               <TextLine ID="r1l9"
                         BASELINE="497"
                         HEIGHT="47"
                         WIDTH="614"
                         VPOS="450"
                         HPOS="89">
                  <String HEIGHT="47"
                          WIDTH="184"
                          VPOS="450"
                          HPOS="74"
                          CONTENT="peccauit"/>
                  <SP HEIGHT="47" WIDTH="15" VPOS="450" HPOS="258"/>
                  <String HEIGHT="47"
                          WIDTH="169"
                          VPOS="450"
                          HPOS="212"
                          CONTENT="Israel,"/>
                  <SP HEIGHT="47" WIDTH="15" VPOS="450" HPOS="381"/>
                  <String HEIGHT="47" WIDTH="107" VPOS="450" HPOS="335" CONTENT="sed"/>
                  <SP HEIGHT="47" WIDTH="15" VPOS="450" HPOS="442"/>
                  <String HEIGHT="47" WIDTH="92" VPOS="450" HPOS="396" CONTENT="in"/>
                  <SP HEIGHT="47" WIDTH="15" VPOS="450" HPOS="488"/>
                  <String HEIGHT="47"
                          WIDTH="200"
                          VPOS="450"
                          HPOS="442"
                          CONTENT="decalogum"/>
                  <SP HEIGHT="47" WIDTH="15" VPOS="450" HPOS="642"/>
                  <String HEIGHT="47"
                          WIDTH="123"
                          VPOS="450"
                          HPOS="580"
                          CONTENT="summam"/>
               </TextLine>
               <TextLine ID="r1l10"
                         BASELINE="532"
                         HEIGHT="40"
                         WIDTH="607"
                         VPOS="492"
                         HPOS="91">
                  <String HEIGHT="40"
                          WIDTH="148"
                          VPOS="492"
                          HPOS="76"
                          CONTENT="potius"/>
                  <SP HEIGHT="40" WIDTH="15" VPOS="492" HPOS="224"/>
                  <String HEIGHT="40"
                          WIDTH="133"
                          VPOS="492"
                          HPOS="180"
                          CONTENT="legis"/>
                  <SP HEIGHT="40" WIDTH="15" VPOS="492" HPOS="313"/>
                  <String HEIGHT="40"
                          WIDTH="163"
                          VPOS="492"
                          HPOS="269"
                          CONTENT="partem,"/>
                  <SP HEIGHT="40" WIDTH="15" VPOS="492" HPOS="432"/>
                  <String HEIGHT="40" WIDTH="89" VPOS="492" HPOS="387" CONTENT="ut"/>
                  <SP HEIGHT="40" WIDTH="15" VPOS="492" HPOS="476"/>
                  <String HEIGHT="40"
                          WIDTH="133"
                          VPOS="492"
                          HPOS="432"
                          CONTENT="uocat"/>
                  <SP HEIGHT="40" WIDTH="15" VPOS="492" HPOS="565"/>
                  <String HEIGHT="40"
                          WIDTH="178"
                          VPOS="492"
                          HPOS="520"
                          CONTENT="Christus"/>
                  <SP HEIGHT="40" WIDTH="15" VPOS="492" HPOS="698"/>
                  <String HEIGHT="40" WIDTH="59" VPOS="492" HPOS="639" CONTENT="in"/>
               </TextLine>
               <TextLine ID="r1l11"
                         BASELINE="577"
                         HEIGHT="48"
                         WIDTH="612"
                         VPOS="529"
                         HPOS="84">
                  <String HEIGHT="48"
                          WIDTH="209"
                          VPOS="529"
                          HPOS="69"
                          CONTENT="Euangelio."/>
                  <SP HEIGHT="48" WIDTH="15" VPOS="529" HPOS="278"/>
                  <String HEIGHT="48"
                          WIDTH="119"
                          VPOS="529"
                          HPOS="233"
                          CONTENT="Item"/>
                  <SP HEIGHT="48" WIDTH="15" VPOS="529" HPOS="353"/>
                  <String HEIGHT="48" WIDTH="104" VPOS="529" HPOS="308" CONTENT="cum"/>
                  <SP HEIGHT="48" WIDTH="15" VPOS="529" HPOS="412"/>
                  <String HEIGHT="48"
                          WIDTH="179"
                          VPOS="529"
                          HPOS="368"
                          CONTENT="propheta"/>
                  <SP HEIGHT="48" WIDTH="15" VPOS="529" HPOS="547"/>
                  <String HEIGHT="48"
                          WIDTH="134"
                          VPOS="529"
                          HPOS="502"
                          CONTENT="nouum"/>
                  <SP HEIGHT="48" WIDTH="15" VPOS="529" HPOS="636"/>
                  <String HEIGHT="48"
                          WIDTH="119"
                          VPOS="529"
                          HPOS="577"
                          CONTENT="pactum"/>
               </TextLine>
               <TextLine ID="r1l12"
                         BASELINE="616"
                         HEIGHT="39"
                         WIDTH="609"
                         VPOS="577"
                         HPOS="84">
                  <String HEIGHT="39"
                          WIDTH="162"
                          VPOS="577"
                          HPOS="70"
                          CONTENT="appellat"/>
                  <SP HEIGHT="39" WIDTH="14" VPOS="577" HPOS="233"/>
                  <String HEIGHT="39"
                          WIDTH="203"
                          VPOS="577"
                          HPOS="192"
                          CONTENT="Euangelium,"/>
                  <SP HEIGHT="39" WIDTH="14" VPOS="577" HPOS="395"/>
                  <String HEIGHT="39"
                          WIDTH="176"
                          VPOS="577"
                          HPOS="355"
                          CONTENT="antiquari"/>
                  <SP HEIGHT="39" WIDTH="14" VPOS="577" HPOS="531"/>
                  <String HEIGHT="39"
                          WIDTH="135"
                          VPOS="577"
                          HPOS="490"
                          CONTENT="sentit"/>
                  <SP HEIGHT="39" WIDTH="14" VPOS="577" HPOS="625"/>
                  <String HEIGHT="39"
                          WIDTH="135"
                          VPOS="577"
                          HPOS="585"
                          CONTENT="uetus,"/>
                  <SP HEIGHT="39" WIDTH="14" VPOS="577" HPOS="720"/>
                  <String HEIGHT="39" WIDTH="27" VPOS="577" HPOS="666" CONTENT=""/>
               </TextLine>
               <TextLine ID="r1l13"
                         BASELINE="664"
                         HEIGHT="46"
                         WIDTH="605"
                         VPOS="618"
                         HPOS="85">
                  <String HEIGHT="46" WIDTH="89" VPOS="618" HPOS="70" CONTENT="ut"/>
                  <SP HEIGHT="46" WIDTH="15" VPOS="618" HPOS="159"/>
                  <String HEIGHT="46"
                          WIDTH="148"
                          VPOS="618"
                          HPOS="115"
                          CONTENT="auctor"/>
                  <SP HEIGHT="46" WIDTH="15" VPOS="618" HPOS="262"/>
                  <String HEIGHT="46"
                          WIDTH="192"
                          VPOS="618"
                          HPOS="218"
                          CONTENT="Epistolae"/>
                  <SP HEIGHT="46" WIDTH="15" VPOS="618" HPOS="410"/>
                  <String HEIGHT="46" WIDTH="89" VPOS="618" HPOS="365" CONTENT="ad"/>
                  <SP HEIGHT="46" WIDTH="15" VPOS="618" HPOS="454"/>
                  <String HEIGHT="46"
                          WIDTH="162"
                          VPOS="618"
                          HPOS="410"
                          CONTENT="Hebreos"/>
                  <SP HEIGHT="46" WIDTH="15" VPOS="618" HPOS="572"/>
                  <String HEIGHT="46"
                          WIDTH="177"
                          VPOS="618"
                          HPOS="513"
                          CONTENT="argumenta"
                          SUBS_TYPE="HypPart1"
                          SUBS_CONTENT="argumentatur,"/>
                  <HYP CONTENT="-"/>
               </TextLine>
               <TextLine ID="r1l14"
                         BASELINE="708"
                         HEIGHT="49"
                         WIDTH="610"
                         VPOS="659"
                         HPOS="85">
                  <String HEIGHT="49"
                          WIDTH="116"
                          VPOS="659"
                          HPOS="70"
                          CONTENT="tur,"
                          SUBS_TYPE="HypPart2"
                          SUBS_CONTENT="argumentatur,"/>
                  <SP HEIGHT="49" WIDTH="15" VPOS="659" HPOS="187"/>
                  <String HEIGHT="49"
                          WIDTH="160"
                          VPOS="659"
                          HPOS="143"
                          CONTENT="dicens,"/>
                  <SP HEIGHT="49" WIDTH="15" VPOS="659" HPOS="303"/>
                  <String HEIGHT="49"
                          WIDTH="131"
                          VPOS="659"
                          HPOS="259"
                          CONTENT="nouum"/>
                  <SP HEIGHT="49" WIDTH="15" VPOS="659" HPOS="390"/>
                  <String HEIGHT="49"
                          WIDTH="189"
                          VPOS="659"
                          HPOS="346"
                          CONTENT="ueterauit"/>
                  <SP HEIGHT="49" WIDTH="15" VPOS="659" HPOS="535"/>
                  <String HEIGHT="49"
                          WIDTH="145"
                          VPOS="659"
                          HPOS="492"
                          CONTENT="prius."/>
                  <SP HEIGHT="49" WIDTH="15" VPOS="659" HPOS="637"/>
                  <String HEIGHT="49" WIDTH="87" VPOS="659" HPOS="593" CONTENT="Ad"/>
                  <SP HEIGHT="49" WIDTH="15" VPOS="659" HPOS="680"/>
                  <String HEIGHT="49"
                          WIDTH="73"
                          VPOS="659"
                          HPOS="622"
                          CONTENT="He"
                          SUBS_TYPE="HypPart1"
                          SUBS_CONTENT="Hebre."/>
                  <HYP CONTENT="-"/>
               </TextLine>
               <TextLine ID="r1l15"
                         BASELINE="750"
                         HEIGHT="53"
                         WIDTH="608"
                         VPOS="697"
                         HPOS="90">
                  <String HEIGHT="53"
                          WIDTH="111"
                          VPOS="697"
                          HPOS="76"
                          CONTENT="bre."
                          SUBS_TYPE="HypPart2"
                          SUBS_CONTENT="Hebre."/>
                  <SP HEIGHT="53" WIDTH="14" VPOS="697" HPOS="187"/>
                  <String HEIGHT="53"
                          WIDTH="124"
                          VPOS="697"
                          HPOS="145"
                          CONTENT="viii."/>
                  <SP HEIGHT="53" WIDTH="14" VPOS="697" HPOS="270"/>
                  <String HEIGHT="53" WIDTH="69" VPOS="697" HPOS="228" CONTENT="&amp;"/>
                  <SP HEIGHT="53" WIDTH="14" VPOS="697" HPOS="297"/>
                  <String HEIGHT="53" WIDTH="83" VPOS="697" HPOS="256" CONTENT="ad"/>
                  <SP HEIGHT="53" WIDTH="14" VPOS="697" HPOS="339"/>
                  <String HEIGHT="53"
                          WIDTH="152"
                          VPOS="697"
                          HPOS="297"
                          CONTENT="Timoth."/>
                  <SP HEIGHT="53" WIDTH="14" VPOS="697" HPOS="449"/>
                  <String HEIGHT="53" WIDTH="83" VPOS="697" HPOS="408" CONTENT="i."/>
                  <SP HEIGHT="53" WIDTH="14" VPOS="697" HPOS="491"/>
                  <String HEIGHT="53"
                          WIDTH="124"
                          VPOS="697"
                          HPOS="449"
                          CONTENT="Iusto"/>
                  <SP HEIGHT="53" WIDTH="14" VPOS="697" HPOS="574"/>
                  <String HEIGHT="53" WIDTH="97" VPOS="697" HPOS="532" CONTENT="non"/>
                  <SP HEIGHT="53" WIDTH="14" VPOS="697" HPOS="629"/>
                  <String HEIGHT="53" WIDTH="97" VPOS="697" HPOS="587" CONTENT="est"/>
                  <SP HEIGHT="53" WIDTH="14" VPOS="697" HPOS="684"/>
                  <String HEIGHT="53" WIDTH="69" VPOS="697" HPOS="629" CONTENT="lex"/>
               </TextLine>
               <TextLine ID="r1l16"
                         BASELINE="789"
                         HEIGHT="52"
                         WIDTH="600"
                         VPOS="737"
                         HPOS="90">
                  <String HEIGHT="52"
                          WIDTH="165"
                          VPOS="737"
                          HPOS="75"
                          CONTENT="posita."/>
                  <SP HEIGHT="52" WIDTH="15" VPOS="737" HPOS="240"/>
                  <String HEIGHT="52" WIDTH="105" VPOS="737" HPOS="195" CONTENT="Hoc"/>
                  <SP HEIGHT="52" WIDTH="15" VPOS="737" HPOS="300"/>
                  <String HEIGHT="52"
                          WIDTH="135"
                          VPOS="737"
                          HPOS="255"
                          CONTENT="genus"/>
                  <SP HEIGHT="52" WIDTH="15" VPOS="737" HPOS="390"/>
                  <String HEIGHT="52"
                          WIDTH="135"
                          VPOS="737"
                          HPOS="345"
                          CONTENT="multa"/>
                  <SP HEIGHT="52" WIDTH="15" VPOS="737" HPOS="480"/>
                  <String HEIGHT="52"
                          WIDTH="135"
                          VPOS="737"
                          HPOS="435"
                          CONTENT="sunt,"/>
                  <SP HEIGHT="52" WIDTH="15" VPOS="737" HPOS="570"/>
                  <String HEIGHT="52" WIDTH="75" VPOS="737" HPOS="525" CONTENT="&amp;"/>
                  <SP HEIGHT="52" WIDTH="15" VPOS="737" HPOS="600"/>
                  <String HEIGHT="52" WIDTH="90" VPOS="737" HPOS="555" CONTENT="in"/>
                  <SP HEIGHT="52" WIDTH="15" VPOS="737" HPOS="645"/>
                  <String HEIGHT="52"
                          WIDTH="105"
                          VPOS="737"
                          HPOS="585"
                          CONTENT="Roma"
                          SUBS_TYPE="HypPart1"
                          SUBS_CONTENT="Romanis"/>
                  <HYP CONTENT="-"/>
               </TextLine>
               <TextLine ID="r1l17"
                         BASELINE="831"
                         HEIGHT="59"
                         WIDTH="616"
                         VPOS="772"
                         HPOS="85">
                  <String HEIGHT="59"
                          WIDTH="96"
                          VPOS="772"
                          HPOS="71"
                          CONTENT="nis"
                          SUBS_TYPE="HypPart2"
                          SUBS_CONTENT="Romanis"/>
                  <SP HEIGHT="59" WIDTH="14" VPOS="772" HPOS="167"/>
                  <String HEIGHT="59" WIDTH="68" VPOS="772" HPOS="126" CONTENT="&amp;"/>
                  <SP HEIGHT="59" WIDTH="14" VPOS="772" HPOS="195"/>
                  <String HEIGHT="59" WIDTH="82" VPOS="772" HPOS="153" CONTENT="in"/>
                  <SP HEIGHT="59" WIDTH="14" VPOS="772" HPOS="236"/>
                  <String HEIGHT="59"
                          WIDTH="164"
                          VPOS="772"
                          HPOS="195"
                          CONTENT="Calatis,"/>
                  <SP HEIGHT="59" WIDTH="14" VPOS="772" HPOS="359"/>
                  <String HEIGHT="59"
                          WIDTH="192"
                          VPOS="772"
                          HPOS="318"
                          CONTENT="libertatis"/>
                  <SP HEIGHT="59" WIDTH="14" VPOS="772" HPOS="509"/>
                  <String HEIGHT="59"
                          WIDTH="205"
                          VPOS="772"
                          HPOS="468"
                          CONTENT="testimonia."/>
                  <SP HEIGHT="59" WIDTH="14" VPOS="772" HPOS="674"/>
                  <String HEIGHT="59" WIDTH="82" VPOS="772" HPOS="619" CONTENT="Quis"/>
               </TextLine>
               <TextLine ID="r1l18"
                         BASELINE="863"
                         HEIGHT="43"
                         WIDTH="607"
                         VPOS="820"
                         HPOS="83">
                  <String HEIGHT="43" WIDTH="110" VPOS="820" HPOS="69" CONTENT="erum"/>
                  <SP HEIGHT="43" WIDTH="14" VPOS="820" HPOS="180"/>
                  <String HEIGHT="43"
                          WIDTH="152"
                          VPOS="820"
                          HPOS="138"
                          CONTENT="ignorat"/>
                  <SP HEIGHT="43" WIDTH="14" VPOS="820" HPOS="290"/>
                  <String HEIGHT="43"
                          WIDTH="166"
                          VPOS="820"
                          HPOS="249"
                          CONTENT="uulgatam"/>
                  <SP HEIGHT="43" WIDTH="14" VPOS="820" HPOS="414"/>
                  <String HEIGHT="43" WIDTH="83" VPOS="820" HPOS="373" CONTENT="ex"/>
                  <SP HEIGHT="43" WIDTH="14" VPOS="820" HPOS="455"/>
                  <String HEIGHT="43"
                          WIDTH="152"
                          VPOS="820"
                          HPOS="414"
                          CONTENT="Calatis"/>
                  <SP HEIGHT="43" WIDTH="14" VPOS="820" HPOS="566"/>
                  <String HEIGHT="43"
                          WIDTH="179"
                          VPOS="820"
                          HPOS="511"
                          CONTENT="sententians"/>
               </TextLine>
               <TextLine ID="r1l19"
                         BASELINE="916"
                         HEIGHT="55"
                         WIDTH="610"
                         VPOS="861"
                         HPOS="85">
                  <String HEIGHT="55"
                          WIDTH="139"
                          VPOS="861"
                          HPOS="71"
                          CONTENT="Eiberi"/>
                  <SP HEIGHT="55" WIDTH="14" VPOS="861" HPOS="210"/>
                  <String HEIGHT="55"
                          WIDTH="139"
                          VPOS="861"
                          HPOS="168"
                          CONTENT="estis,"/>
                  <SP HEIGHT="55" WIDTH="14" VPOS="861" HPOS="307"/>
                  <String HEIGHT="55"
                          WIDTH="194"
                          VPOS="861"
                          HPOS="265"
                          CONTENT="ueruntamen"/>
                  <SP HEIGHT="55" WIDTH="14" VPOS="861" HPOS="459"/>
                  <String HEIGHT="55" WIDTH="83" VPOS="861" HPOS="418" CONTENT="ne"/>
                  <SP HEIGHT="55" WIDTH="14" VPOS="861" HPOS="501"/>
                  <String HEIGHT="55"
                          WIDTH="125"
                          VPOS="861"
                          HPOS="459"
                          CONTENT="detis"/>
                  <SP HEIGHT="55" WIDTH="14" VPOS="861" HPOS="584"/>
                  <String HEIGHT="55"
                          WIDTH="166"
                          VPOS="861"
                          HPOS="529"
                          CONTENT="libertatem"/>
               </TextLine>
               <TextLine ID="r1l20"
                         BASELINE="945"
                         HEIGHT="46"
                         WIDTH="603"
                         VPOS="899"
                         HPOS="86">
                  <String HEIGHT="46"
                          WIDTH="211"
                          VPOS="899"
                          HPOS="71"
                          CONTENT="occasionem"/>
                  <SP HEIGHT="46" WIDTH="15" VPOS="899" HPOS="282"/>
                  <String HEIGHT="46"
                          WIDTH="136"
                          VPOS="899"
                          HPOS="237"
                          CONTENT="cami."/>
                  <SP HEIGHT="46" WIDTH="15" VPOS="899" HPOS="372"/>
                  <String HEIGHT="46"
                          WIDTH="121"
                          VPOS="899"
                          HPOS="327"
                          CONTENT="Immo"/>
                  <SP HEIGHT="46" WIDTH="15" VPOS="899" HPOS="448"/>
                  <String HEIGHT="46" WIDTH="75" VPOS="899" HPOS="403" CONTENT="&amp;"/>
                  <SP HEIGHT="46" WIDTH="15" VPOS="899" HPOS="478"/>
                  <String HEIGHT="46"
                          WIDTH="196"
                          VPOS="899"
                          HPOS="433"
                          CONTENT="uilissima"/>
                  <SP HEIGHT="46" WIDTH="15" VPOS="899" HPOS="629"/>
                  <String HEIGHT="46"
                          WIDTH="121"
                          VPOS="899"
                          HPOS="568"
                          CONTENT="fuerit"/>
               </TextLine>
               <TextLine ID="r1l21"
                         BASELINE="992"
                         HEIGHT="48"
                         WIDTH="600"
                         VPOS="944"
                         HPOS="90">
                  <String HEIGHT="48"
                          WIDTH="160"
                          VPOS="944"
                          HPOS="77"
                          CONTENT="libertas"/>
                  <SP HEIGHT="48" WIDTH="13" VPOS="944" HPOS="237"/>
                  <String HEIGHT="48"
                          WIDTH="200"
                          VPOS="944"
                          HPOS="197"
                          CONTENT="Christiana,"/>
                  <SP HEIGHT="48" WIDTH="13" VPOS="944" HPOS="397"/>
                  <String HEIGHT="48" WIDTH="67" VPOS="944" HPOS="357" CONTENT="&amp;"/>
                  <SP HEIGHT="48" WIDTH="13" VPOS="944" HPOS="423"/>
                  <String HEIGHT="48"
                          WIDTH="107"
                          VPOS="944"
                          HPOS="383"
                          CONTENT="plus"/>
                  <SP HEIGHT="48" WIDTH="13" VPOS="944" HPOS="490"/>
                  <String HEIGHT="48"
                          WIDTH="107"
                          VPOS="944"
                          HPOS="450"
                          CONTENT="quam"/>
                  <SP HEIGHT="48" WIDTH="13" VPOS="944" HPOS="557"/>
                  <String HEIGHT="48"
                          WIDTH="173"
                          VPOS="944"
                          HPOS="517"
                          CONTENT="seruitus,"/>
                  <SP HEIGHT="48" WIDTH="13" VPOS="944" HPOS="690"/>
                  <String HEIGHT="48" WIDTH="53" VPOS="944" HPOS="637" CONTENT="si"/>
               </TextLine>
               <TextLine ID="r1l22"
                         BASELINE="1035"
                         HEIGHT="52"
                         WIDTH="612"
                         VPOS="983"
                         HPOS="85">
                  <String HEIGHT="52"
                          WIDTH="125"
                          VPOS="983"
                          HPOS="71"
                          CONTENT="solas"/>
                  <SP HEIGHT="52" WIDTH="14" VPOS="983" HPOS="196"/>
                  <String HEIGHT="52"
                          WIDTH="195"
                          VPOS="983"
                          HPOS="155"
                          CONTENT="cerimonias"/>
                  <SP HEIGHT="52" WIDTH="14" VPOS="983" HPOS="349"/>
                  <String HEIGHT="52"
                          WIDTH="153"
                          VPOS="983"
                          HPOS="308"
                          CONTENT="tollat,"/>
                  <SP HEIGHT="52" WIDTH="14" VPOS="983" HPOS="461"/>
                  <String HEIGHT="52"
                          WIDTH="139"
                          VPOS="983"
                          HPOS="419"
                          CONTENT="partem"/>
                  <SP HEIGHT="52" WIDTH="14" VPOS="983" HPOS="558"/>
                  <String HEIGHT="52"
                          WIDTH="125"
                          VPOS="983"
                          HPOS="516"
                          CONTENT="legis"/>
                  <SP HEIGHT="52" WIDTH="14" VPOS="983" HPOS="641"/>
                  <String HEIGHT="52"
                          WIDTH="111"
                          VPOS="983"
                          HPOS="586"
                          CONTENT="omnium"/>
               </TextLine>
               <TextLine ID="r1l23"
                         BASELINE="1080"
                         HEIGHT="51"
                         WIDTH="603"
                         VPOS="1029"
                         HPOS="88">
                  <String HEIGHT="51"
                          WIDTH="190"
                          VPOS="1029"
                          HPOS="72"
                          CONTENT="facilime"/>
                  <SP HEIGHT="51" WIDTH="16" VPOS="1029" HPOS="263"/>
                  <String HEIGHT="51"
                          WIDTH="206"
                          VPOS="1029"
                          HPOS="215"
                          CONTENT="ferendam."/>
                  <SP HEIGHT="51" WIDTH="16" VPOS="1029" HPOS="421"/>
                  <String HEIGHT="51"
                          WIDTH="127"
                          VPOS="1029"
                          HPOS="374"
                          CONTENT="Quis"/>
                  <SP HEIGHT="51" WIDTH="16" VPOS="1029" HPOS="501"/>
                  <String HEIGHT="51"
                          WIDTH="127"
                          VPOS="1029"
                          HPOS="453"
                          CONTENT="enim"/>
                  <SP HEIGHT="51" WIDTH="16" VPOS="1029" HPOS="580"/>
                  <String HEIGHT="51"
                          WIDTH="111"
                          VPOS="1029"
                          HPOS="532"
                          CONTENT="non"/>
                  <SP HEIGHT="51" WIDTH="16" VPOS="1029" HPOS="643"/>
                  <String HEIGHT="51"
                          WIDTH="111"
                          VPOS="1029"
                          HPOS="580"
                          CONTENT="pecus"/>
               </TextLine>
               <TextLine ID="r1l24"
                         BASELINE="1126"
                         HEIGHT="63"
                         WIDTH="610"
                         VPOS="1063"
                         HPOS="91">
                  <String HEIGHT="63"
                          WIDTH="164"
                          VPOS="1063"
                          HPOS="76"
                          CONTENT="mactet,"/>
                  <SP HEIGHT="63" WIDTH="15" VPOS="1063" HPOS="240"/>
                  <String HEIGHT="63"
                          WIDTH="149"
                          VPOS="1063"
                          HPOS="195"
                          CONTENT="minore"/>
                  <SP HEIGHT="63" WIDTH="15" VPOS="1063" HPOS="344"/>
                  <String HEIGHT="63"
                          WIDTH="179"
                          VPOS="1063"
                          HPOS="299"
                          CONTENT="negotio,"/>
                  <SP HEIGHT="63" WIDTH="15" VPOS="1063" HPOS="478"/>
                  <String HEIGHT="63"
                          WIDTH="119"
                          VPOS="1063"
                          HPOS="433"
                          CONTENT="quam"/>
                  <SP HEIGHT="63" WIDTH="15" VPOS="1063" HPOS="552"/>
                  <String HEIGHT="63"
                          WIDTH="134"
                          VPOS="1063"
                          HPOS="508"
                          CONTENT="irae,"/>
                  <SP HEIGHT="63" WIDTH="15" VPOS="1063" HPOS="641"/>
                  <String HEIGHT="63"
                          WIDTH="119"
                          VPOS="1063"
                          HPOS="582"
                          CONTENT="amori,"/>
               </TextLine>
            </TextBlock>
         </PrintSpace>
      </Page>
   </Layout>
</alto>
