1000 1385
316 141 88 62 In
360 141 279 62 liberalioribus,
595 141 132 62 iuxta
684 141 162 62 hominum
786 141 162 62 iudicium,

324 187 131 53 famae
412 187 88 53 ac
456 187 190 53 popularis
602 187 161 53 gratiae
704 187 146 53 studium.

317 233 68 37 â‹
345 233 136 37 Deinde
440 233 122 37 fieri
521 233 163 37 fortasse
643 233 149 37 potest,
752 233 81 37 ut
792 233 149 37 prorsus
887 233 68 37 con

327 273 101 49 tra
384 273 129 49 omnes
470 273 173 49 adfectus
600 273 187 49 deligatur
744 273 173 49 aliquid.
859 273 86 49 Quod

328 318 85 50 cum
376 318 85 50 fit
425 318 85 50 per
473 318 194 50 simulationem
631 318 97 50 fit,
691 318 73 50 ut
728 318 85 50 cum
776 318 145 50 quispiam
873 318 73 50 eum,

317 362 133 43 quem
401 362 100 43 ex
451 362 150 43 animo
550 362 150 43 odit,
650 362 117 43 cui
717 362 100 43 ex
767 362 150 43 animo
850 362 100 43 male

327 392 124 55 uult,
410 392 165 55 benigne,
533 392 165 55 comiter,
657 392 137 55 blande
753 392 165 55 tractat,
863 392 82 55 nul-

322 440 71 47 la
358 440 143 47 fortasse
465 440 107 47 certa
536 440 119 47 causa.
619 440 71 47 Is
655 440 107 47 etiam
726 440 71 47 si
762 440 83 47 non
809 440 131 47 sentiat
893 440 59 47 ali

325 484 99 47 quo
382 484 113 47 alio
452 484 85 47 se
495 484 156 47 adfectu
609 484 142 47 uinci,
708 484 113 47 sunt
779 484 99 47 eni
821 484 128 47 ingenia

321 519 151 58 quaedam
431 519 110 58 adeo
500 519 151 58 blanda,
610 519 83 58 ut
651 519 124 58 etiam
734 519 110 58 eos,
803 519 110 58 quos
858 519 83 58 ode-

322 559 118 60 tunt,
400 559 157 60 palpent.
518 559 92 60 Is,
571 559 144 60 inquam,
675 559 144 60 simulat
780 559 170 60 comitatem
898 559 52 60 in

330 610 158 50 externo
445 610 144 50 opere,
546 610 86 50 in
589 610 101 50 quo
647 610 173 50 secundum
776 610 158 50 naturam
877 610 72 50 ui-

333 650 112 52 detur
407 650 99 52 esse
469 650 136 52 quaedam
568 650 161 52 libertas.
692 650 112 52 Atque
767 650 99 52 haec
829 650 87 52 est
879 650 99 52 illa

328 688 162 52 uoluntas
450 688 108 52 quam
518 688 122 52 nobis
599 688 135 52 stulti
694 688 203 52 scholastici
843 688 108 52 finxe-

339 727 115 45 unt,
410 727 172 45 Scilicet
539 727 100 45 uim
597 727 143 45 talem,
697 727 115 45 quae
769 727 172 45 utcunque
883 727 72 45 sis

330 767 195 54 adfectus,
480 767 150 54 possit
585 767 135 54 tamen
675 767 180 54 adfectum
795 767 150 54 moderari

331 806 230 61 temperareque.
521 806 81 61 ut
562 806 108 61 quom
629 806 176 61 fictitias
765 806 108 61 suas
819 806 135 61 poenitem

335 855 109 48 tias
404 855 150 48 docent.
513 855 82 48 Vt
554 855 82 48 ut
594 855 95 48 sis
649 855 177 48 adfectus,
785 855 150 48 censent
881 855 68 48 uo-

327 892 140 50 luntati
429 892 89 50 uim
480 892 102 50 esse
543 892 178 50 eliciendi,
683 892 89 50 sic
734 892 102 50 ipsi
798 892 178 50 loquuntur,

328 932 127 52 actus
413 932 141 52 bonos.
512 932 85 52 Si
554 932 113 52 quem
625 932 113 52 odio
695 932 156 52 habeas,
809 932 127 52 posse
879 932 71 52 uo-

327 977 154 49 luntatem
443 977 167 49 statuere,
571 977 90 49 que
623 977 103 49 hunc
687 977 116 49 porro
764 977 116 49 nolit
841 977 141 49 odisse.

326 1018 123 57 Sic,
402 1018 123 57 quom
479 1018 154 57 natura
587 1018 138 57 simus
679 1018 154 57 impii,
786 1018 154 57 deique
878 1018 77 57 non

324 1070 128 48 dico
404 1070 112 48 non
468 1070 193 48 amantes,
613 1070 112 48 sed
677 1070 177 48 prorsus
789 1070 161 48 contemp-

336 1114 124 59 tores,
423 1114 124 59 docent
510 1114 112 59 isti,
585 1114 112 59 posse
659 1114 174 59 uoluntatem
796 1114 149 59 elicere,
896 1114 62 59 qui
