1000 1385
90 119 104 59 gem
150 119 208 59 faciendam,
313 119 74 59 &
343 119 163 59 spiritu
461 119 178 59 faciunt,
595 119 149 59 amant,

91 175 148 41 timent
195 175 133 41 deum,
284 175 163 41 proximi
402 175 266 41 necessitatibus
624 175 89 41 se
654 175 59 41 ad

90 209 193 54 comodant,
238 209 133 54 atque
327 209 89 54 ea
372 209 119 54 ipsa
446 209 178 54 cupiunt,
580 209 119 54 quae
639 209 74 54 lex

89 251 225 51 praecipiebat,
274 251 159 51 facturi,
393 251 145 51 etiamsi
499 251 119 51 nulla
578 251 119 51 esset
644 251 66 51 lex

87 296 134 50 lata.
176 296 104 50 Nec
236 296 134 50 aliud
325 296 104 50 est
384 296 134 50 eorum
473 296 193 50 uoluntas,
607 296 104 50 nempe

95 335 165 53 spiritus,
222 335 102 53 quam
286 335 102 53 uiua
337 335 76 53 lex.

125 373 91 49 Ad
170 373 106 49 eum
231 373 136 49 modum
322 373 166 49 fuerunt
443 373 151 49 liberi
549 373 136 49 etiam
624 373 76 49 pa-

83 417 123 44 tres
160 417 123 44 ante
236 417 169 44 Christi
359 417 261 44 incamationem,
559 417 154 44 quotquot

79 466 176 39 spiritum
212 466 162 39 Christi
329 466 176 39 habuere.
461 466 88 39 ld
505 466 118 39 quod
579 466 132 39 uidit
652 466 59 39 Pe

89 501 108 49 trus
157 501 81 49 in
198 501 122 49 Actis
279 501 108 49 cap.
347 501 95 49 xv.
401 501 95 49 cum
455 501 122 49 negat
536 501 95 49 eos
577 501 135 49 potuisse

80 545 124 55 legem
163 545 152 55 facere.
273 545 124 55 Neque
356 545 110 55 nos,
425 545 179 55 inquiens,
563 545 124 55 neque
632 545 69 55 pa-

87 591 107 44 tres
154 591 134 44 nostri
247 591 147 44 portare
355 591 174 44 potuimus.
489 591 94 44 Sed
542 591 107 44 fide
596 591 107 44 iusti-

86 634 135 49 ficati
181 634 122 49 sunt.
262 634 81 49 ld
303 634 108 49 est,
370 634 95 49 cum
424 634 95 49 non
478 634 149 49 possent
573 634 135 49 prestare

91 672 118 40 legm
165 672 162 40 patres,
283 672 207 40 agnouerunt
445 672 89 40 se
490 672 148 40 quoque
578 672 133 40 liberos

92 712 112 41 esse
162 712 98 41 per
218 712 182 41 Christum,
358 712 154 41 suntque
470 712 112 41 fide
540 712 84 41 in
568 712 140 41 Christum

87 748 208 51 iustificati,
256 748 91 51 non
308 748 143 51 operum,
411 748 91 51 non
463 748 195 51 iusticiatum
606 748 104 51 suarum

82 789 157 51 meritis.
200 789 91 51 Non
252 789 105 51 enim
317 789 78 51 eo
356 789 105 51 loco
422 789 65 51 i
448 789 118 51 Actis
526 789 78 51 de
552 789 157 51 cerimoniis

85 835 124 49 tantum
171 835 112 49 Petrs
246 835 136 49 loqtur,
345 835 87 49 sed
395 835 74 49 de
432 835 99 49 tota
494 835 112 49 lege.
569 835 87 49 Nam
618 835 87 49 lex
655 835 50 49 ce

92 877 204 44 remoniarum,
256 877 82 44 ni
296 877 150 44 paestes
405 877 68 44 &
432 877 190 44 decalogum,
568 877 136 44 prestari

85 916 163 44 neutiquam
211 916 138 44 potest.
312 916 88 44 Non
362 916 101 44 enim
425 916 113 44 fiunt
500 916 176 44 ceremoniae
626 916 88 44 coram

88 953 101 60 deo,
152 953 101 60 nisi
215 953 126 60 fideli
303 953 164 60 spontaneo
430 953 114 60 corde
506 953 126 60 fiant.
594 953 76 60 Et
619 953 89 60 Petra

84 1005 98 42 non
140 1005 98 42 hoc
196 1005 153 42 agebat,
307 1005 98 42 non
363 1005 125 42 posse
446 1005 153 42 externa
558 1005 125 42 opera
627 1005 84 42 cere

83 1043 136 40 moniag
179 1043 136 40 fieri.
274 1043 109 40 Quid
342 1043 109 40 enim
410 1043 150 40 facilis
519 1043 82 40 e,
560 1043 109 40 quam
615 1043 95 40 paucu

81 1080 100 54 lis
138 1080 114 54 adeo
209 1080 200 54 ceremoniis
367 1080 172 54 defungi.
495 1080 100 54 Nam
553 1080 86 54 si
581 1080 129 54 numeres
