1000 1385
305 110 154 50 quanto
412 110 123 50 plus
489 110 154 50 rituum
597 110 246 50 papisticorum
797 110 138 50 hodie
874 110 62 50 in

306 149 169 63 Ecclesia
433 149 113 63 est,
503 149 98 63 qua
559 149 84 63 in
601 149 113 63 Mose
672 149 155 63 uideas.
784 149 84 63 Et
812 149 113 63 Mosai-

302 188 103 55 cas
361 188 207 55 ceremonias
524 188 89 55 in
568 188 192 55 uniuersum
716 188 177 55 pauculis
834 188 89 55 uer-

301 225 133 61 sibus
390 225 192 61 complecti
537 225 148 61 queas,
641 225 103 61 cum
700 225 207 61 papisticis
847 225 74 61 tam

295 283 150 51 magna
396 283 234 51 decretorum
579 283 84 51 &
613 283 251 51 decretalium
796 283 134 51 uolumi

305 323 84 52 na
347 323 98 52 non
403 323 126 52 satis
487 323 126 52 sint.
571 323 70 52 .
599 323 112 52 Quam
668 323 196 52 dissimiles
808 323 112 52 Romani

295 363 198 62 pontifices
450 363 127 62 Petri
535 363 127 62 sunt,
620 363 99 62 quo
677 363 212 62 praecessore
832 363 85 62 glo-

291 403 157 61 riantur.
409 403 105 61 Ille
474 403 105 61 iure
539 403 131 61 diuino
631 403 170 61 traditas,
761 403 131 61 easque
840 403 78 61 pau-

292 449 125 53 culas
376 449 195 53 ceremonias
529 449 195 53 abrogauit.
682 449 84 53 hi
724 449 125 53 nullo
808 449 98 53 non
849 449 70 53 se-

293 482 124 56 culo
371 482 140 56 nouas
464 482 78 56 &
495 482 171 56 stultas
619 482 186 56 commenti
759 482 140 56 sunt.
836 482 78 56 Non

291 525 148 60 igitur
395 525 89 60 de
439 525 208 60 ceremoniis
603 525 148 60 tantum
706 525 148 60 uideri
795 525 119 60 potest

284 555 79 65 in
323 555 118 65 Actis
402 555 131 65 egisse
493 555 144 65 Petrus,
598 555 92 65 sed
651 555 79 65 de
690 555 105 65 tota
742 555 92 65 lege.

322 608 87 61 In
365 608 159 61 Romanis
481 608 87 61 de
524 608 101 61 hac
582 608 188 61 libertate
727 608 145 61 latius
814 608 101 61 dispu

288 654 93 51 tat
341 654 172 51 Apostolus
473 654 106 51 cap.
539 654 93 51 vi.
592 654 106 51 vii.
658 654 79 51 &.
698 654 119 51 viii.
778 654 132 51 docens
857 654 53 51 no

284 692 114 53 uum
349 692 163 53 tantum
463 692 180 53 hominem
594 692 180 53 liberum
724 692 147 53 esse.
806 692 98 53 Pro-

286 726 131 67 inde,
373 726 174 67 quatenus
503 726 160 67 spiritu
619 726 145 67 nouati
721 726 145 67 sumus,
808 726 102 67 eate-

286 768 100 61 nus
343 768 143 61 liberi
443 768 143 61 sumus,
542 768 171 61 quatenus
671 768 114 61 caro
742 768 71 61 &
756 768 143 61 uetustas

284 808 152 70 sumus,
390 808 106 70 sub
451 808 121 70 lege
526 808 152 70 sumus.
632 808 182 70 Quanquam
754 808 152 70 credenti

281 856 107 66 bus,
348 856 107 66 quod
415 856 161 66 reliquum
535 856 94 66 est
589 856 201 66 uetustatis,
750 856 148 66 propter
844 856 67 66 fi-

282 892 112 68 dem
346 892 239 68 condonetur.
537 892 96 68 In
585 892 159 68 summa,
697 892 191 68 quatenus
824 892 80 68 cre

281 934 152 68 dimus,
387 934 152 68 liberi
494 934 152 68 sumus,
600 934 182 68 quatenus
722 934 182 68 diffidimus

269 971 106 79 sub
329 971 121 79 lege
405 971 151 79 sumus.
511 971 91 79 In
557 971 212 79 Antilatomo
723 971 167 79 copiose
829 971 76 79 dis

275 1027 156 59 putauit
388 1027 170 59 Eutherus
515 1027 85 59 de
558 1027 170 59 peccatis
685 1027 198 59 sanctorum,
826 1027 71 59 seu

273 1066 81 77 de
313 1066 175 77 reliquiis
447 1066 188 77 uetustatis
596 1066 81 77 in
636 1066 202 77 regeneratis
797 1066 81 77 ut
824 1066 81 77 mihi
