1000 1385
68 126 79 47 ea
107 126 79 47 de
147 126 79 47 te
187 126 93 47 non
240 126 93 47 sit
293 126 146 47 necesse
399 126 132 47 multis
491 126 132 47 agere.
571 126 119 47 Praeser

71 172 98 45 tim
127 172 98 45 cum
183 172 98 45 tam
240 172 127 45 clare
324 172 127 45 dicat
409 172 141 45 Paulus
507 172 84 45 se
549 172 127 45 adhuc
620 172 70 45 cap

63 212 132 38 tiuum
151 212 117 38 esse
225 212 176 38 peccati.
357 212 117 38 Idem
430 212 103 38 non
489 212 103 38 uno
548 212 117 38 loco
607 212 73 38 Au-

70 248 189 60 gustinus,
216 248 73 60 &
245 248 203 60 Cyprianus.
405 248 102 60 Nam
463 248 218 60 iustificari
622 248 73 60 hic

67 301 183 41 cepimus,
204 301 153 41 nondum
311 301 214 41 absoluimus
479 301 244 41 iustificatio

73 336 124 39 nem.
150 336 108 39 Sic
212 336 155 39 Paulus
320 336 170 39 subinde
444 336 139 39 iubet
522 336 170 39 reformari

70 382 100 44 nos
127 382 171 44 nouitate
255 382 142 44 sensus
354 382 157 44 nostri.
468 382 85 44 Et
511 382 85 44 ad
539 382 157 44 Philippen

66 418 100 43 ses
123 418 100 43 ait
180 418 86 43 se
223 418 143 43 nondum
324 418 201 43 accepisse,
481 418 143 43 nondum
567 418 115 43 perfe-

65 453 117 50 ctum
138 453 132 50 esse,
226 453 102 50 sed
285 453 132 50 sequi
372 453 88 50 ut
416 453 249 50 comprehendat.
606 453 88 50 Ergo

70 499 107 48 cum
131 499 92 48 de
177 499 137 48 legis
268 499 229 48 abrogatione
451 499 229 48 disputatur,
619 499 76 48 hoc

76 540 154 56 potius
183 540 169 56 agendum
306 540 138 56 erat,
399 540 185 56 quatenus
522 540 169 56 decalogum

72 582 199 53 antiquarit
228 582 213 53 Euangelium,
399 582 128 53 quam,
485 582 85 53 ut
513 582 185 53 ceremoniae,

74 622 84 44 ut
116 622 196 44 iudicialia
270 622 154 44 sublata
382 622 126 44 sint.
466 622 98 44 Nam
522 622 84 44 ex
550 622 140 44 decalogi

72 671 236 49 abrogatione,
264 671 163 49 gratiae
383 671 192 49 amplitudo
530 671 103 49 uel
575 671 118 49 proxi-

70 700 86 62 me
113 700 171 62 cognosci
241 700 157 62 potest,
355 700 100 62 cum
412 700 129 62 citra
498 700 129 62 legis
569 700 129 62 exactio

72 746 116 47 nem,
145 746 131 47 nullo
233 746 175 47 respectu
364 746 146 47 operum
466 746 189 47 nostrorum
597 746 87 47 sal-

73 786 111 52 uari
143 786 181 52 credentes
282 786 153 52 arguit.
394 786 111 52 Ergo
463 786 167 52 abrogata
589 786 98 52 lex
630 786 70 52 est

82 829 107 44 non,
148 829 80 44 ut
188 829 80 44 ne
228 829 107 44 fat,
295 829 93 44 sed
348 829 80 44 ut
388 829 80 44 et
428 829 93 44 non
482 829 133 44 facta,
575 829 93 44 non
615 829 80 44 dam-

71 875 109 44 net,
140 875 68 44 &
167 875 123 44 fieri
249 875 150 44 possit.
358 875 82 44 De
399 875 218 44 iudicialibus
576 875 82 44 ac
603 875 96 44 cere-

81 912 156 57 moniis,
194 912 142 57 utinam
294 912 170 57 exactius
421 912 255 57 disseruissent,
634 912 99 57 qui

79 956 185 51 libertatem
224 956 79 51 ad
264 956 79 51 ea
303 956 106 51 sola
369 956 198 51 retulerunt.
527 956 79 51 Et
567 956 79 51 in
607 956 92 51 his
646 956 53 51 ac

75 993 138 58 curate
172 993 208 58 obseruandum
338 993 111 58 est,
407 993 83 58 id
449 993 111 58 quod
518 993 138 58 Paulus
615 993 111 58 ait,

81 1043 253 44 Circumcisionem
292 1043 126 44 nihil
376 1043 126 44 esse.
460 1043 84 44 Et
502 1043 84 44 in
544 1043 169 44 Galatis,
657 1043 56 44 In

81 1081 153 44 Christo
192 1081 111 44 Iesu
262 1081 125 44 neque
345 1081 264 44 circumcisionem,
567 1081 125 44 neque
637 1081 69 44 pre
