1000 1385
274 94 95 62 aut
329 94 122 62 fieri
410 94 95 62 aut
465 94 136 62 omitti
560 94 163 62 possint,
682 94 95 62 que
737 94 95 62 non
778 94 122 62 damnent

281 153 191 47 intermissae,
436 153 83 47 nec
484 153 179 47 iustificent
627 153 72 47 si
663 153 143 47 feceris.
770 153 95 47 Haec
818 153 83 47 satis

276 181 99 61 sit
332 181 198 61 indicasse,
488 181 142 61 quorum
587 181 170 61 rationem
715 181 85 61 ex
743 181 156 61 Calatarum

282 225 193 54 Epistola,
431 225 74 54 &
460 225 89 54 ex
505 225 178 54 Hebraeis
639 225 149 54 petas.
728 225 178 54 Augustinus

282 278 156 43 alicubi
395 278 156 43 caussam
508 278 184 43 abrogatae
650 278 127 43 legis
735 278 198 43 inquirens,

277 312 119 58 nihil
356 312 146 58 praeter
462 312 146 58 figuras
568 312 186 58 caussatur,
714 312 172 58 Scriptura
833 312 80 58 ideo

283 350 119 50 legem
362 350 158 50 abrogat,
481 350 92 50 que
534 350 92 50 non
586 350 198 50 iustificet.
745 350 106 50 Quid
797 350 106 50 igitur

277 400 107 52 erat
344 400 94 52 cur
397 400 161 52 ferretur
518 400 107 52 lexx
585 400 80 52 ut
625 400 187 52 ostenderet
759 400 147 52 peccatum,

280 436 94 51 seu
333 436 80 51 ut
373 436 148 51 peccati
481 436 201 51 coargueret,
642 436 67 51 &
669 436 121 51 palam
749 436 134 51 fieret
830 436 80 51 opus

283 474 116 56 esse
355 474 131 56 nobis
442 474 232 56 misericordia
616 474 87 56 dei.

317 524 86 45 De
360 524 143 45 formis
460 524 172 45 iudiciog
589 524 100 45 sic
646 524 157 45 sentio.
761 524 100 45 Eas
803 524 115 45 quoque

283 568 202 53 antiquatas
441 568 130 53 esse,
527 568 101 53 que
585 568 173 53 externae
700 568 216 53 obseruationes

284 600 121 58 sint,
364 600 94 58 non
418 600 134 58 aliter
512 600 121 58 atque
592 600 188 58 ceremoniae
740 600 134 58 quibus
820 600 94 58 liber

285 645 160 48 spiritus
405 645 93 48 uel
458 645 107 48 uti,
525 645 93 48 uel
578 645 93 48 non
632 645 93 48 uti
685 645 147 48 possit.
779 645 120 48 Conten-

286 692 105 48 dere
352 692 145 48 iudicio
457 692 198 48 Christianis
615 692 92 48 non
668 692 132 48 licet,
760 692 92 48 sed
813 692 79 48 ea
839 692 66 48 non

286 737 100 49 est
343 737 200 49 abrogandae
500 737 128 49 legis
585 737 157 49 caussa.
699 737 100 49 Nam
756 737 86 49 ut
785 737 128 49 peccent

286 778 96 51 qui
341 778 177 51 litigant,
477 778 150 51 necesse
587 778 96 51 est
641 778 123 51 tamen
723 778 123 51 leges
805 778 68 51 &
818 778 96 51 iudi-

290 810 95 60 cia
345 810 122 60 esse,
426 810 136 60 quibus
521 810 217 60 coherceantur
698 810 204 60 flagitiosi.
847 810 68 60 Nec

284 859 151 48 peccant
394 859 96 48 qui
449 859 151 48 iudicia
559 859 179 48 exercent,
696 859 96 48 seu
751 859 96 48 ius
792 859 124 48 dicunt.

287 899 102 44 Nec
346 899 87 44 in
389 899 102 44 hoc
447 899 116 44 lata
520 899 116 44 Mosi
593 899 102 44 lex
651 899 116 44 est,
724 899 87 44 ut
753 899 160 44 litigandi

284 940 153 50 materia
395 940 153 50 ciuibus
507 940 139 50 esset,
604 940 97 50 sed
660 940 83 50 ut
701 940 181 50 iudicandi
827 940 83 50 for-

284 988 120 46 mula
359 988 225 46 magistratui
539 988 150 46 esset.
645 988 105 46 Non
705 988 90 46 in
750 988 105 46 hoc
795 988 120 46 igitur

285 1027 242 57 disputandum
478 1027 129 57 est,
559 1027 177 57 Mosaica
688 1027 113 57 ne,
753 1027 97 57 an
785 1027 129 57 quauis

286 1063 112 66 lege
356 1063 98 66 uti
412 1063 140 66 possit
510 1063 98 66 qui
566 1063 168 66 litigate
693 1063 140 66 uelit.
791 1063 98 66 Non
833 1063 84 66 enim
