<?xml version="1.0" encoding="UTF-8"?>
<alto xmlns:xsi="http://www.w3.org/2001/XMLSchema-instance"
      xmlns="http://www.loc.gov/standards/alto/ns-v2#"
      xmlns:page="http://schema.primaresearch.org/PAGE/gts/pagecontent/2013-07-15"
      xsi:schemaLocation="http://www.loc.gov/standards/alto/ns-v2# http://www.loc.gov/standards/alto/alto.xsd">
   <Description>
      <MeasurementUnit>pixel</MeasurementUnit>
      <OCRProcessing ID="IdOcr">
         <ocrProcessingStep>
            <processingDateTime>2020-12-02T20:02:19.367-05:00</processingDateTime>
            <processingSoftware>
               <softwareCreator>READ COOP</softwareCreator>
               <softwareName>Transkribus</softwareName>
            </processingSoftware>
         </ocrProcessingStep>
      </OCRProcessing>
   </Description>
   <Tags/>
   <Layout>
      <Page ID="Page1" PHYSICAL_IMG_NR="1" HEIGHT="1385" WIDTH="1000">
         <TopMargin HEIGHT="0" WIDTH="1000" VPOS="0" HPOS="0"/>
         <LeftMargin HEIGHT="1385" WIDTH="0" VPOS="0" HPOS="0"/>
         <RightMargin HEIGHT="1385" WIDTH="0" VPOS="0" HPOS="1000"/>
         <BottomMargin HEIGHT="0" WIDTH="1000" VPOS="1385" HPOS="0"/>
         <PrintSpace HEIGHT="1385" WIDTH="1000" VPOS="0" HPOS="0">
            <TextBlock ID="r1" HEIGHT="1039" WIDTH="616" VPOS="114" HPOS="94">
               <Shape>
                  <Polygon POINTS="94,114 94,1153 710,1153 710,114"/>
               </Shape>
               <TextLine ID="r1l1"
                         BASELINE="157"
                         HEIGHT="64"
                         WIDTH="625"
                         VPOS="93"
                         HPOS="90">
                  <String HEIGHT="64"
                          WIDTH="213"
                          VPOS="93"
                          HPOS="76"
                          CONTENT="Christianus"/>
                  <SP HEIGHT="64" WIDTH="14" VPOS="93" HPOS="289"/>
                  <String HEIGHT="64" WIDTH="114" VPOS="93" HPOS="246" CONTENT="est,"/>
                  <SP HEIGHT="64" WIDTH="14" VPOS="93" HPOS="360"/>
                  <String HEIGHT="64" WIDTH="99" VPOS="93" HPOS="317" CONTENT="qui"/>
                  <SP HEIGHT="64" WIDTH="14" VPOS="93" HPOS="417"/>
                  <String HEIGHT="64"
                          WIDTH="170"
                          VPOS="93"
                          HPOS="374"
                          CONTENT="litigat."/>
                  <SP HEIGHT="64" WIDTH="14" VPOS="93" HPOS="545"/>
                  <String HEIGHT="64" WIDTH="99" VPOS="93" HPOS="502" CONTENT="Sed"/>
                  <SP HEIGHT="64" WIDTH="14" VPOS="93" HPOS="601"/>
                  <String HEIGHT="64"
                          WIDTH="156"
                          VPOS="93"
                          HPOS="559"
                          CONTENT="Mosaica"/>
                  <SP HEIGHT="64" WIDTH="14" VPOS="93" HPOS="715"/>
                  <String HEIGHT="64" WIDTH="57" VPOS="93" HPOS="658" CONTENT="ne"/>
               </TextLine>
               <TextLine ID="r1l2"
                         BASELINE="193"
                         HEIGHT="52"
                         WIDTH="616"
                         VPOS="141"
                         HPOS="95">
                  <String HEIGHT="52" WIDTH="115" VPOS="141" HPOS="81" CONTENT="lege"/>
                  <SP HEIGHT="52" WIDTH="14" VPOS="141" HPOS="195"/>
                  <String HEIGHT="52"
                          WIDTH="115"
                          VPOS="141"
                          HPOS="152"
                          CONTENT="sola"/>
                  <SP HEIGHT="52" WIDTH="14" VPOS="141" HPOS="267"/>
                  <String HEIGHT="52" WIDTH="100" VPOS="141" HPOS="224" CONTENT="uti"/>
                  <SP HEIGHT="52" WIDTH="14" VPOS="141" HPOS="324"/>
                  <String HEIGHT="52"
                          WIDTH="143"
                          VPOS="141"
                          HPOS="281"
                          CONTENT="debeat"/>
                  <SP HEIGHT="52" WIDTH="14" VPOS="141" HPOS="424"/>
                  <String HEIGHT="52"
                          WIDTH="129"
                          VPOS="141"
                          HPOS="382"
                          CONTENT="iudex"/>
                  <SP HEIGHT="52" WIDTH="14" VPOS="141" HPOS="510"/>
                  <String HEIGHT="52"
                          WIDTH="229"
                          VPOS="141"
                          HPOS="467"
                          CONTENT="Christianus?"/>
                  <SP HEIGHT="52" WIDTH="14" VPOS="141" HPOS="697"/>
                  <String HEIGHT="52" WIDTH="72" VPOS="141" HPOS="639" CONTENT="Hic"/>
               </TextLine>
               <TextLine ID="r1l3"
                         BASELINE="233"
                         HEIGHT="49"
                         WIDTH="623"
                         VPOS="184"
                         HPOS="92">
                  <String HEIGHT="49"
                          WIDTH="208"
                          VPOS="184"
                          HPOS="77"
                          CONTENT="respondeo,"/>
                  <SP HEIGHT="49" WIDTH="15" VPOS="184" HPOS="285"/>
                  <String HEIGHT="49"
                          WIDTH="134"
                          VPOS="184"
                          HPOS="240"
                          CONTENT="penes"/>
                  <SP HEIGHT="49" WIDTH="15" VPOS="184" HPOS="374"/>
                  <String HEIGHT="49"
                          WIDTH="163"
                          VPOS="184"
                          HPOS="329"
                          CONTENT="iudicem"/>
                  <SP HEIGHT="49" WIDTH="15" VPOS="184" HPOS="493"/>
                  <String HEIGHT="49"
                          WIDTH="134"
                          VPOS="184"
                          HPOS="448"
                          CONTENT="esse,"/>
                  <SP HEIGHT="49" WIDTH="15" VPOS="184" HPOS="582"/>
                  <String HEIGHT="49" WIDTH="104" VPOS="184" HPOS="537" CONTENT="uti"/>
                  <SP HEIGHT="49" WIDTH="15" VPOS="184" HPOS="641"/>
                  <String HEIGHT="49" WIDTH="104" VPOS="184" HPOS="596" CONTENT="uel"/>
                  <SP HEIGHT="49" WIDTH="15" VPOS="184" HPOS="700"/>
                  <String HEIGHT="49" WIDTH="74" VPOS="184" HPOS="641" CONTENT="non"/>
               </TextLine>
               <TextLine ID="r1l4"
                         BASELINE="278"
                         HEIGHT="45"
                         WIDTH="612"
                         VPOS="233"
                         HPOS="100">
                  <String HEIGHT="45" WIDTH="107" VPOS="233" HPOS="85" CONTENT="uti"/>
                  <SP HEIGHT="45" WIDTH="15" VPOS="233" HPOS="192"/>
                  <String HEIGHT="45"
                          WIDTH="122"
                          VPOS="233"
                          HPOS="146"
                          CONTENT="Mosi"/>
                  <SP HEIGHT="45" WIDTH="15" VPOS="233" HPOS="268"/>
                  <String HEIGHT="45"
                          WIDTH="138"
                          VPOS="233"
                          HPOS="222"
                          CONTENT="lege."/>
                  <SP HEIGHT="45" WIDTH="15" VPOS="233" HPOS="360"/>
                  <String HEIGHT="45" WIDTH="107" VPOS="233" HPOS="314" CONTENT="Est"/>
                  <SP HEIGHT="45" WIDTH="15" VPOS="233" HPOS="421"/>
                  <String HEIGHT="45"
                          WIDTH="122"
                          VPOS="233"
                          HPOS="375"
                          CONTENT="enim"/>
                  <SP HEIGHT="45" WIDTH="15" VPOS="233" HPOS="498"/>
                  <String HEIGHT="45"
                          WIDTH="138"
                          VPOS="233"
                          HPOS="452"
                          CONTENT="rerum"/>
                  <SP HEIGHT="45" WIDTH="15" VPOS="233" HPOS="590"/>
                  <String HEIGHT="45"
                          WIDTH="184"
                          VPOS="233"
                          HPOS="528"
                          CONTENT="externarum"/>
               </TextLine>
               <TextLine ID="r1l5"
                         BASELINE="320"
                         HEIGHT="53"
                         WIDTH="613"
                         VPOS="267"
                         HPOS="98">
                  <String HEIGHT="53"
                          WIDTH="204"
                          VPOS="267"
                          HPOS="83"
                          CONTENT="dispositio"/>
                  <SP HEIGHT="53" WIDTH="15" VPOS="267" HPOS="288"/>
                  <String HEIGHT="53"
                          WIDTH="175"
                          VPOS="267"
                          HPOS="244"
                          CONTENT="quaedam,"/>
                  <SP HEIGHT="53" WIDTH="15" VPOS="267" HPOS="419"/>
                  <String HEIGHT="53"
                          WIDTH="117"
                          VPOS="267"
                          HPOS="375"
                          CONTENT="quae"/>
                  <SP HEIGHT="53" WIDTH="15" VPOS="267" HPOS="492"/>
                  <String HEIGHT="53" WIDTH="88" VPOS="267" HPOS="448" CONTENT="ad"/>
                  <SP HEIGHT="53" WIDTH="15" VPOS="267" HPOS="536"/>
                  <String HEIGHT="53"
                          WIDTH="234"
                          VPOS="267"
                          HPOS="477"
                          CONTENT="Christianismum"/>
               </TextLine>
               <TextLine ID="r1l6"
                         BASELINE="363"
                         HEIGHT="46"
                         WIDTH="608"
                         VPOS="317"
                         HPOS="98">
                  <String HEIGHT="46"
                          WIDTH="116"
                          VPOS="317"
                          HPOS="85"
                          CONTENT="nihil"/>
                  <SP HEIGHT="46" WIDTH="13" VPOS="317" HPOS="201"/>
                  <String HEIGHT="46"
                          WIDTH="155"
                          VPOS="317"
                          HPOS="163"
                          CONTENT="pertinet"/>
                  <SP HEIGHT="46" WIDTH="13" VPOS="317" HPOS="318"/>
                  <String HEIGHT="46" WIDTH="91" VPOS="317" HPOS="279" CONTENT="non"/>
                  <SP HEIGHT="46" WIDTH="13" VPOS="317" HPOS="370"/>
                  <String HEIGHT="46"
                          WIDTH="142"
                          VPOS="317"
                          HPOS="331"
                          CONTENT="aliter,"/>
                  <SP HEIGHT="46" WIDTH="13" VPOS="317" HPOS="473"/>
                  <String HEIGHT="46"
                          WIDTH="116"
                          VPOS="317"
                          HPOS="434"
                          CONTENT="atque"/>
                  <SP HEIGHT="46" WIDTH="13" VPOS="317" HPOS="551"/>
                  <String HEIGHT="46"
                          WIDTH="116"
                          VPOS="317"
                          HPOS="512"
                          CONTENT="edere"/>
                  <SP HEIGHT="46" WIDTH="13" VPOS="317" HPOS="628"/>
                  <String HEIGHT="46" WIDTH="78" VPOS="317" HPOS="590" CONTENT="ac"/>
                  <SP HEIGHT="46" WIDTH="13" VPOS="317" HPOS="667"/>
                  <String HEIGHT="46"
                          WIDTH="91"
                          VPOS="317"
                          HPOS="615"
                          CONTENT="bibe"
                          SUBS_TYPE="HypPart1"
                          SUBS_CONTENT="bibere."/>
                  <HYP CONTENT="-"/>
               </TextLine>
               <TextLine ID="r1l7"
                         BASELINE="397"
                         HEIGHT="45"
                         WIDTH="616"
                         VPOS="352"
                         HPOS="94">
                  <String HEIGHT="45"
                          WIDTH="100"
                          VPOS="352"
                          HPOS="80"
                          CONTENT="re."
                          SUBS_TYPE="HypPart2"
                          SUBS_CONTENT="bibere."/>
                  <SP HEIGHT="45" WIDTH="14" VPOS="352" HPOS="180"/>
                  <String HEIGHT="45"
                          WIDTH="143"
                          VPOS="352"
                          HPOS="137"
                          CONTENT="Paulus"/>
                  <SP HEIGHT="45" WIDTH="14" VPOS="352" HPOS="280"/>
                  <String HEIGHT="45"
                          WIDTH="143"
                          VPOS="352"
                          HPOS="237"
                          CONTENT="tantum"/>
                  <SP HEIGHT="45" WIDTH="14" VPOS="352" HPOS="381"/>
                  <String HEIGHT="45"
                          WIDTH="186"
                          VPOS="352"
                          HPOS="338"
                          CONTENT="sapientem"/>
                  <SP HEIGHT="45" WIDTH="14" VPOS="352" HPOS="524"/>
                  <String HEIGHT="45"
                          WIDTH="143"
                          VPOS="352"
                          HPOS="481"
                          CONTENT="uirum,"/>
                  <SP HEIGHT="45" WIDTH="14" VPOS="352" HPOS="624"/>
                  <String HEIGHT="45" WIDTH="72" VPOS="352" HPOS="581" CONTENT="&amp;"/>
                  <SP HEIGHT="45" WIDTH="14" VPOS="352" HPOS="653"/>
                  <String HEIGHT="45" WIDTH="86" VPOS="352" HPOS="610" CONTENT="in"/>
                  <SP HEIGHT="45" WIDTH="14" VPOS="352" HPOS="696"/>
                  <String HEIGHT="45" WIDTH="72" VPOS="352" HPOS="638" CONTENT="quo"/>
               </TextLine>
               <TextLine ID="r1l8"
                         BASELINE="447"
                         HEIGHT="59"
                         WIDTH="610"
                         VPOS="388"
                         HPOS="92">
                  <String HEIGHT="59" WIDTH="95" VPOS="388" HPOS="78" CONTENT="sit"/>
                  <SP HEIGHT="59" WIDTH="14" VPOS="388" HPOS="173"/>
                  <String HEIGHT="59"
                          WIDTH="149"
                          VPOS="388"
                          HPOS="133"
                          CONTENT="Christi"/>
                  <SP HEIGHT="59" WIDTH="14" VPOS="388" HPOS="282"/>
                  <String HEIGHT="59"
                          WIDTH="163"
                          VPOS="388"
                          HPOS="241"
                          CONTENT="spiritus"/>
                  <SP HEIGHT="59" WIDTH="14" VPOS="388" HPOS="404"/>
                  <String HEIGHT="59"
                          WIDTH="149"
                          VPOS="388"
                          HPOS="363"
                          CONTENT="iudicem"/>
                  <SP HEIGHT="59" WIDTH="14" VPOS="388" HPOS="512"/>
                  <String HEIGHT="59"
                          WIDTH="176"
                          VPOS="388"
                          HPOS="472"
                          CONTENT="postulat."/>
                  <SP HEIGHT="59" WIDTH="14" VPOS="388" HPOS="648"/>
                  <String HEIGHT="59" WIDTH="81" VPOS="388" HPOS="607" CONTENT="i."/>
                  <SP HEIGHT="59" WIDTH="14" VPOS="388" HPOS="688"/>
                  <String HEIGHT="59"
                          WIDTH="68"
                          VPOS="388"
                          HPOS="634"
                          CONTENT="Co"
                          SUBS_TYPE="HypPart1"
                          SUBS_CONTENT="Corinth."/>
                  <HYP CONTENT="-"/>
               </TextLine>
               <TextLine ID="r1l9"
                         BASELINE="487"
                         HEIGHT="54"
                         WIDTH="615"
                         VPOS="433"
                         HPOS="90">
                  <String HEIGHT="54"
                          WIDTH="137"
                          VPOS="433"
                          HPOS="76"
                          CONTENT="rinth."
                          SUBS_TYPE="HypPart2"
                          SUBS_CONTENT="Corinth."/>
                  <SP HEIGHT="54" WIDTH="14" VPOS="433" HPOS="213"/>
                  <String HEIGHT="54" WIDTH="96" VPOS="433" HPOS="172" CONTENT="vi."/>
                  <SP HEIGHT="54" WIDTH="14" VPOS="433" HPOS="268"/>
                  <String HEIGHT="54" WIDTH="82" VPOS="433" HPOS="227" CONTENT="An"/>
                  <SP HEIGHT="54" WIDTH="14" VPOS="433" HPOS="309"/>
                  <String HEIGHT="54"
                          WIDTH="164"
                          VPOS="433"
                          HPOS="268"
                          CONTENT="nescitis"/>
                  <SP HEIGHT="54" WIDTH="14" VPOS="433" HPOS="432"/>
                  <String HEIGHT="54" WIDTH="96" VPOS="433" HPOS="391" CONTENT="que"/>
                  <SP HEIGHT="54" WIDTH="14" VPOS="433" HPOS="486"/>
                  <String HEIGHT="54"
                          WIDTH="137"
                          VPOS="433"
                          HPOS="445"
                          CONTENT="sancti"/>
                  <SP HEIGHT="54" WIDTH="14" VPOS="433" HPOS="582"/>
                  <String HEIGHT="54" WIDTH="82" VPOS="433" HPOS="541" CONTENT="de"/>
                  <SP HEIGHT="54" WIDTH="14" VPOS="433" HPOS="623"/>
                  <String HEIGHT="54" WIDTH="96" VPOS="433" HPOS="582" CONTENT="hoc"/>
                  <SP HEIGHT="54" WIDTH="14" VPOS="433" HPOS="678"/>
                  <String HEIGHT="54"
                          WIDTH="82"
                          VPOS="433"
                          HPOS="623"
                          CONTENT="mun"
                          SUBS_TYPE="HypPart1"
                          SUBS_CONTENT="mundo"/>
                  <HYP CONTENT="-"/>
               </TextLine>
               <TextLine ID="r1l10"
                         BASELINE="525"
                         HEIGHT="48"
                         WIDTH="617"
                         VPOS="477"
                         HPOS="92">
                  <String HEIGHT="48"
                          WIDTH="86"
                          VPOS="477"
                          HPOS="78"
                          CONTENT="do"
                          SUBS_TYPE="HypPart2"
                          SUBS_CONTENT="mundo"/>
                  <SP HEIGHT="48" WIDTH="14" VPOS="477" HPOS="164"/>
                  <String HEIGHT="48"
                          WIDTH="215"
                          VPOS="477"
                          HPOS="121"
                          CONTENT="iudicabunt."/>
                  <SP HEIGHT="48" WIDTH="14" VPOS="477" HPOS="336"/>
                  <String HEIGHT="48"
                          WIDTH="129"
                          VPOS="477"
                          HPOS="293"
                          CONTENT="Item,"/>
                  <SP HEIGHT="48" WIDTH="14" VPOS="477" HPOS="422"/>
                  <String HEIGHT="48"
                          WIDTH="115"
                          VPOS="477"
                          HPOS="379"
                          CONTENT="Adeo"/>
                  <SP HEIGHT="48" WIDTH="14" VPOS="477" HPOS="494"/>
                  <String HEIGHT="48" WIDTH="100" VPOS="477" HPOS="451" CONTENT="non"/>
                  <SP HEIGHT="48" WIDTH="14" VPOS="477" HPOS="551"/>
                  <String HEIGHT="48" WIDTH="100" VPOS="477" HPOS="508" CONTENT="est"/>
                  <SP HEIGHT="48" WIDTH="14" VPOS="477" HPOS="609"/>
                  <String HEIGHT="48"
                          WIDTH="129"
                          VPOS="477"
                          HPOS="566"
                          CONTENT="inter"/>
                  <SP HEIGHT="48" WIDTH="14" VPOS="477" HPOS="695"/>
                  <String HEIGHT="48" WIDTH="72" VPOS="477" HPOS="637" CONTENT="uos"/>
               </TextLine>
               <TextLine ID="r1l11"
                         BASELINE="565"
                         HEIGHT="50"
                         WIDTH="609"
                         VPOS="515"
                         HPOS="96">
                  <String HEIGHT="50"
                          WIDTH="149"
                          VPOS="515"
                          HPOS="82"
                          CONTENT="sapiens"/>
                  <SP HEIGHT="50" WIDTH="14" VPOS="515" HPOS="231"/>
                  <String HEIGHT="50"
                          WIDTH="162"
                          VPOS="515"
                          HPOS="191"
                          CONTENT="quisquam"/>
                  <SP HEIGHT="50" WIDTH="14" VPOS="515" HPOS="353"/>
                  <String HEIGHT="50" WIDTH="95" VPOS="515" HPOS="313" CONTENT="qui"/>
                  <SP HEIGHT="50" WIDTH="14" VPOS="515" HPOS="407"/>
                  <String HEIGHT="50"
                          WIDTH="135"
                          VPOS="515"
                          HPOS="367"
                          CONTENT="possit"/>
                  <SP HEIGHT="50" WIDTH="14" VPOS="515" HPOS="502"/>
                  <String HEIGHT="50"
                          WIDTH="162"
                          VPOS="515"
                          HPOS="461"
                          CONTENT="iudicare"/>
                  <SP HEIGHT="50" WIDTH="14" VPOS="515" HPOS="624"/>
                  <String HEIGHT="50" WIDTH="95" VPOS="515" HPOS="583" CONTENT="&amp;c."/>
                  <SP HEIGHT="50" WIDTH="14" VPOS="515" HPOS="678"/>
                  <String HEIGHT="50" WIDTH="95" VPOS="515" HPOS="637" CONTENT="Qui"/>
                  <SP HEIGHT="50" WIDTH="14" VPOS="515" HPOS="732"/>
                  <String HEIGHT="50" WIDTH="27" VPOS="515" HPOS="678" CONTENT=""/>
               </TextLine>
               <TextLine ID="r1l12"
                         BASELINE="617"
                         HEIGHT="57"
                         WIDTH="616"
                         VPOS="560"
                         HPOS="95">
                  <String HEIGHT="57" WIDTH="108" VPOS="560" HPOS="80" CONTENT="bus"/>
                  <SP HEIGHT="57" WIDTH="15" VPOS="560" HPOS="187"/>
                  <String HEIGHT="57"
                          WIDTH="139"
                          VPOS="560"
                          HPOS="141"
                          CONTENT="locis"/>
                  <SP HEIGHT="57" WIDTH="15" VPOS="560" HPOS="280"/>
                  <String HEIGHT="57"
                          WIDTH="185"
                          VPOS="560"
                          HPOS="234"
                          CONTENT="adparet,"/>
                  <SP HEIGHT="57" WIDTH="15" VPOS="560" HPOS="418"/>
                  <String HEIGHT="57" WIDTH="108" VPOS="560" HPOS="372" CONTENT="eum"/>
                  <SP HEIGHT="57" WIDTH="15" VPOS="560" HPOS="480"/>
                  <String HEIGHT="57" WIDTH="108" VPOS="560" HPOS="434" CONTENT="non"/>
                  <SP HEIGHT="57" WIDTH="15" VPOS="560" HPOS="542"/>
                  <String HEIGHT="57"
                          WIDTH="139"
                          VPOS="560"
                          HPOS="495"
                          CONTENT="legem"/>
                  <SP HEIGHT="57" WIDTH="15" VPOS="560" HPOS="634"/>
                  <String HEIGHT="57"
                          WIDTH="139"
                          VPOS="560"
                          HPOS="572"
                          CONTENT="aliquam"/>
               </TextLine>
               <TextLine ID="r1l13"
                         BASELINE="658"
                         HEIGHT="55"
                         WIDTH="608"
                         VPOS="603"
                         HPOS="98">
                  <String HEIGHT="55"
                          WIDTH="152"
                          VPOS="603"
                          HPOS="84"
                          CONTENT="certam,"/>
                  <SP HEIGHT="55" WIDTH="14" VPOS="603" HPOS="236"/>
                  <String HEIGHT="55" WIDTH="97" VPOS="603" HPOS="195" CONTENT="sed"/>
                  <SP HEIGHT="55" WIDTH="14" VPOS="603" HPOS="291"/>
                  <String HEIGHT="55"
                          WIDTH="207"
                          VPOS="603"
                          HPOS="250"
                          CONTENT="spiritualis"/>
                  <SP HEIGHT="55" WIDTH="14" VPOS="603" HPOS="457"/>
                  <String HEIGHT="55"
                          WIDTH="111"
                          VPOS="603"
                          HPOS="416"
                          CONTENT="uiri"/>
                  <SP HEIGHT="55" WIDTH="14" VPOS="603" HPOS="526"/>
                  <String HEIGHT="55"
                          WIDTH="166"
                          VPOS="603"
                          HPOS="485"
                          CONTENT="iudicium"/>
                  <SP HEIGHT="55" WIDTH="14" VPOS="603" HPOS="651"/>
                  <String HEIGHT="55"
                          WIDTH="111"
                          VPOS="603"
                          HPOS="595"
                          CONTENT="requi"
                          SUBS_TYPE="HypPart1"
                          SUBS_CONTENT="requirere."/>
                  <HYP CONTENT="-"/>
               </TextLine>
               <TextLine ID="r1l14"
                         BASELINE="705"
                         HEIGHT="64"
                         WIDTH="613"
                         VPOS="641"
                         HPOS="95">
                  <String HEIGHT="64"
                          WIDTH="131"
                          VPOS="641"
                          HPOS="80"
                          CONTENT="rere."
                          SUBS_TYPE="HypPart2"
                          SUBS_CONTENT="requirere."/>
                  <SP HEIGHT="64" WIDTH="15" VPOS="641" HPOS="212"/>
                  <String HEIGHT="64"
                          WIDTH="131"
                          VPOS="641"
                          HPOS="168"
                          CONTENT="Alias"/>
                  <SP HEIGHT="64" WIDTH="15" VPOS="641" HPOS="299"/>
                  <String HEIGHT="64"
                          WIDTH="131"
                          VPOS="641"
                          HPOS="256"
                          CONTENT="etiam"/>
                  <SP HEIGHT="64" WIDTH="15" VPOS="641" HPOS="387"/>
                  <String HEIGHT="64"
                          WIDTH="161"
                          VPOS="641"
                          HPOS="343"
                          CONTENT="gladium"/>
                  <SP HEIGHT="64" WIDTH="15" VPOS="641" HPOS="504"/>
                  <String HEIGHT="64"
                          WIDTH="161"
                          VPOS="641"
                          HPOS="460"
                          CONTENT="gentium"/>
                  <SP HEIGHT="64" WIDTH="15" VPOS="641" HPOS="620"/>
                  <String HEIGHT="64"
                          WIDTH="161"
                          VPOS="641"
                          HPOS="577"
                          CONTENT="probat,"/>
                  <SP HEIGHT="64" WIDTH="15" VPOS="641" HPOS="737"/>
                  <String HEIGHT="64" WIDTH="29" VPOS="641" HPOS="679" CONTENT=""/>
               </TextLine>
               <TextLine ID="r1l15"
                         BASELINE="736"
                         HEIGHT="49"
                         WIDTH="609"
                         VPOS="687"
                         HPOS="97">
                  <String HEIGHT="49" WIDTH="87" VPOS="687" HPOS="83" CONTENT="de"/>
                  <SP HEIGHT="49" WIDTH="15" VPOS="687" HPOS="170"/>
                  <String HEIGHT="49" WIDTH="102" VPOS="687" HPOS="126" CONTENT="quo"/>
                  <SP HEIGHT="49" WIDTH="15" VPOS="687" HPOS="228"/>
                  <String HEIGHT="49"
                          WIDTH="145"
                          VPOS="687"
                          HPOS="184"
                          CONTENT="postea"/>
                  <SP HEIGHT="49" WIDTH="15" VPOS="687" HPOS="329"/>
                  <String HEIGHT="49"
                          WIDTH="174"
                          VPOS="687"
                          HPOS="286"
                          CONTENT="dicemus,"/>
                  <SP HEIGHT="49" WIDTH="15" VPOS="687" HPOS="460"/>
                  <String HEIGHT="49"
                          WIDTH="174"
                          VPOS="687"
                          HPOS="416"
                          CONTENT="uocatque"/>
                  <SP HEIGHT="49" WIDTH="15" VPOS="687" HPOS="590"/>
                  <String HEIGHT="49" WIDTH="102" VPOS="687" HPOS="547" CONTENT="dei"/>
                  <SP HEIGHT="49" WIDTH="15" VPOS="687" HPOS="648"/>
                  <String HEIGHT="49"
                          WIDTH="116"
                          VPOS="687"
                          HPOS="590"
                          CONTENT="ordina"/>
               </TextLine>
               <TextLine ID="r1l16"
                         BASELINE="784"
                         HEIGHT="52"
                         WIDTH="617"
                         VPOS="732"
                         HPOS="96">
                  <String HEIGHT="52"
                          WIDTH="166"
                          VPOS="732"
                          HPOS="81"
                          CONTENT="tionem."/>
                  <SP HEIGHT="52" WIDTH="15" VPOS="732" HPOS="246"/>
                  <String HEIGHT="52"
                          WIDTH="135"
                          VPOS="732"
                          HPOS="201"
                          CONTENT="Porro"/>
                  <SP HEIGHT="52" WIDTH="15" VPOS="732" HPOS="337"/>
                  <String HEIGHT="52"
                          WIDTH="150"
                          VPOS="732"
                          HPOS="292"
                          CONTENT="gladii"/>
                  <SP HEIGHT="52" WIDTH="15" VPOS="732" HPOS="442"/>
                  <String HEIGHT="52"
                          WIDTH="196"
                          VPOS="732"
                          HPOS="397"
                          CONTENT="potissima"/>
                  <SP HEIGHT="52" WIDTH="15" VPOS="732" HPOS="593"/>
                  <String HEIGHT="52"
                          WIDTH="120"
                          VPOS="732"
                          HPOS="547"
                          CONTENT="pars"/>
                  <SP HEIGHT="52" WIDTH="15" VPOS="732" HPOS="668"/>
                  <String HEIGHT="52"
                          WIDTH="105"
                          VPOS="732"
                          HPOS="608"
                          CONTENT="leges"/>
               </TextLine>
               <TextLine ID="r1l17"
                         BASELINE="826"
                         HEIGHT="56"
                         WIDTH="611"
                         VPOS="770"
                         HPOS="97">
                  <String HEIGHT="56"
                          WIDTH="120"
                          VPOS="770"
                          HPOS="84"
                          CONTENT="sunt."/>
                  <SP HEIGHT="56" WIDTH="13" VPOS="770" HPOS="203"/>
                  <String HEIGHT="56"
                          WIDTH="120"
                          VPOS="770"
                          HPOS="163"
                          CONTENT="Atque"/>
                  <SP HEIGHT="56" WIDTH="13" VPOS="770" HPOS="283"/>
                  <String HEIGHT="56" WIDTH="93" VPOS="770" HPOS="243" CONTENT="ita"/>
                  <SP HEIGHT="56" WIDTH="13" VPOS="770" HPOS="336"/>
                  <String HEIGHT="56" WIDTH="93" VPOS="770" HPOS="296" CONTENT="usi"/>
                  <SP HEIGHT="56" WIDTH="13" VPOS="770" HPOS="389"/>
                  <String HEIGHT="56"
                          WIDTH="106"
                          VPOS="770"
                          HPOS="349"
                          CONTENT="sunt"/>
                  <SP HEIGHT="56" WIDTH="13" VPOS="770" HPOS="456"/>
                  <String HEIGHT="56"
                          WIDTH="146"
                          VPOS="770"
                          HPOS="416"
                          CONTENT="gentium"/>
                  <SP HEIGHT="56" WIDTH="13" VPOS="770" HPOS="562"/>
                  <String HEIGHT="56"
                          WIDTH="146"
                          VPOS="770"
                          HPOS="522"
                          CONTENT="gladio,"/>
                  <SP HEIGHT="56" WIDTH="13" VPOS="770" HPOS="668"/>
                  <String HEIGHT="56" WIDTH="66" VPOS="770" HPOS="628" CONTENT="&amp;"/>
                  <SP HEIGHT="56" WIDTH="13" VPOS="770" HPOS="695"/>
                  <String HEIGHT="56" WIDTH="66" VPOS="770" HPOS="642" CONTENT="gen"/>
               </TextLine>
               <TextLine ID="r1l18"
                         BASELINE="871"
                         HEIGHT="57"
                         WIDTH="608"
                         VPOS="814"
                         HPOS="94">
                  <String HEIGHT="57" WIDTH="135" VPOS="814" HPOS="77" CONTENT="tium"/>
                  <SP HEIGHT="57" WIDTH="17" VPOS="814" HPOS="212"/>
                  <String HEIGHT="57"
                          WIDTH="186"
                          VPOS="814"
                          HPOS="162"
                          CONTENT="legibus"/>
                  <SP HEIGHT="57" WIDTH="17" VPOS="814" HPOS="347"/>
                  <String HEIGHT="57"
                          WIDTH="169"
                          VPOS="814"
                          HPOS="297"
                          CONTENT="Naaman"/>
                  <SP HEIGHT="57" WIDTH="17" VPOS="814" HPOS="466"/>
                  <String HEIGHT="57"
                          WIDTH="169"
                          VPOS="814"
                          HPOS="415"
                          CONTENT="Syrus."/>
                  <SP HEIGHT="57" WIDTH="17" VPOS="814" HPOS="584"/>
                  <String HEIGHT="57"
                          WIDTH="186"
                          VPOS="814"
                          HPOS="516"
                          CONTENT="Nabugdono"/>
               </TextLine>
               <TextLine ID="r1l19"
                         BASELINE="899"
                         HEIGHT="51"
                         WIDTH="616"
                         VPOS="848"
                         HPOS="95">
                  <String HEIGHT="51" WIDTH="103" VPOS="848" HPOS="82" CONTENT="sor,"/>
                  <SP HEIGHT="51" WIDTH="13" VPOS="848" HPOS="185"/>
                  <String HEIGHT="51" WIDTH="64" VPOS="848" HPOS="146" CONTENT="&amp;"/>
                  <SP HEIGHT="51" WIDTH="13" VPOS="848" HPOS="211"/>
                  <String HEIGHT="51" WIDTH="77" VPOS="848" HPOS="172" CONTENT="si"/>
                  <SP HEIGHT="51" WIDTH="13" VPOS="848" HPOS="249"/>
                  <String HEIGHT="51" WIDTH="90" VPOS="848" HPOS="211" CONTENT="qui"/>
                  <SP HEIGHT="51" WIDTH="13" VPOS="848" HPOS="300"/>
                  <String HEIGHT="51"
                          WIDTH="103"
                          VPOS="848"
                          HPOS="262"
                          CONTENT="alii"/>
                  <SP HEIGHT="51" WIDTH="13" VPOS="848" HPOS="365"/>
                  <String HEIGHT="51" WIDTH="77" VPOS="848" HPOS="326" CONTENT="ex"/>
                  <SP HEIGHT="51" WIDTH="13" VPOS="848" HPOS="403"/>
                  <String HEIGHT="51"
                          WIDTH="154"
                          VPOS="848"
                          HPOS="365"
                          CONTENT="gentibus"/>
                  <SP HEIGHT="51" WIDTH="13" VPOS="848" HPOS="518"/>
                  <String HEIGHT="51" WIDTH="90" VPOS="848" HPOS="480" CONTENT="pii"/>
                  <SP HEIGHT="51" WIDTH="13" VPOS="848" HPOS="570"/>
                  <String HEIGHT="51"
                          WIDTH="167"
                          VPOS="848"
                          HPOS="531"
                          CONTENT="principes"/>
                  <SP HEIGHT="51" WIDTH="13" VPOS="848" HPOS="698"/>
                  <String HEIGHT="51" WIDTH="64" VPOS="848" HPOS="647" CONTENT="fue"/>
               </TextLine>
               <TextLine ID="r1l20"
                         BASELINE="945"
                         HEIGHT="47"
                         WIDTH="612"
                         VPOS="898"
                         HPOS="98">
                  <String HEIGHT="47"
                          WIDTH="120"
                          VPOS="898"
                          HPOS="85"
                          CONTENT="runt."/>
                  <SP HEIGHT="47" WIDTH="13" VPOS="898" HPOS="204"/>
                  <String HEIGHT="47" WIDTH="80" VPOS="898" HPOS="165" CONTENT="Et"/>
                  <SP HEIGHT="47" WIDTH="13" VPOS="898" HPOS="244"/>
                  <String HEIGHT="47"
                          WIDTH="106"
                          VPOS="898"
                          HPOS="204"
                          CONTENT="haud"/>
                  <SP HEIGHT="47" WIDTH="13" VPOS="898" HPOS="311"/>
                  <String HEIGHT="47"
                          WIDTH="106"
                          VPOS="898"
                          HPOS="271"
                          CONTENT="scio"/>
                  <SP HEIGHT="47" WIDTH="13" VPOS="898" HPOS="377"/>
                  <String HEIGHT="47" WIDTH="80" VPOS="898" HPOS="337" CONTENT="an"/>
                  <SP HEIGHT="47" WIDTH="13" VPOS="898" HPOS="417"/>
                  <String HEIGHT="47"
                          WIDTH="173"
                          VPOS="898"
                          HPOS="377"
                          CONTENT="gesserint"/>
                  <SP HEIGHT="47" WIDTH="13" VPOS="898" HPOS="550"/>
                  <String HEIGHT="47"
                          WIDTH="120"
                          VPOS="898"
                          HPOS="510"
                          CONTENT="etiam"/>
                  <SP HEIGHT="47" WIDTH="13" VPOS="898" HPOS="630"/>
                  <String HEIGHT="47"
                          WIDTH="146"
                          VPOS="898"
                          HPOS="590"
                          CONTENT="Daniel,"/>
                  <SP HEIGHT="47" WIDTH="13" VPOS="898" HPOS="737"/>
                  <String HEIGHT="47" WIDTH="27" VPOS="898" HPOS="683" CONTENT=""/>
               </TextLine>
               <TextLine ID="r1l21"
                         BASELINE="987"
                         HEIGHT="51"
                         WIDTH="608"
                         VPOS="936"
                         HPOS="100">
                  <String HEIGHT="51" WIDTH="65" VPOS="936" HPOS="87" CONTENT="&amp;"/>
                  <SP HEIGHT="51" WIDTH="13" VPOS="936" HPOS="152"/>
                  <String HEIGHT="51"
                          WIDTH="103"
                          VPOS="936"
                          HPOS="113"
                          CONTENT="alii"/>
                  <SP HEIGHT="51" WIDTH="13" VPOS="936" HPOS="216"/>
                  <String HEIGHT="51"
                          WIDTH="181"
                          VPOS="936"
                          HPOS="178"
                          CONTENT="lsraelitae"/>
                  <SP HEIGHT="51" WIDTH="13" VPOS="936" HPOS="359"/>
                  <String HEIGHT="51"
                          WIDTH="116"
                          VPOS="936"
                          HPOS="320"
                          CONTENT="inter"/>
                  <SP HEIGHT="51" WIDTH="13" VPOS="936" HPOS="436"/>
                  <String HEIGHT="51"
                          WIDTH="168"
                          VPOS="936"
                          HPOS="398"
                          CONTENT="Assyrios."/>
                  <SP HEIGHT="51" WIDTH="13" VPOS="936" HPOS="566"/>
                  <String HEIGHT="51"
                          WIDTH="116"
                          VPOS="936"
                          HPOS="527"
                          CONTENT="Certe"/>
                  <SP HEIGHT="51" WIDTH="13" VPOS="936" HPOS="643"/>
                  <String HEIGHT="51"
                          WIDTH="116"
                          VPOS="936"
                          HPOS="592"
                          CONTENT="gentium"/>
               </TextLine>
               <TextLine ID="r1l22"
                         BASELINE="1033"
                         HEIGHT="50"
                         WIDTH="605"
                         VPOS="983"
                         HPOS="100">
                  <String HEIGHT="50"
                          WIDTH="162"
                          VPOS="983"
                          HPOS="85"
                          CONTENT="gladium"/>
                  <SP HEIGHT="50" WIDTH="15" VPOS="983" HPOS="248"/>
                  <String HEIGHT="50"
                          WIDTH="148"
                          VPOS="983"
                          HPOS="203"
                          CONTENT="gessit"/>
                  <SP HEIGHT="50" WIDTH="15" VPOS="983" HPOS="351"/>
                  <String HEIGHT="50"
                          WIDTH="162"
                          VPOS="983"
                          HPOS="307"
                          CONTENT="Romanum"/>
                  <SP HEIGHT="50" WIDTH="15" VPOS="983" HPOS="469"/>
                  <String HEIGHT="50"
                          WIDTH="207"
                          VPOS="983"
                          HPOS="425"
                          CONTENT="praesidium"/>
                  <SP HEIGHT="50" WIDTH="15" VPOS="983" HPOS="631"/>
                  <String HEIGHT="50"
                          WIDTH="133"
                          VPOS="983"
                          HPOS="572"
                          CONTENT="ludaeae"/>
               </TextLine>
               <TextLine ID="r1l23"
                         BASELINE="1077"
                         HEIGHT="59"
                         WIDTH="609"
                         VPOS="1018"
                         HPOS="100">
                  <String HEIGHT="59"
                          WIDTH="198"
                          VPOS="1018"
                          HPOS="86"
                          CONTENT="impositum."/>
                  <SP HEIGHT="59" WIDTH="14" VPOS="1018" HPOS="284"/>
                  <String HEIGHT="59" WIDTH="85" VPOS="1018" HPOS="242" CONTENT="Et"/>
                  <SP HEIGHT="59" WIDTH="14" VPOS="1018" HPOS="327"/>
                  <String HEIGHT="59"
                          WIDTH="170"
                          VPOS="1018"
                          HPOS="284"
                          CONTENT="probauit"/>
                  <SP HEIGHT="59" WIDTH="14" VPOS="1018" HPOS="454"/>
                  <String HEIGHT="59"
                          WIDTH="170"
                          VPOS="1018"
                          HPOS="412"
                          CONTENT="lohannes"/>
                  <SP HEIGHT="59" WIDTH="14" VPOS="1018" HPOS="582"/>
                  <String HEIGHT="59"
                          WIDTH="142"
                          VPOS="1018"
                          HPOS="539"
                          CONTENT="Eucae."/>
                  <SP HEIGHT="59" WIDTH="14" VPOS="1018" HPOS="681"/>
                  <String HEIGHT="59"
                          WIDTH="85"
                          VPOS="1018"
                          HPOS="624"
                          CONTENT="iii."/>
               </TextLine>
               <TextLine ID="r1l24"
                         BASELINE="1106"
                         HEIGHT="41"
                         WIDTH="616"
                         VPOS="1065"
                         HPOS="88">
                  <String HEIGHT="41"
                          WIDTH="169"
                          VPOS="1065"
                          HPOS="73"
                          CONTENT="Neminem"/>
                  <SP HEIGHT="41" WIDTH="15" VPOS="1065" HPOS="242"/>
                  <String HEIGHT="41"
                          WIDTH="246"
                          VPOS="1065"
                          HPOS="196"
                          CONTENT="concutiatis,"/>
                  <SP HEIGHT="41" WIDTH="15" VPOS="1065" HPOS="442"/>
                  <String HEIGHT="41"
                          WIDTH="139"
                          VPOS="1065"
                          HPOS="396"
                          CONTENT="neque"/>
                  <SP HEIGHT="41" WIDTH="15" VPOS="1065" HPOS="535"/>
                  <String HEIGHT="41"
                          WIDTH="200"
                          VPOS="1065"
                          HPOS="488"
                          CONTENT="calumniam"/>
                  <SP HEIGHT="41" WIDTH="15" VPOS="1065" HPOS="689"/>
                  <String HEIGHT="41" WIDTH="77" VPOS="1065" HPOS="627" CONTENT="fa"/>
               </TextLine>
            </TextBlock>
         </PrintSpace>
      </Page>
   </Layout>
</alto>
