1000 1385
76 79 124 69 esse,
159 79 96 69 que
214 79 69 69 &
241 79 233 69 sanctificatio
433 79 137 69 nondum
529 79 82 69 in
571 79 124 69 nobis
639 79 69 69 con

78 137 145 60 sumata
180 137 116 60 sit.
253 137 174 60 Coepimus
383 137 116 60 enim
456 137 160 60 spiritu
572 137 102 60 dei
616 137 87 60 san-

74 182 188 49 ctificari,
221 182 268 49 sanctificamurque
449 182 94 49 dum
503 182 107 49 caro
570 182 107 49 illa
624 182 80 49 pror

78 224 93 50 sus
131 224 172 50 enecetur.
263 224 106 50 lIta
329 224 93 50 fit
382 224 79 50 ut
422 224 132 50 duplex
515 224 93 50 sit
554 224 146 50 sanctorum

77 265 169 47 natura,
200 265 185 47 spiritus
338 265 77 47 &
369 265 139 47 caro.
462 265 139 47 Nouus
554 265 123 47 homo
631 265 77 47 &
646 265 62 47 ue

84 314 121 46 tus.
160 314 182 46 Interior
296 314 121 46 homo
372 314 76 46 &
402 314 197 46 exterior.
554 314 136 46 Caro,
629 314 76 46 non

82 347 147 57 corpus
185 347 147 57 tantum
288 347 191 57 designat,
435 347 88 57 ut
479 347 132 57 supra
553 347 147 57 disputa-

78 388 106 59 tum
138 388 121 59 est,
214 388 106 59 sed
275 388 136 59 totum
366 388 136 59 plane
457 388 167 59 hominem
563 388 136 59 ὑyxχTρα

75 432 86 54 ut
118 432 129 54 uocat
203 432 157 54 Paulus,
317 432 100 54 hoc
375 432 100 54 est
432 432 114 54 eum,
503 432 100 54 qui
546 432 157 54 naturali-

74 468 103 63 bus
133 468 205 63 adfectibus
294 468 73 63 &
324 468 147 63 motibs
426 468 176 63 obnoxius
558 468 117 63 est.
617 468 88 63 ldem

84 518 125 49 quod
162 518 140 49 caro,
256 518 233 49 significant
442 518 125 49 homo
520 518 156 49 uetus,
614 518 93 49 Item

88 556 113 52 homo
159 556 184 52 exterior.
300 556 141 52 Estque
399 556 127 52 caro,
484 556 170 52 quidquid
611 556 99 52 est
653 556 57 52 hu

85 607 182 46 manorum
218 607 215 46 adfectuum
383 607 198 46 secundum
532 607 198 46 naturam.

86 640 110 50 Non
149 640 126 50 modo
228 640 173 50 esurire
354 640 79 50 &
386 640 173 50 sitire,
512 640 110 50 sed
575 640 79 50 &
591 640 110 50 amare

80 692 134 47 opes,
169 692 179 47 gloriam,
303 692 74 47 &
333 692 193 47 huiusmodi
482 692 134 47 alia.
556 692 149 47 Planeque

85 732 119 42 caro
160 732 119 42 sunt
234 732 179 42 uirtutes
368 732 268 42 philosophicae,
592 732 75 42 &
607 732 104 42 cona-

84 763 93 51 tus
137 763 133 51 liberi
230 763 159 51 arbitrii
349 763 225 51 qualescunque.
535 763 133 51 Rursum
614 763 93 51 spiri

84 812 97 51 tus
140 812 111 51 est,
209 812 97 51 cum
264 812 111 51 ipse
333 812 166 51 spiritus
458 812 166 51 sanctus,
582 812 97 51 tum
624 812 83 51 eius

84 850 94 51 in
131 850 140 51 nobis
225 850 203 51 agitatio.
381 850 140 51 Nouus
474 850 140 51 homo,
552 850 156 51 interior

89 896 120 47 homo,
169 896 161 47 spiritus
289 896 120 47 sunt,
370 896 94 47 que
423 896 67 47 a
450 896 147 47 spiritu
557 896 134 47 sancto
637 896 67 47 re-

88 930 165 70 generati
212 930 124 70 sint.
295 930 138 70 Iohan.
391 930 110 70 iii.
460 930 110 70 Quod
528 930 124 70 natum
611 930 96 70 est
652 930 55 70 ex

80 980 161 55 spiritu,
200 980 161 55 spiritus
321 980 107 55 est.
388 980 134 55 Sancti
481 980 107 55 ergo
548 980 134 55 sumus,
629 980 80 55 qua-

92 1017 131 61 tenus
180 1017 175 61 spiritus
312 1017 146 61 sumus,
414 1017 175 61 quatenus
545 1017 146 61 nouati
633 1017 73 61 su-

82 1058 113 66 mus.
153 1058 85 66 In
195 1058 127 66 cane,
280 1058 85 66 in
323 1058 142 66 ueteri
422 1058 142 66 homie,
521 1058 85 66 in
549 1058 156 66 exteriore
