1000 1385
74 71 109 73 dei,
142 71 68 73 &
170 71 122 73 uitae
251 71 177 73 perpetuae
387 71 204 73 pertinebat.
550 71 109 73 Haec
618 71 82 73 de
645 71 68 73 sig

77 135 138 51 norum
169 135 153 51 natura
276 135 122 51 ideo
352 135 153 51 monui,
459 135 92 51 ut
505 135 107 51 qui
566 135 107 51 sit
612 135 92 51 usus

87 173 120 57 pius
162 173 269 57 sacramentorum,
386 173 150 57 possit
491 173 209 57 intelligi,
640 173 60 57 ne

88 215 107 49 quis
155 215 214 49 scholasticos
329 215 174 49 sequatur,
463 215 94 49 qui
503 215 201 49 iustificatio-

87 261 100 51 nem
144 261 171 51 horrendo
272 261 143 51 ertore
372 261 143 51 signis
472 261 214 51 tribuetunt.

85 301 75 48 â‹
115 301 105 48 Duo
175 301 120 48 sunt
250 301 135 48 autem
340 301 135 48 signa
430 301 75 48 a
460 301 165 48 Christo
580 301 90 48 in
610 301 90 48 Euam

80 345 132 51 gelio
168 345 205 51 instituta,
330 345 205 51 Daptismus,
491 345 73 51 &
506 345 205 51 participatio

84 380 161 52 mensae
196 380 177 52 domini.
325 380 113 52 Nos
389 380 129 52 enim
470 380 145 52 signa
550 380 161 52 sacramen

84 424 118 52 talia
163 424 79 52 ea
202 424 105 52 esse
268 424 184 52 iudicamus,
413 424 105 52 quae
478 424 145 52 gratiae
584 424 92 52 dei
623 424 79 52 sig-

86 466 86 49 na
129 466 186 49 diuinitus
272 466 157 49 tradita
386 466 129 49 sunt.
472 466 100 49 Nam
529 466 157 49 diuinae
629 466 72 49 uo-

91 506 169 50 luntatis
218 506 141 50 signum
316 506 113 50 erga
386 506 113 50 nos,
457 506 98 50 nec
513 506 197 50 instituere
654 506 56 50 ho

83 550 141 51 mines
177 550 203 51 possumus,
334 550 109 51 nec
396 550 94 51 ad
443 550 219 51 uoluntatem
615 550 125 51 diui

85 596 104 45 nam
144 596 266 45 significandam,
366 596 89 45 ea
411 596 133 45 signa
500 596 178 45 referre,
618 596 89 45 quae

86 633 118 51 alio
160 633 192 51 scriptura
307 633 177 51 retulit.
440 633 103 51 Quo
499 633 133 51 magis
572 633 133 51 miramur

89 671 116 55 quid
161 671 159 55 uenerit
277 671 87 55 in
320 671 145 55 mentem
421 671 203 55 Sophistis,
566 671 145 55 praeser-

84 719 99 43 tim
140 719 99 43 cum
197 719 141 43 signis
296 719 269 43 iustificationem
522 719 212 43 tribuerent,

89 760 129 42 inter
175 760 201 42 sacramenta
332 760 172 42 referre,
461 760 86 42 ea
504 760 143 42 quorum
605 760 86 42 ne
633 760 72 42 uer

85 800 96 48 bo
133 800 161 48 quidem
245 800 209 48 scriptura
406 800 241 48 meminisset.
599 800 112 48 Nam
647 800 64 48 un

91 843 82 47 de
132 843 177 47 confictus
269 843 109 47 ordo
337 843 109 47 est?
405 843 82 47 Et
446 843 150 47 nuptias
555 843 95 47 non
610 843 82 47 in
637 843 68 47 hoc

81 883 168 52 instituit
211 883 117 52 deus,
288 883 78 52 ut
327 883 130 52 essent
418 883 155 52 proprium
535 883 143 52 gratiae
625 883 78 52 sig-

88 926 125 46 num.
167 926 156 46 Vnctio
276 926 141 46 ritus
370 926 141 46 magis
464 926 141 46 uetus
558 926 125 46 est,
620 926 94 46 quam

89 968 175 47 gratiae
216 968 175 47 signum.
343 968 175 47 Copiose
470 968 222 47 disputauit
629 968 79 47 hac

88 1004 90 53 de
133 1004 90 53 re
178 1004 180 53 Rutherus
313 1004 90 53 in
358 1004 210 53 Dabylonica
509 1004 210 53 captiuitate.

75 1050 124 56 unde
153 1050 186 56 requires
293 1050 217 56 exactiorem
464 1050 279 56 disputationem.
