1000 1385
61 94 123 70 andae
144 94 82 70 in
185 94 110 70 sinu
253 94 151 70 Arabico
363 94 110 70 uiam
431 94 110 70 sibi
500 94 219 70 aperuissent,

64 155 98 44 Sic
120 155 84 44 tu
162 155 98 44 pro
218 155 126 44 certo
302 155 154 44 gratiae
413 155 154 44 diuinae
525 155 154 44 pignore
623 155 70 44 ha-

59 185 134 53 beto
143 185 134 53 hanc
227 185 269 53 demersionem.
445 185 117 53 Nam
512 185 134 53 quod
580 185 117 53 dicit

60 228 85 56 ln
102 228 141 56 nomine
201 228 141 56 patris
300 228 71 56 &
328 228 127 56 filii
413 228 71 56 &
441 228 169 56 spiritus
568 228 155 56 sancti,

62 270 123 53 notat
144 270 136 53 uicem,
239 270 95 53 que
294 270 136 53 pater,
389 270 150 53 filius,
498 270 163 53 spiritus
607 270 82 53 san-

70 317 108 51 ctus
138 317 189 51 baptigent,
287 317 68 51 &
314 317 230 51 interpretetur
504 317 81 51 is
544 317 95 51 qui
585 317 108 51 bapti-

67 354 132 60 xatur,
159 354 145 60 remitti
265 354 106 60 sibi
331 354 145 60 peccata
436 354 79 60 ab
476 354 106 60 ipso
542 354 132 60 patre,
621 354 66 60 fi-

70 396 99 57 lio
126 396 70 57 &
154 396 155 57 spiritu
267 396 155 57 sancto.
380 396 211 57 Significari
535 396 155 57 baptismo,

64 445 111 51 nam
128 445 127 51 hinc
207 445 127 51 usus
286 445 127 51 eius
366 445 254 51 cognoscetur,
556 445 143 51 constat

64 483 194 56 transitum
213 483 104 56 per
273 483 149 56 mortem
378 483 90 56 ad
422 483 149 56 uitam.
527 483 149 56 Estque
616 483 75 56 de-

71 522 143 57 mersio
171 522 157 57 ueteris
285 522 114 57 Adae
357 522 86 57 in
400 522 157 57 mortem,
514 522 72 57 &
529 522 157 57 exuscita-

75 568 96 54 tio
130 568 124 54 noui.
213 568 96 54 lId
268 568 96 54 est
323 568 96 54 cur
378 568 138 54 Paulus
475 568 124 54 uocet
544 568 152 54 lauachrum

70 607 255 56 regenerationis.
284 607 215 56 Intelligetur
459 607 107 56 haec
512 607 188 56 significatio

78 646 88 57 ex
122 646 117 57 typo
196 646 206 57 facillime.
357 646 206 57 Adumbratus
519 646 103 57 est
563 646 132 57 baptis-

75 696 97 42 mus
130 696 166 42 transitu
255 696 207 42 lsraelitage
421 696 97 42 per
476 696 124 42 sinum
545 696 152 42 Arabicum.

83 727 115 61 Quid
155 727 130 61 aliud
241 727 115 61 illi
313 727 115 61 quam
385 727 144 61 mortem
472 727 230 61 ingrediebantur

81 775 101 52 cum
138 775 129 52 aquis
224 775 86 52 se
268 775 244 52 committerent?
469 775 201 52 Transibant
613 775 86 52 fide

80 812 107 56 per
141 812 152 56 aquas,
247 812 107 56 per
308 812 167 56 mortem,
430 812 107 56 dum
491 812 213 56 euaderent.
643 812 61 56 In

80 854 79 54 ea
119 854 159 54 historia
239 854 119 54 gesta
318 854 93 54 res
371 854 106 54 est,
437 854 106 54 quam
503 854 172 54 Daptismus
623 854 79 54 sig-

81 902 171 49 nificat
206 902 140 49 nempe
299 902 109 49 per
362 902 156 49 mortem
471 902 93 49 ad
517 902 140 49 uitam
595 902 109 49 tran-

81 942 142 47 sierunt
184 942 193 47 lsraelitae.
339 942 90 47 Sic
391 942 103 47 tota
455 942 103 47 uita
520 942 181 47 Christiana
649 942 64 47 est

81 983 227 54 mortificatio
266 983 142 54 camis,
365 983 71 54 &
393 983 185 54 renouatio
535 983 185 54 spiritus,
663 983 43 54 &

88 1031 102 39 res,
152 1031 102 39 quam
215 1031 178 39 significat
355 1031 165 39 baptismus
482 1031 140 39 geritur
570 1031 140 39 tantisper

82 1067 112 64 dum
146 1067 176 64 prorsus
274 1067 80 64 a
306 1067 176 64 mortuis
435 1067 240 64 tesurgamus.
611 1067 96 64 Vera
