1000 1385
80 85 210 68 penetrant,
245 85 195 68 admonerem
395 85 165 68 accepti
516 85 135 68 signi
606 85 90 68 de
636 85 75 68 rei

83 142 157 45 euentu,
197 142 242 45 praecipereque
396 142 85 45 ut
439 142 213 45 meminissent
609 142 85 45 in
638 142 71 45 hoc

83 187 163 42 proditum
205 187 136 42 fuisse
300 187 149 42 signum,
409 187 81 42 ne
449 187 108 42 quid
517 187 190 42 dubitarent
653 187 54 42 se

92 227 150 45 seruatum
204 227 100 45 iti.
267 227 100 45 ldem
329 227 150 45 baptismi
442 227 100 45 usus
504 227 88 45 est
554 227 75 45 in
579 227 125 45 mortifi-

93 262 166 45 catione,
218 262 124 45 Monet
300 262 221 45 conscientiam
480 262 221 45 contemrritam
646 262 69 45 re-

81 304 182 51 missionis
221 304 196 51 peccatorum
375 304 70 51 &
403 304 140 51 certam
500 304 140 51 reddit
598 304 84 51 de
626 304 84 51 gra-

91 340 96 57 tia
146 340 110 57 dei.
215 340 151 57 adeoque
324 340 151 57 efficit
434 340 82 57 ut
475 340 82 57 ne
516 340 192 57 desperemus
653 340 55 57 in

91 390 272 40 mortificatione.
320 390 157 40 Proinde
434 390 200 40 quantisper
577 390 143 40 mortifi-

87 426 120 60 catio
167 426 133 60 durat,
260 426 174 60 tantisper
394 426 120 60 signi
474 426 107 60 usus
540 426 107 60 est.
607 426 93 60 Non
647 426 67 60 ab-

87 470 160 47 soluitur
207 470 94 47 aut
260 470 227 47 mortificatio,
448 470 94 47 dum
501 470 120 47 uetus
581 470 107 47 Adam
635 470 80 47 prot

86 513 91 44 sus
138 513 169 44 extinctus
268 513 143 44 fuerit,
372 513 117 44 quare
450 513 104 44 fit,
515 513 78 44 ut
554 513 156 44 interim,
658 513 52 44 ac

85 554 171 51 perpetuo
213 554 99 51 per
270 554 128 51 omnem
355 554 128 51 uitam
440 554 128 51 signi
525 554 114 51 usus
596 554 114 51 sit,
653 554 57 51 qd

87 600 78 38 in
126 600 142 38 assidua
229 600 103 38 illa
294 600 220 38 mortificanone
475 600 207 38 conscientiam
630 600 78 38 con-

86 638 150 46 soletur.
198 638 112 46 Atque
273 638 100 46 hinc
335 638 137 46 adparet
435 638 100 46 quam
498 638 112 46 nihil
573 638 112 46 signa
635 638 75 46 sint

87 681 108 40 nisi
155 681 122 40 fidei
237 681 190 40 exercendae
386 681 108 40 xmα.
453 681 136 40 dααuα.
548 681 95 40 Sic
589 681 122 40 baptis-

83 720 102 49 mum
142 720 160 49 tractat
258 720 145 49 Paulus
359 720 87 49 ad
403 720 102 49 Ro.
461 720 102 49 vi.
519 720 102 49 Qui
577 720 87 49 in
606 720 102 49 Chri-

85 759 109 54 stum
153 759 177 54 baptixati
289 759 122 54 sunt,
371 759 81 54 in
411 759 136 54 mortem
506 759 109 54 eius
561 759 149 54 baptizati

85 803 120 52 sunt,
165 803 93 52 hoc
218 803 107 52 est,
285 803 67 52 &
311 803 80 52 ut
351 803 240 52 mortificentur,
551 803 120 52 sicut
618 803 93 52 Chri-

80 845 117 54 stus
154 845 234 54 mortificatus
344 845 117 54 est,
417 845 73 54 &
446 845 88 54 ut
490 845 146 54 sciant
578 845 132 54 monente

88 886 169 53 baptismo
214 886 98 53 eam
271 886 267 53 mortificationem
495 886 112 53 esse
551 886 155 53 transitum

86 924 87 53 ad
130 924 145 53 uitam.
232 924 102 53 Nam
290 924 116 53 quod
363 924 145 53 adicit
465 924 160 53 Paulus,
567 924 145 53 consepui

86 968 90 48 ti
131 968 135 48 sumus
221 968 105 48 per
281 968 210 48 baptismum,
446 968 150 48 docet,
551 968 105 48 non
596 968 120 48 tantum

84 1013 211 48 mortificari
253 1013 169 48 sanctos,
379 1013 98 48 sed
435 1013 70 48 &
463 1013 84 48 in
491 1013 225 48 mortificatione

83 1053 164 54 sescere,
206 1053 68 54 &
233 1053 123 54 agere
315 1053 164 54 sabbatum
438 1053 191 54 sepulturae
575 1053 136 54 Christi.
