1000 1385
75 68 149 82 derent.
184 68 95 82 hoc
238 68 108 82 est,
306 68 81 82 in
346 68 135 82 lesum.
441 68 81 82 Et
481 68 135 82 Matth.
576 68 122 82 xiii.
644 68 54 82 Io

76 128 146 56 hannes
178 128 175 56 testatur
310 128 117 56 suum
382 128 189 56 baptismum
528 128 117 56 esse
586 128 117 56 signum

75 171 124 67 futuri
161 171 148 67 baptismi
273 171 87 67 per
322 171 148 67 spiritum
433 171 148 67 sanctum,
545 171 87 67 cum
594 171 124 67 inqut.

77 215 107 52 Ego
138 215 168 52 baptizo
260 215 107 52 uos
321 215 92 52 in
367 215 137 52 aqua,
459 215 107 52 qui
520 215 122 52 post
596 215 92 52 me
627 215 76 52 uen

75 257 125 57 turus
158 257 97 57 est
214 257 194 57 baptizabit
366 257 97 57 uos
422 257 153 57 spiritu
533 257 153 57 sancto.
630 257 69 57 Nam

71 291 96 64 hoc
126 291 123 64 agit,
208 291 82 64 se
249 291 96 64 non
304 291 109 64 esse
372 291 178 64 Christum,
509 291 96 64 sed
563 291 137 64 testem
645 291 55 64 de

77 334 159 60 Christo.
196 334 119 60 Sicut
275 334 132 60 Ioham.
368 334 106 60 iii,
434 334 145 60 inquit.
539 334 93 60 Non
592 334 93 60 sum
632 334 66 60 ego

81 379 172 57 Christus.
213 379 145 57 Adeoque
318 379 106 57 idem
384 379 172 57 baptismus
516 379 145 57 uterque
609 379 79 57 sig-

80 411 162 71 nificat,
202 411 95 71 sed
256 411 95 71 hoc
311 411 203 71 discrimine,
473 411 95 71 que
527 411 122 71 adhuc
595 411 108 71 praedi

85 462 141 62 candae
184 462 155 62 gratiae
296 462 169 62 lohannis
423 462 183 62 baptismus
550 462 141 62 testimo-

76 511 102 52 nium
140 511 114 52 erat,
216 511 140 52 Christi
318 511 165 52 baptismus
445 511 89 52 iam
496 511 165 52 collatae.
610 511 89 52 Neque

75 543 139 65 aliter
172 543 139 65 opinor
270 543 236 65 baptizauetumt
465 543 153 65 Christi
562 543 139 65 discipu-

83 582 73 62 li
119 582 121 62 lohan.
204 582 109 62 iiii,
277 582 97 62 quam
337 582 158 62 lohannes,
459 582 73 62 eo
495 582 85 62 que
543 582 145 62 Christus
640 582 61 62 non

88 628 89 68 dum
139 628 115 68 esset
216 628 217 68 glorificatus.
394 628 76 68 Et
432 628 153 68 oportuit
547 628 127 68 iterum
624 628 76 68 bap-

78 668 150 59 tizari,
188 668 96 59 qui
242 668 164 59 Iohannis
365 668 164 59 baptismo
488 668 109 59 loti
556 668 136 59 erant,
638 668 68 59 quo

83 708 115 62 certi
160 708 128 62 essent
250 708 77 62 se
288 708 90 62 iam
339 708 179 62 consecutos
480 708 102 62 esse
531 708 167 62 temissionem

85 751 220 65 peccatorum,
262 751 117 65 quam
335 751 206 65 obuenturam
496 751 176 65 hactenus
614 751 88 65 cre-

84 794 192 71 diderant.
232 794 103 71 Nam
291 794 88 71 in
335 794 103 71 hoc
394 794 133 71 signa
482 794 221 71 adhibentur,
644 794 59 71 ut

85 837 214 65 conscientiam
259 837 214 65 certificent.
432 837 94 65 Non
486 837 241 65 iustificabant,

83 881 117 65 neque
161 881 168 65 Iohannis,
290 881 117 65 neque
368 881 143 65 Christi
472 881 181 65 baptismus,
614 881 78 65 de
640 881 65 65 sig

86 918 93 63 nis
139 918 147 63 loquor,
246 918 93 63 sed
299 918 240 63 certificabant,
500 918 160 63 Iohannis
607 918 93 63 laua-

85 952 131 64 chrum
172 952 87 64 de
215 952 218 64 praedicanda
389 952 131 64 adhuc
476 952 160 64 gratia.
578 952 131 64 Christi

75 1001 196 62 baptismus,
229 1001 196 62 testabatur
383 1001 98 62 iam
438 1001 168 62 collatam
564 1001 112 62 esse
620 1001 84 62 gra-

82 1043 135 77 tiam,
172 1043 75 77 &
202 1043 225 77 promulgatam
382 1043 240 77 promissionem
562 1043 150 77 gratiae.
