1000 1385
73 63 229 77 Euangelium
252 63 114 77 non
318 63 147 77 scmel
416 63 180 77 tantum,
546 63 114 77 sed
595 63 131 77 iteram

81 121 129 54 atque
166 121 143 54 iterum
266 121 186 54 remittere
409 121 186 54 peccatum.
552 121 129 54 Quare
624 121 71 54 non

79 159 147 58 minus
177 159 98 58 ad
226 159 197 58 secundam
373 159 295 58 condonationem,
603 159 98 58 quam

83 198 94 58 ad
130 198 157 58 primam
241 198 205 58 baptismus
398 198 205 58 pertinet.
555 198 110 58 Est
603 198 94 58 enim

76 246 185 59 baptismus
218 246 200 59 Euangelii,
375 246 86 59 id
418 246 100 59 est
475 246 214 59 remissionis
632 246 71 59 pec

86 282 162 62 catorum
204 282 147 62 arrabo
307 282 74 62 &
336 282 162 62 pignus.
454 282 147 62 Matth.
557 282 147 62 xviii.
645 282 59 62 Pe

84 325 119 57 trus
158 325 222 57 interrogat,
336 325 163 57 Quoties
455 325 148 57 debeat
544 325 163 57 remittere

82 365 213 58 fratribus,
249 365 107 58 ubi
310 365 167 58 dominus
432 365 213 58 respondet,
584 365 122 58 Septua

80 408 106 56 gies
146 408 146 56 septies
252 408 199 56 condonandum
411 408 119 56 esse.
491 408 93 56 Et.
544 408 80 56 i.
583 408 133 56 Iohan.
663 408 53 56 li

85 446 104 63 Sed
145 446 74 63 &
174 446 89 63 si
219 446 119 63 quis
293 446 223 63 peccauarit,
472 446 193 63 aduocatum
606 446 104 63 habe-

83 491 110 63 mus
146 491 125 63 apud
224 491 172 63 patrem,
350 491 141 63 lesum
444 491 204 63 Christum,
600 491 78 63 &
616 491 94 63 ipse

89 530 91 59 est
141 530 194 59 propitiatio
296 530 91 59 pro
348 530 155 59 peccatis
465 530 143 59 nostris
568 530 91 59 &c,
620 530 78 59 &.
646 530 65 59 ii.

88 566 147 59 Corint.
195 566 94 59 ii.
248 566 134 59 Paulus
342 566 134 59 recipi
436 566 121 59 iubet
516 566 174 59 incestum.
637 566 67 59 Est

84 612 80 64 &
116 612 128 64 opud
196 612 271 64 Chrysostomum,
419 612 80 64 &
451 612 175 64 citatur
578 612 96 64 ex
610 612 96 64 Cle-

84 658 140 58 mente
178 658 233 58 Alexandrino
365 658 187 58 lohannis
505 658 187 58 Apostoli
629 658 78 58 fa-

89 699 146 64 ctum,
186 699 114 64 qui
251 699 179 64 iuuenem
381 699 179 64 quendam
511 699 227 64 desertorem

85 747 92 58 ad
131 747 246 58 poenitentiam
315 747 184 58 reuocatit.

119 803 87 83 Et
162 803 115 83 quia
234 803 231 83 poenitentiam
421 803 159 83 partiti
537 803 115 83 sunt
609 803 87 83 in
638 803 72 83 con

87 865 201 53 tritionem,
245 865 230 53 Confessionem
432 865 72 53 &
461 865 129 53 Satis
532 865 173 53 factionem.

91 909 140 58 paucis
189 909 181 58 referemus
328 909 84 58 de
370 909 98 58 his
426 909 153 58 nostram
524 909 181 58 sententiam.

91 949 83 57 De
133 949 206 57 contritioue
298 949 124 57 satis
380 949 138 57 dictum
476 949 110 57 est,
545 949 110 57 quae
614 949 83 57 si
641 949 69 57 ue-

87 988 75 58 ra
125 988 100 58 est,
188 988 200 58 mortificatio
351 988 175 58 uetustatis
488 988 138 58 nostrae
589 988 100 58 est,
639 988 75 58 quam

87 1032 107 68 ita
148 1032 138 68 uocat
240 1032 214 68 scriptura,
408 1032 138 68 dolor
500 1032 153 68 omnino
592 1032 122 68 maior,
