1000 1385
285 72 161 51 bantur,
402 72 117 51 nisi
475 72 102 51 qui
534 72 131 51 poena
621 72 117 51 illa
694 72 161 51 publica
796 72 117 51 defun-

278 122 111 53 cti
342 122 158 53 erant.
452 122 127 53 Eius
532 122 190 53 exemplum
674 122 143 53 adhuc
769 122 143 53 manet
849 122 63 53 in

273 166 181 54 publicis
409 166 241 54 poenitenciis
605 166 196 54 nostrorum
740 166 166 54 temporum,

284 203 101 52 cum
341 203 188 52 homicidae
486 203 87 52 in
529 203 173 52 ecclesia
659 203 217 52 plectuntur.
818 203 87 52 Hanc

275 246 236 51 poenitentiae
467 246 148 51 formam
570 246 192 51 describit
718 246 177 51 quisquis
836 246 74 51 est

282 293 205 56 tripartitae,
449 293 103 56 quam
513 293 141 56 uocant,
615 293 167 56 historiae
743 293 141 56 auctor,
833 293 77 56 grae

275 340 100 48 cus
332 340 85 48 ut
374 340 171 48 adparet.
502 340 142 48 Aitque
602 340 270 48 Constantinopoli
816 340 85 48 anti

272 378 162 38 quatam,
390 378 147 38 durare
493 378 132 38 adhuc
581 378 88 38 in
625 378 191 38 ecclesiis
758 378 147 38 occiden-

273 418 164 50 talibus,
396 418 137 50 estque
492 418 96 50 ea,
547 418 123 50 cuius
629 418 123 50 saepe
711 418 178 50 Cyprianus
834 418 68 50 me-

273 458 166 49 minit.
390 458 116 49 Qui
456 458 116 49 cum
523 458 100 49 de
573 458 233 49 publicorum
739 458 166 49 criminum

272 494 236 60 confessione
461 494 205 60 loquitur,
619 494 142 60 tamen
713 494 173 60 indicat
823 494 79 60 eam

267 538 130 51 coram
353 538 187 51 sacerdote
497 538 159 51 potius,
613 538 115 51 quam
685 538 173 51 uniuersa
800 538 101 51 eccle

269 583 103 55 sia
328 583 162 55 factam.
446 583 162 55 Require
564 583 88 55 si
608 583 132 55 libet
696 583 118 55 eius
755 583 147 55 sermonem

269 620 83 57 de
311 620 151 57 lapsis.
421 620 124 57 Verba
503 620 151 57 graecae
613 620 179 57 historiae
751 620 179 57 subiciam.

276 666 124 44 Visum
359 666 97 44 est
414 666 166 44 antiquis
539 666 235 44 pontificibus,
732 666 83 44 ut
774 666 124 44 uelut
843 666 55 44 in

269 711 177 48 theatro,
402 711 103 48 sub
461 711 206 48 testimonio
623 711 251 48 Ecclesiastici
815 711 88 48 popu

268 752 88 42 li
312 752 161 42 delicta
429 752 205 42 pandantur,
590 752 73 42 &
619 752 102 42 hac
678 752 146 42 caussa
765 752 132 42 presby-

269 796 124 50 terum
352 796 124 50 bonae
435 796 262 50 conuersationis,
655 796 221 50 seruantemque
821 796 69 50 se-

268 838 149 45 creti,
373 838 90 45 ac
417 838 194 45 sapientem
567 838 134 45 uirum
656 838 269 45 designauetunt,

266 879 85 49 ad
308 879 114 49 quem
379 879 199 49 adcedentes
536 879 99 49 hi,
593 879 99 49 qui
649 879 227 49 deliquerant,
820 879 71 49 de-

269 917 130 49 licta
355 917 159 49 propria
471 917 217 49 fatebantur.
645 917 87 49 At
688 917 116 49 ille
746 917 145 49 secundum

263 967 261 36 uniuscuiusque
477 967 169 36 culpam,
600 967 169 36 mulctam
707 967 184 36 indicebat.

260 1002 116 45 Quod
333 1002 131 45 etiam
420 1002 174 45 hactenus
551 1002 203 45 diligenter
711 1002 87 45 in
740 1002 145 45 occiden-

249 1044 162 65 talibus
367 1044 177 65 seruatur
500 1044 207 65 ecclesiis,
663 1044 74 65 &
692 1044 148 65 maxime
781 1044 118 65 Romae,
