1000 1385
102 64 116 63 lium
174 64 203 63 communiter
333 64 188 63 uniuersae
478 64 188 63 Ecclesiae
608 64 130 63 praedi-

101 123 127 50 cari,
186 123 127 50 tamem
271 123 99 50 tum
327 123 127 50 demum
412 123 141 50 certus
511 123 85 50 es
553 123 85 50 id
596 123 85 50 ad
638 123 85 50 te
666 123 71 50 pro

99 165 122 43 prie
175 165 214 43 pertinere,
343 165 122 43 quom
420 165 92 43 tu
465 165 183 43 priuatim
603 165 92 43 ac
633 165 92 43 pro-

100 209 118 47 prie
174 209 221 47 absoluetis.
351 209 103 47 Non
410 209 133 47 sitit
498 209 162 47 gratiam
616 209 103 47 qui
660 209 74 47 non

104 251 184 43 efflictim
246 251 128 43 cupit
331 251 142 43 audire
430 251 199 43 sententiam
586 251 85 43 de
629 251 85 43 se
657 251 71 43 di-

106 284 162 48 uinam.
219 284 113 48 Est
284 284 130 48 enim
365 284 113 48 dei
430 284 113 48 non
495 284 178 48 hominum
608 284 130 48 senten

105 329 116 43 tia,
178 329 102 43 qua
236 329 218 43 absolueris.
410 329 116 43 modo
483 329 218 43 absolutioni
643 329 87 43 cre-

107 364 119 49 das.
181 364 119 49 Quam
256 364 134 49 certa
345 364 119 49 erat
419 364 149 49 mulier
523 364 193 49 peccatrix
657 364 74 49 Eu-

102 410 128 46 cae.
182 410 128 46 vii,
262 410 160 46 culpam
374 410 144 46 omnem
471 410 128 46 sibi
535 410 192 46 condonatam

105 449 134 45 esse,
195 449 104 45 cum
254 449 164 45 audiret
373 449 164 45 Christi
493 449 149 45 uocem.
582 449 149 45 Remittun

101 493 101 48 tur
158 493 115 48 tibi
230 493 172 48 peccata,
359 493 101 48 tam
417 493 144 48 certus
517 493 115 48 esto
589 493 86 48 tu
618 493 115 48 quoque

101 532 97 56 cum
157 532 69 56 a
184 532 153 56 fratre,
295 532 166 56 quisquis
420 532 111 56 est,
489 532 208 56 absolueris.
642 532 97 56 Neque

109 574 113 46 uero
180 574 226 46 absoluuntur,
363 574 113 46 nisi
434 574 99 46 qui
491 574 71 46 &
519 574 156 46 absolui
632 574 85 46 se
660 574 71 46 op-

103 619 122 49 tant
179 619 77 49 &
210 619 184 49 credunt,
348 619 138 49 quare
439 619 107 49 non
501 619 230 49 absoluuntur
669 619 61 49 ii

102 661 102 50 qui
161 661 145 50 coacti
262 661 204 50 pontificia
423 661 262 50 constitutione,
626 661 102 50 quot-

94 700 141 50 annis
188 700 251 50 confessionem
392 700 78 50 &
423 700 251 50 poenitentiam
611 700 110 50 simu-

96 740 135 46 lant.
186 740 120 46 Immo
261 740 179 46 ludibrio
395 740 150 46 habent
500 740 194 46 Christum,
649 740 105 46 qui

103 788 141 49 adacti
202 788 113 49 lege
272 788 198 49 pontificia
428 788 99 49 non
484 788 184 49 desiderio
611 788 113 49 spiri-

97 827 125 50 tus,
176 827 251 50 absolutionem
364 827 141 50 petunt.

106 864 69 61 â‹
134 864 207 61 Satisfactio
299 864 124 61 nulla
382 864 96 61 est
437 864 152 61 praeter
547 864 152 61 Christi
643 864 83 61 mor-

95 916 116 49 tem.
167 916 159 49 Esaiae.
282 916 130 49 liii.
369 916 116 49 Ipse
441 916 217 49 iniquitates
600 916 130 49 nostras

94 959 209 48 portauit.
254 959 128 48 Quae
335 959 128 48 uero
415 959 128 48 nunc
479 959 241 48 poenitentibus

98 997 287 44 satisfactiones
337 997 239 44 imperantur,
529 997 175 44 hominum
640 997 80 44 in
