1000 1385
105 82 108 67 lum
166 82 170 67 propter
290 82 139 67 iram,
383 82 108 67 sed
445 82 77 67 &
476 82 170 67 propter
584 82 155 67 conscien

106 136 140 47 tiam.
200 136 109 47 Nam
262 136 171 47 caritas
387 136 109 47 nos
449 136 218 47 obstringit
621 136 94 47 ad
652 136 78 47 om-

106 180 98 48 nia
162 180 126 48 onera
232 180 140 48 ciuilia.

142 227 202 58 Postremo,
298 227 93 58 si
345 227 125 58 quid
423 227 187 58 imperent
547 227 187 58 tyrannice,

105 270 98 52 hic
161 270 140 52 quoque
259 270 169 52 ferendus
386 270 98 52 est
442 270 225 52 magistratus,
611 270 126 52 propter

113 316 199 48 caritatem,
269 316 99 48 ubi
326 316 114 48 sine
397 316 156 48 publico
511 316 128 48 motu,
596 316 114 48 sine
653 316 85 48 sedi

103 360 128 50 tione
188 360 128 50 nihil
273 360 142 50 mutari
372 360 156 50 potest.
486 360 128 50 Iuxta
571 360 142 50 illud,
670 360 99 50 Qui

111 400 216 53 percusserit
283 400 86 53 te
327 400 86 53 in
370 400 173 53 dextram,
500 400 158 53 obuerte
615 400 86 53 ei
658 400 72 53 &
672 400 58 53 si

112 442 169 53 nistram.

139 493 119 64 Quod
214 493 90 64 si
258 493 134 64 citra
348 493 209 64 scandalum,
512 493 134 64 citra
587 493 149 64 publicum

106 542 126 58 motum
190 542 126 58 elabi
274 542 154 58 possis,
386 542 168 58 elabere,
511 542 84 58 ut
553 542 84 58 si
581 542 154 58 coniectus

104 582 97 54 sis
159 582 83 54 in
201 582 166 54 carcerem
325 582 124 54 nihil
408 582 110 54 mali
477 582 152 54 mentus,
587 582 69 54 &
601 582 124 54 effrin-

108 623 112 56 gere
178 623 154 56 possis,
290 623 112 56 sine
360 623 154 56 publico
471 623 126 56 motu,
555 623 98 56 nil
611 623 126 56 uetat
681 623 56 56 fu

106 670 123 52 gere.
188 670 123 52 Iuxta
270 670 136 52 illud,
366 670 136 52 primae
461 670 164 52 Corinth.
584 670 109 52 vii.
652 670 82 52 Si
679 670 55 52 po

108 710 89 58 tes
159 710 114 58 liber
235 710 114 58 fieri
312 710 114 58 magis
375 710 102 58 utere.

174 760 83 55 De
216 760 249 55 Ecclesiasticis
423 760 235 55 magistratibus
617 760 97 55 sic
659 760 69 55 cen

99 803 152 54 semus,
205 803 152 54 Primum
311 803 197 54 ministros
462 803 121 54 esse
538 803 212 54 Episcopos,

103 853 101 42 non
160 853 203 42 potestates
320 853 101 42 aut
378 853 232 42 magistratus.
566 853 145 42 Deinde
653 853 72 42 non

94 891 158 48 habere
205 891 110 48 ius
268 891 205 48 Episcopos
425 891 189 48 condendi
567 891 158 48 leges,
662 891 63 48 ut

98 927 166 55 quibus
215 927 200 55 mandatum
365 927 117 55 sit
431 927 233 55 praedicare
598 927 133 55 uerbum

96 979 109 44 dei
159 979 171 44 tantum,
283 979 109 44 non
345 979 187 44 hominum,
486 979 93 44 ut
532 979 140 44 supra
610 979 109 44 dixi-

96 1017 111 55 mus.
165 1017 83 55 Et
207 1017 83 55 ex
248 1017 138 55 Hiere.
345 1017 138 55 xxiii:
442 1017 125 55 satis
512 1017 138 55 adparet.
