1000 1385
318 86 171 55 iPrimum
443 86 125 55 ergo
521 86 94 55 si
568 86 171 55 doceant
693 86 234 55 scripturam,
864 86 78 55 sic

310 131 168 57 qudiendi
436 131 112 57 sunt
506 131 84 57 ut
548 131 182 57 Christus.
688 131 126 57 Iuxta
772 131 140 57 illud,
870 131 98 57 Qui

310 185 106 49 uos
371 185 152 49 audit,
477 185 91 49 me
522 185 152 49 audit.
629 185 106 49 Nam
689 185 91 49 ad
735 185 228 49 scripturam,

313 225 98 38 non
369 225 84 38 ad
411 225 210 38 traditiones
579 225 154 38 humanas
692 225 182 38 pertinet.
832 225 84 38 ut
860 225 70 38 pa-

314 257 131 61 tet,
395 257 114 61 cum
461 257 180 61 inquit,
592 257 114 61 Qui
657 257 213 61 prophetam
804 257 131 61 nomine

312 303 195 55 prophetae
462 303 210 55 receperit,
627 303 105 55 non
671 303 270 55 pseudoprophetam.

322 342 148 57 ⁋Deinde
429 342 81 57 si
469 342 108 57 quid
537 342 134 57 contra
631 342 188 57 scripturam
779 342 188 57 docuerint,

309 389 105 47 non
369 389 120 47 sunt
444 389 195 47 audiendi.
594 389 120 47 Act.
670 389 90 47 v.
715 389 165 47 Oportet
835 389 105 47 deo
880 389 60 47 ma

312 433 105 51 gis
372 433 164 51 obedire
491 433 120 51 quam
566 433 209 51 hominibus.
731 433 90 51 Et
776 433 150 51 Matth.
865 433 75 51 xv.

314 471 151 47 lrritum
424 471 165 47 fecistis
548 471 165 47 mandatum
672 471 96 47 dei
727 471 151 47 propter
823 471 110 47 tradi-

320 512 148 57 tionem
424 512 177 57 uestram.
557 512 148 57 Contra
660 512 103 57 ius
719 512 163 57 diuinum
823 512 118 57 decre-

312 557 108 46 tum
373 557 108 46 est
435 557 77 46 a
465 557 123 46 Papa
542 557 108 46 hoc
604 557 169 46 tempore
727 557 92 46 in
773 557 138 46 Dulla
850 557 92 46 quam

314 597 183 45 Rutherus
451 597 183 45 damnatus
588 597 122 45 est,
665 597 107 45 hic
726 597 198 45 nentiquam
863 597 76 45 au-

324 637 145 49 diendus
429 637 105 49 est.

330 671 68 65 ⁋
358 671 137 65 Tertio
453 671 82 65 si
494 671 109 65 quid
563 671 150 65 praeter
672 671 191 65 scripturam
809 671 123 65 statue-

322 718 127 54 rint,
407 718 85 54 in
449 718 113 54 hoc,
520 718 85 54 ut
562 718 226 54 conscientias
745 718 226 54 obstringant,

314 763 111 50 non
377 763 126 50 sunt
456 763 205 50 audiendi.
614 763 142 50 Nihil
709 763 126 50 enim
772 763 174 50 conscien-

311 804 111 48 tiam
380 804 153 48 obligat
491 804 111 48 nisi
561 804 97 48 ius
616 804 166 48 diuinum.
741 804 83 48 De
783 804 97 48 his
824 804 111 48 loque-

319 850 124 47 batur
402 850 152 47 Pausus.
512 850 83 47 i.
554 850 152 47 Timoth,
664 850 124 47 iiii,
747 850 97 47 ubi
788 850 152 47 doctrinas

315 893 225 42 daemoniorum
495 893 150 42 uocat,
600 893 135 42 legem
689 893 90 42 de
734 893 210 42 coelibatu,
884 893 60 42 de

317 930 119 53 cibis
396 930 212 53 interdictis,
569 930 106 53 quae
635 930 159 53 quanquam
754 930 93 53 non
794 930 146 53 uideantur

328 971 167 55 aduersari
456 971 192 55 scripturae,
610 971 77 55 ut
649 971 103 55 quae
713 971 90 55 per
764 971 103 55 sese
829 971 90 55 non
867 971 77 55 sint

320 1014 122 55 mala.
402 1014 122 55 Malus
483 1014 108 55 enim
550 1014 189 55 coelibatus
699 1014 95 55 non
753 1014 108 55 est.
807 1014 135 55 Abstine-

315 1058 92 50 re
361 1058 169 50 canibus
484 1058 138 50 malum
576 1058 108 50 non
638 1058 123 50 est.
714 1058 108 50 Sed
776 1058 138 50 impia
853 1058 92 50 haec
