1000 1385
42 89 117 61 uerit
120 89 104 61 unum
185 89 78 61 de
225 89 157 61 pusillis
342 89 117 61 istis
420 89 91 61 qui
472 89 78 61 in
512 89 78 61 me
538 89 117 61 credunt

38 144 134 43 satius
132 144 134 43 fuerat
226 144 94 43 eum
280 144 108 43 mola
347 144 161 43 asinaria
468 144 81 43 de
508 144 121 43 collo
575 144 81 43 sus-

47 182 127 55 pensa
132 182 169 55 demersum
259 182 113 55 esse
329 182 99 55 &c.
386 182 155 55 Caritas
499 182 169 55 laeditur
612 182 56 55 si

40 233 119 47 quis
115 233 164 47 egentem
234 233 104 47 non
293 233 179 47 adiuuet,
427 233 223 47 interturbet
591 233 74 47 pub

44 267 130 57 licam
130 267 145 57 pacem.
231 267 87 57 De
275 267 101 57 hoc
333 267 145 57 genere
434 267 173 57 Christus
564 267 130 57 loqui

40 312 99 48 tur
97 312 142 48 Matth.
196 312 128 48 xvii:
281 312 85 48 de
324 312 156 48 tributo
438 312 227 48 persoluendo,
608 312 57 48 ne

39 352 275 52 scandaligemus
249 352 81 52 eos

74 395 87 41 in
117 395 101 41 iis
175 395 116 41 quae
247 395 188 41 exiguntur
391 395 116 41 iure
463 395 159 41 diuino,
579 395 130 41 nullo

33 439 181 43 respectu
168 439 196 43 scandali,
319 439 120 43 iuri
394 439 150 43 diuino
484 439 181 43 obtemperan

46 474 121 54 dum
115 474 138 54 est,
201 474 241 54 faciendum,
390 474 86 54 &
425 474 207 54 docendum
563 474 103 54 quod

43 524 159 45 exigitur
162 524 106 45 iure
228 524 146 45 diuino,
335 524 133 45 Semper
427 524 106 45 enim
494 524 119 45 fides
560 524 93 45 cari-

46 565 102 50 tati
110 565 192 50 praeferenda
264 565 102 50 est.
328 565 115 50 Atque
404 565 90 50 huc
455 565 128 50 iterum
545 565 115 50 facit
609 565 51 50 qd

39 606 102 48 est
98 606 87 48 in
141 606 146 48 Actis.
243 606 87 48 v.
287 606 160 48 Oportet
404 606 102 48 deo
462 606 131 48 magis
535 606 131 48 obedire

40 647 112 43 quam
110 647 196 43 hominibus.
264 647 84 43 Et
306 647 168 43 Christus
431 647 154 43 inquit,
543 647 98 43 Non
585 647 70 43 ue-

37 691 92 50 ni
83 691 138 50 pacem
175 691 169 50 mittere
297 691 107 50 sed
359 691 184 50 gladium.
496 691 107 50 Sic
542 691 123 50 Daniel

36 723 105 56 non
96 723 240 56 obtempetabat
291 723 120 56 legi
365 723 90 56 de
410 723 150 56 statua
515 723 135 56 aurea
590 723 75 56 ado

40 775 151 44 randa.
146 775 106 44 Nec
206 775 106 44 nos
266 775 181 44 pareamus
402 775 151 44 impiis
493 775 166 44 principi-

44 815 109 48 bus
107 815 233 48 damnantibus
293 815 218 48 Euangelium
464 815 109 48 hoc
511 815 155 48 tempore.

75 849 85 60 in
117 849 99 60 iis
174 849 113 60 quae
245 849 113 60 sunt
316 849 127 60 iuris
401 849 142 60 humani
500 849 71 60 &
528 849 142 60 media,
627 849 85 60 ut
656 849 42 60 H

49 898 216 49 coelibatus,
221 898 187 49 abstinere
365 898 72 49 a
394 898 173 49 canibus,
523 898 101 49 non
566 898 101 49 obli-

38 946 103 43 gat
97 946 176 43 traditio
229 946 147 43 humana
332 946 88 43 in
376 946 117 43 casu
435 946 220 43 necessitatis.

45 973 103 56 Nam
104 973 74 56 &
134 973 177 56 Christus
267 973 89 56 de
311 973 148 56 diuina
414 973 133 56 lege,
503 973 89 56 in
547 973 118 56 casu
606 973 59 56 ne

37 1019 182 52 cessitatis
180 1019 182 52 dispensat.
323 1019 130 52 Matth.
414 1019 91 52 xi.
466 1019 182 52 Discipulis
596 1019 65 52 spi

34 1063 105 52 cas
94 1063 241 52 uellentibus.
290 1063 150 52 Quanto
395 1063 135 52 magis
485 1063 135 52 licet
561 1063 105 52 homi
