1000 1385
257 98 99 57 num
313 98 212 57 traditiones
483 98 85 57 si
525 98 198 57 necessitas
681 98 127 57 uitae
752 98 141 57 postulet

258 145 163 51 uiolare.
381 145 123 51 Multo
463 145 123 51 magis
544 145 150 51 uiolare
653 145 150 51 liceat,
762 145 82 51 si
790 145 95 51 peri-

260 187 162 44 clitetur
381 187 135 44 anima,
475 187 81 44 ut
516 187 81 44 si
556 187 135 44 uratur
651 187 175 44 sacerdos,
786 187 81 44 ut
813 187 67 44 uo-

255 227 116 47 cant.
332 227 116 47 Iuxta
409 227 129 47 illud,
499 227 90 47 ii.
551 227 141 47 Corint.
654 227 103 47 ult.
718 227 103 47 Data
782 227 90 47 est
821 227 64 47 no-

261 269 94 49 bis
314 269 162 49 potestas
436 269 81 49 in
476 269 243 49 aedificationem
679 269 94 49 non
733 269 81 49 in
760 269 121 49 destru-

256 311 184 54 ctionem.
394 311 154 54 Paulus
501 311 92 54 ad
547 311 154 54 Colos.
655 311 107 54 ii.
716 311 154 54 damnat
808 311 77 54 le-

260 353 109 56 ges
323 353 124 56 quae
400 353 155 56 corpus
509 353 186 56 immodice
633 353 155 56 onerant.

291 395 128 58 Coram
376 395 200 58 pharisaeis
533 395 214 58 exigentibus
705 395 143 58 suarum
790 395 86 58 tra-

257 442 180 43 ditionum
392 442 270 43 obseruationem,
617 442 135 43 quasi
692 442 195 43 necessariae

257 478 112 55 sint
327 478 84 55 ad
369 478 167 55 salutem,
494 478 126 55 nullo
578 478 167 55 respectu
704 478 167 55 scandali
815 478 70 55 uio

255 527 154 46 lentur.
367 527 126 46 Fecit
450 527 98 46 hoc
506 527 84 46 in
548 527 112 46 iure
618 527 140 46 diuino
716 527 154 46 Paulus,
813 527 70 46 cum

260 562 122 56 Titum
342 562 217 56 circumcidere
518 562 149 56 nollet,
626 562 81 56 ad
667 562 136 56 Galat.
762 562 81 56 i.
789 562 95 56 Quan-

262 614 82 41 to
303 614 123 41 magis
385 614 136 41 liceat
481 614 82 41 in
521 614 150 41 stultis
631 614 232 41 traditionibus
808 614 68 41 pa-

259 646 177 59 pisticis.
396 646 82 59 Et
436 646 163 59 Christus
559 646 123 59 iubet
641 646 163 59 sinendos
763 646 109 59 esse
818 646 68 59 eos

269 687 92 62 qui
321 687 262 62 scandalizabantur
544 687 105 62 quod
610 687 118 62 coeci
688 687 144 62 essent,
793 687 66 62 &
806 687 79 62 coe-

263 734 149 48 corum
345 734 132 48 duces.

313 774 171 47 Docendae
441 774 199 47 libertatis
597 774 142 47 gratia
697 774 156 47 uiolare
796 774 100 47 licet

263 811 223 53 traditiones
442 811 179 53 humanas,
576 811 89 53 ut
620 811 223 53 intelligant
784 811 104 53 impe-

262 860 124 50 riti,
345 860 96 50 non
400 860 151 50 peccari
510 860 151 50 etiamsi
620 860 110 50 quid
689 860 138 50 contra
771 860 110 50 tradi-

264 896 157 53 tiones
374 896 173 53 hominum
500 896 220 53 admittant.
672 896 141 53 Plane
766 896 94 53 in
798 896 94 53 tali

261 937 111 49 casu
331 937 209 49 reprehendit
498 937 139 49 Petrum
595 937 153 49 Paulus,
707 937 98 49 que
749 937 139 49 cesserat

267 978 197 51 imperitis,
421 978 126 51 leges
506 978 140 51 stulte
604 978 239 51 obseruantibus
801 978 70 51 &
815 978 70 51 ig-

266 1023 123 51 natis
348 1023 191 51 libertatis
484 1023 191 51 Euangelicae.

285 1062 132 60 Apud
367 1062 197 60 infirmos
515 1062 82 60 &
548 1062 115 60 qui
613 1062 164 60 nondum
712 1062 181 60 audierunt
