1000 1385
292 159 200 56 Scriptura
445 159 107 56 non
507 159 138 56 uocat
599 159 107 56 hoc
660 159 215 56 originale,
814 159 107 56 illud

296 201 144 52 actuale
401 201 170 52 peccatum.
531 201 92 52 Est
584 201 105 52 enim
649 201 65 52 &
675 201 170 52 originale
793 201 131 52 peccatum

296 243 129 50 plane
382 243 172 50 actualis
510 243 157 50 quaedam
625 243 129 50 praua
710 243 200 50 cupiditas.
853 243 72 50 Sed

300 293 99 46 tam
357 293 156 46 actuale
470 293 114 46 quam
541 293 185 46 originale
683 293 156 46 uicium,
783 293 142 46 peccatum

296 332 222 53 simpliciter
474 332 148 53 uocat,
578 332 178 53 quanquam
711 332 208 53 nonnunquam
860 332 59 53 ea

300 375 111 50 quae
369 375 97 50 nos
425 375 166 50 actualia
550 375 166 50 peccata,
674 375 125 50 uocet
758 375 153 50 fructus
855 375 69 50 pec

300 415 138 44 cati,
392 415 92 44 ut
438 415 92 44 ad
484 415 169 44 Romanos
607 415 154 44 Paulus
714 415 154 44 solet.
822 415 77 44 &
837 415 77 44 Da-

298 447 115 55 uid,
369 447 115 55 quod
441 447 186 55 originale
584 447 115 55 nos,
656 447 129 55 alias
728 447 186 55 curuitatem,

301 496 124 49 alias
384 496 206 49 iniquitatem
548 496 178 49 adpellat.
686 496 96 49 Nec
741 496 96 49 est
795 496 110 49 quod
850 496 69 49 hic

308 538 78 44 de
347 538 117 44 illis
425 538 143 44 stultis
529 538 208 44 relationibus
699 538 78 44 in
738 538 143 44 peccato
829 538 91 44 dispu

303 576 143 55 temus.
403 576 143 55 Prauus
503 576 172 55 adfects,
632 576 186 55 prauusque
776 576 143 55 cordis
862 576 57 55 mo

300 613 98 58 tus
356 613 98 58 est
412 613 140 58 contra
510 613 126 58 legem
594 613 112 58 dei,
650 613 154 58 peccatum.

374 665 160 53 VNDE
474 665 240 53 peccatum
634 665 140 53 Orig.

309 708 76 43 â‹
339 708 122 43 Deus
415 708 122 43 Opt.
492 708 137 43 Max,.
583 708 107 43 cum
644 708 228 43 condidisset
811 708 107 43 homi-

302 746 91 49 nem
354 746 104 49 sine
419 746 157 49 peccato,
537 746 130 49 aderat
628 746 78 49 ei
667 746 91 49 per
719 746 157 49 spiritum
824 746 91 49 suum,

305 790 108 46 qui
366 790 169 46 hominem
489 790 92 46 ad
535 790 138 46 recta
628 790 246 46 infsammaret.
828 790 123 46 Idem

283 824 72 56 o
311 824 172 56 spiritus
441 824 230 56 gubernaturus
628 824 115 56 erat
699 824 129 56 omnem
786 824 115 56 Adae
843 824 72 56 po-

303 868 215 51 steritatem,
475 868 115 51 nisi
547 868 144 51 lapsus
647 868 158 51 fuisset
762 868 129 51 Adam.
848 868 101 51 Iam

307 915 217 50 posteaquam
477 915 186 50 deliquit
616 915 139 50 Adam,
709 915 201 50 auetsatus
849 915 77 50 est

298 958 121 41 deus
374 958 182 41 hominem,
510 958 91 41 ut
555 958 106 41 non
616 958 136 41 adsit
706 958 91 41 ei
737 958 182 41 gubernator

291 977 97 59 ndei
352 977 158 59 spiritus.
473 977 85 59 Ita
522 977 97 59 fit,
583 977 73 59 ut
619 977 109 59 anima
692 977 109 59 luce,
765 977 134 59 uitaque
850 977 73 59 coe-

301 1032 128 48 lesti
386 1032 142 48 carens
486 1032 199 48 excecetur,
642 1032 71 48 &
671 1032 114 48 sese
728 1032 199 48 ardentissime

301 1078 130 54 amet,
387 1078 101 54 sua
445 1078 173 54 quaerat,
575 1078 101 54 non
632 1078 159 54 cupiat,
748 1078 101 54 non
806 1078 144 54 uelit,

295 1126 114 58 nisi
366 1126 186 58 carnalia,
509 1126 200 58 contemnens
666 1126 114 58 dei,
737 1126 71 58 &
766 1126 100 58 qui
809 1126 114 58 possum
