1000 1385
80 159 104 67 ego
140 159 149 67 uerbis
244 159 193 67 consequi,
393 159 149 67 humani
497 159 149 67 cordis
586 159 119 67 praui-

82 217 144 52 tatem.
183 217 130 52 Fieri
269 217 115 52 enim
341 217 159 52 nequit,
457 217 115 52 quin
529 217 115 52 sese
587 217 115 52 maxime

85 259 115 47 amet
157 259 187 47 creatura,
301 259 115 47 quam
373 259 101 47 non
430 259 187 47 absorpsit
574 259 115 47 amor
632 259 72 47 dei

85 303 116 43 Fieri
163 303 103 43 neqt
227 303 78 43 ut
266 303 181 43 spiritalia
408 303 103 43 amet
473 303 116 43 caro.
551 303 91 43 Sic
603 303 103 43 enim
654 303 52 43 in

84 336 139 52 Genesi
181 336 167 52 legitur.
306 336 97 52 Non
362 336 194 52 permanebit
515 336 125 52 spuns
598 336 111 52 meus
653 336 56 52 in

84 381 119 52 hoie,
163 381 106 52 quia
229 381 106 52 caro
296 381 106 52 est.
362 381 79 52 Et
402 381 106 52 apud
468 381 132 52 Paulum
560 381 79 52 ad
600 381 93 52 Ro,
640 381 66 52 ca.

84 411 117 65 viii.
162 411 91 65 Qui
214 411 156 65 secundum
331 411 117 65 camem
408 411 117 65 sunt,
486 411 78 65 id
525 411 104 65 est,
590 411 91 65 qui
629 411 78 65 sine

83 458 145 53 spiritu
188 458 92 53 dei
241 458 118 53 sunt?
320 458 92 53 Nam
372 458 92 53 uel
425 458 79 53 ex
464 458 105 53 illo
530 458 145 53 genesis
622 458 79 53 loco

83 496 136 62 liquet
178 496 122 62 canem
260 496 108 62 esse
327 496 122 62 uires
409 496 163 62 humanas,
531 496 108 62 sine
599 496 95 62 dei
639 496 68 62 spi

88 538 100 52 ritu
150 538 100 52 lqui
212 538 112 52 camis
287 538 100 52 sunt
349 538 174 52 adfectant.
486 538 75 52 Et
523 538 137 52 tursus,
610 538 87 52 adfe-

91 583 100 47 ctus
154 583 113 47 camis
230 583 176 47 inimicitia
368 583 88 47 est
418 583 151 47 aduersus
531 583 113 47 deum,
594 583 100 47 Itaque

83 626 89 52 cum
134 626 140 52 tradunt
236 626 179 52 Sophistae.
377 626 153 52 Peccatum
492 626 179 52 originale,
619 626 77 52 esse

87 663 151 50 iusticiae
203 663 162 50 originalis
331 663 162 50 carentiam,
458 663 81 50 sic
505 663 151 50 loquumtur
621 663 104 50 ipsi,

88 709 110 57 recte
161 709 135 57 dicunt.
259 709 86 57 Sed
308 709 86 57 cur
357 709 86 57 non
406 709 135 57 addunt,
504 709 86 57 que
553 709 86 57 ubi
602 709 86 57 non
639 709 61 57 est

89 745 174 58 originalis
225 745 161 58 iusticia,
349 745 87 58 seu
399 745 149 58 spirits,
510 745 87 58 ibi
560 745 99 58 esse
610 745 99 58 reuera

88 787 141 48 camem,
187 787 141 48 reuera
285 787 211 48 impietatem,
454 787 141 48 reuera
539 787 169 48 contemptum

82 834 116 57 rerum
159 834 219 57 spiritualium.
340 834 129 57 Primus
430 834 129 57 itaque
520 834 167 57 adfectus,
649 834 64 57 &
662 834 52 57 su

87 871 92 58 mus
140 871 145 58 naturae
245 871 106 58 hois
311 871 92 58 est
364 871 106 58 amor
430 871 106 58 sui,
496 871 66 58 a
522 871 92 58 quo
575 871 158 58 rapitur,

84 910 76 58 ut
122 910 127 58 uelit,
211 910 203 58 desideretque
377 910 76 58 ea
415 910 127 58 tantum
504 910 89 58 qui
555 910 102 58 suae
606 910 114 58 naturae

85 966 120 36 bona,
165 966 160 36 iucunda,
284 966 146 36 dulcia,
391 966 160 36 gloriosa
510 966 173 36 uidemtur,
630 966 80 36 odio

88 992 153 56 habeat,
199 992 70 56 &
227 992 167 56 formidet
352 992 83 56 ea
394 992 97 56 qui
450 992 153 56 naturae
561 992 153 56 aduersa
658 992 70 56 uim

82 1041 129 53 dentur,
176 1041 188 53 auerseturque
329 1041 82 53 eum
376 1041 82 53 qui
423 1041 106 53 arcet
494 1041 71 53 ab
529 1041 82 53 iis
576 1041 82 53 qui
611 1041 94 53 cupit,

88 1075 81 63 aut
135 1075 81 63 qui
181 1075 116 63 pcipit
262 1075 70 63 ea
297 1075 139 63 sectari,
401 1075 70 63 ea
436 1075 116 63 quaeri
517 1075 93 63 quie
563 1075 151 63 displicent.

81 1119 107 65 Proh
148 1119 107 65 quae
215 1119 107 65 hoim
282 1119 296 65 incomprehensibilis
537 1119 148 65 miseria
631 1119 81 65 est.
