1000 1385
73 130 111 61 tat.
142 130 97 61 Nam
198 130 83 61 si
240 130 83 61 de
281 130 97 61 suo
337 130 166 61 cuiusque
461 130 153 61 peccato
558 130 139 61 loquere-

77 171 113 62 tur,
147 171 99 62 non
204 171 141 62 posset
302 171 155 62 dicere,
415 171 127 62 unius
500 171 169 62 delicto,
612 171 85 62 mul-

76 216 101 65 tos
133 216 159 65 mortuos
249 216 130 65 esse,
336 216 116 65 quod
408 216 87 65 de
451 216 173 65 actuali,
581 216 116 65 quod
639 216 58 65 uo

75 259 135 60 cant,
165 259 165 60 peccato
285 259 105 60 non
345 259 135 60 posse
436 259 120 60 dici
511 259 120 60 quis
586 259 105 60 non
631 259 75 60 ui-

80 295 112 57 det?
150 295 112 57 nisi
220 295 195 57 calumniari
373 295 112 57 quis
443 295 140 57 textum
541 295 140 57 uelit.
638 295 98 57 Iam

72 335 86 55 si
115 335 101 55 non
172 335 101 55 est
230 335 144 55 auctor
330 335 158 55 peccati
445 335 129 55 Adam,
532 335 101 55 non
589 335 115 55 erit
647 335 57 55 so

76 374 91 65 lus
128 374 155 65 Christus
244 374 129 65 auctor
335 374 181 65 iustitiae,
477 374 91 65 sed
529 374 116 65 etiam
606 374 116 65 Adam.

80 420 109 70 Item
148 420 82 70 si
189 420 82 70 de
230 420 95 70 suo
284 420 163 70 cuiusque
407 420 150 70 peccato
516 420 177 70 loquitur,
638 420 68 70 cur

81 463 144 69 pueri
177 463 225 69 moriuntur,
354 463 112 69 qui
418 463 161 69 nondum
514 463 193 69 admiserunt

87 506 206 62 peccatum,
246 506 127 62 quod
325 506 174 62 uocant,
452 506 190 62 actuale?
594 506 95 62 Et
626 506 79 62 cum

91 544 96 65 non
146 544 110 65 nisi
215 544 96 65 per
270 544 165 65 peccatum
394 544 110 65 mors
463 544 179 65 irrumpat,
586 544 124 65 necesse

87 587 94 69 est
140 587 134 69 pueros
234 587 148 69 peccati
342 587 108 69 reos
409 587 121 69 esse,
490 587 202 69 peccatumque
638 587 67 69 ha-

92 623 119 65 bere,
171 623 79 65 at
211 623 119 65 quod?
290 623 119 65 certe
369 623 185 65 originale.
514 623 158 65 Roquitur
620 623 92 65 autem

91 670 145 64 Paulus
192 670 87 64 de
235 670 87 64 eo
278 670 173 64 peccato,
409 670 101 64 per
466 670 116 64 quod
539 670 130 64 omnes
611 670 101 64 morti

87 720 214 50 adiudicati
255 720 138 50 sunt.
347 720 122 50 Quin
423 720 245 50 consideramus
607 720 92 50 Pau-

85 753 108 69 lini
153 753 162 69 sermonis
275 753 162 69 figuram.
396 753 149 69 Perinde
504 753 95 69 eni
558 753 122 69 atque
639 753 95 69 hic

87 799 85 51 ad
129 799 170 51 Romanos,
257 799 127 51 alias
342 799 127 51 etiam
427 799 198 51 Corinthiis
568 799 142 51 scribit.

85 841 148 52 Sicut
183 841 99 52 in
232 841 131 52 Adam
315 841 148 52 omnes
413 841 230 52 moriuntur,
594 841 115 52 ita
643 841 66 52 in

87 886 161 51 Christo
204 886 132 51 omnes
292 886 278 51 uiuificabuntur.
526 886 102 51 Huc
570 886 146 51 pertinet

88 919 190 70 Prophetae
234 919 219 70 exclamatio.
410 919 117 70 Ecce
482 919 88 70 in
512 919 204 70 iniquitatibs

94 967 197 60 conceptus
245 967 121 60 sum,
321 967 76 60 &
351 967 91 60 in
397 967 182 60 peccatis
533 967 182 60 concepit
654 967 61 60 me

89 1014 131 47 mater
176 1014 116 47 mea.
248 1014 203 47 Significat
408 1014 116 47 enim
480 1014 145 47 Dauid,
582 1014 87 47 se
611 1014 102 47 natum

90 1045 112 53 esse
160 1045 210 53 peccatorem,
328 1045 196 53 Praeterea,
482 1045 84 53 si
524 1045 112 53 omne
580 1045 126 53 deside-

87 1086 133 67 rium
170 1086 266 67 cogitationum
386 1086 166 67 humani
502 1086 166 67 cordis
602 1086 116 67 uanum
