<?xml version="1.0" encoding="UTF-8"?>
<alto xmlns:xsi="http://www.w3.org/2001/XMLSchema-instance"
      xmlns="http://www.loc.gov/standards/alto/ns-v2#"
      xmlns:page="http://schema.primaresearch.org/PAGE/gts/pagecontent/2013-07-15"
      xsi:schemaLocation="http://www.loc.gov/standards/alto/ns-v2# http://www.loc.gov/standards/alto/alto.xsd">
   <Description>
      <MeasurementUnit>pixel</MeasurementUnit>
      <OCRProcessing ID="IdOcr">
         <ocrProcessingStep>
            <processingDateTime>2020-12-02T20:01:58.212-05:00</processingDateTime>
            <processingSoftware>
               <softwareCreator>READ COOP</softwareCreator>
               <softwareName>Transkribus</softwareName>
            </processingSoftware>
         </ocrProcessingStep>
      </OCRProcessing>
   </Description>
   <Tags/>
   <Layout>
      <Page ID="Page1" PHYSICAL_IMG_NR="1" HEIGHT="1273" WIDTH="1000">
         <TopMargin HEIGHT="0" WIDTH="1000" VPOS="0" HPOS="0"/>
         <LeftMargin HEIGHT="1273" WIDTH="0" VPOS="0" HPOS="0"/>
         <RightMargin HEIGHT="1273" WIDTH="0" VPOS="0" HPOS="1000"/>
         <BottomMargin HEIGHT="0" WIDTH="1000" VPOS="1273" HPOS="0"/>
         <PrintSpace HEIGHT="1273" WIDTH="1000" VPOS="0" HPOS="0">
            <TextBlock ID="r2" HEIGHT="989" WIDTH="635" VPOS="168" HPOS="290">
               <Shape>
                  <Polygon POINTS="290,168 290,1157 925,1157 925,168"/>
               </Shape>
               <TextLine ID="r2l1"
                         BASELINE="210"
                         HEIGHT="69"
                         WIDTH="614"
                         VPOS="141"
                         HPOS="316">
                  <String HEIGHT="69" WIDTH="93" VPOS="141" HPOS="303" CONTENT="est"/>
                  <SP HEIGHT="69" WIDTH="13" VPOS="141" HPOS="396"/>
                  <String HEIGHT="69" WIDTH="67" VPOS="141" HPOS="356" CONTENT="&amp;"/>
                  <SP HEIGHT="69" WIDTH="13" VPOS="141" HPOS="423"/>
                  <String HEIGHT="69"
                          WIDTH="133"
                          VPOS="141"
                          HPOS="383"
                          CONTENT="prauum"/>
                  <SP HEIGHT="69" WIDTH="13" VPOS="141" HPOS="516"/>
                  <String HEIGHT="69"
                          WIDTH="107"
                          VPOS="141"
                          HPOS="476"
                          CONTENT="omni"/>
                  <SP HEIGHT="69" WIDTH="13" VPOS="141" HPOS="583"/>
                  <String HEIGHT="69"
                          WIDTH="160"
                          VPOS="141"
                          HPOS="543"
                          CONTENT="tempore,"/>
                  <SP HEIGHT="69" WIDTH="13" VPOS="141" HPOS="703"/>
                  <String HEIGHT="69" WIDTH="80" VPOS="141" HPOS="663" CONTENT="ut"/>
                  <SP HEIGHT="69" WIDTH="13" VPOS="141" HPOS="743"/>
                  <String HEIGHT="69"
                          WIDTH="147"
                          VPOS="141"
                          HPOS="703"
                          CONTENT="Genesis"/>
                  <SP HEIGHT="69" WIDTH="13" VPOS="141" HPOS="850"/>
                  <String HEIGHT="69" WIDTH="93" VPOS="141" HPOS="810" CONTENT="vi."/>
                  <SP HEIGHT="69" WIDTH="13" VPOS="141" HPOS="903"/>
                  <String HEIGHT="69" WIDTH="80" VPOS="141" HPOS="850" CONTENT="scri"/>
               </TextLine>
               <TextLine ID="r2l2"
                         BASELINE="249"
                         HEIGHT="52"
                         WIDTH="611"
                         VPOS="197"
                         HPOS="315">
                  <String HEIGHT="52"
                          WIDTH="136"
                          VPOS="197"
                          HPOS="301"
                          CONTENT="bitur,"/>
                  <SP HEIGHT="52" WIDTH="14" VPOS="197" HPOS="437"/>
                  <String HEIGHT="52"
                          WIDTH="149"
                          VPOS="197"
                          HPOS="396"
                          CONTENT="necesse"/>
                  <SP HEIGHT="52" WIDTH="14" VPOS="197" HPOS="546"/>
                  <String HEIGHT="52" WIDTH="95" VPOS="197" HPOS="505" CONTENT="est"/>
                  <SP HEIGHT="52" WIDTH="14" VPOS="197" HPOS="600"/>
                  <String HEIGHT="52" WIDTH="95" VPOS="197" HPOS="559" CONTENT="cum"/>
                  <SP HEIGHT="52" WIDTH="14" VPOS="197" HPOS="654"/>
                  <String HEIGHT="52"
                          WIDTH="149"
                          VPOS="197"
                          HPOS="614"
                          CONTENT="peccato"/>
                  <SP HEIGHT="52" WIDTH="14" VPOS="197" HPOS="763"/>
                  <String HEIGHT="52"
                          WIDTH="177"
                          VPOS="197"
                          HPOS="722"
                          CONTENT="nascamur."/>
                  <SP HEIGHT="52" WIDTH="14" VPOS="197" HPOS="899"/>
                  <String HEIGHT="52" WIDTH="95" VPOS="197" HPOS="858" CONTENT="Iam"/>
                  <SP HEIGHT="52" WIDTH="14" VPOS="197" HPOS="953"/>
                  <String HEIGHT="52" WIDTH="27" VPOS="197" HPOS="899" CONTENT=""/>
               </TextLine>
               <TextLine ID="r2l3"
                         BASELINE="288"
                         HEIGHT="53"
                         WIDTH="616"
                         VPOS="235"
                         HPOS="314">
                  <String HEIGHT="53" WIDTH="79" VPOS="235" HPOS="301" CONTENT="si"/>
                  <SP HEIGHT="53" WIDTH="13" VPOS="235" HPOS="380"/>
                  <String HEIGHT="53" WIDTH="79" VPOS="235" HPOS="340" CONTENT="in"/>
                  <SP HEIGHT="53" WIDTH="13" VPOS="235" HPOS="419"/>
                  <String HEIGHT="53"
                          WIDTH="144"
                          VPOS="235"
                          HPOS="380"
                          CONTENT="Christo"/>
                  <SP HEIGHT="53" WIDTH="13" VPOS="235" HPOS="524"/>
                  <String HEIGHT="53"
                          WIDTH="118"
                          VPOS="235"
                          HPOS="484"
                          CONTENT="omnes"/>
                  <SP HEIGHT="53" WIDTH="13" VPOS="235" HPOS="602"/>
                  <String HEIGHT="53"
                          WIDTH="210"
                          VPOS="235"
                          HPOS="563"
                          CONTENT="benedicimur,"/>
                  <SP HEIGHT="53" WIDTH="13" VPOS="235" HPOS="773"/>
                  <String HEIGHT="53"
                          WIDTH="144"
                          VPOS="235"
                          HPOS="733"
                          CONTENT="necesse"/>
                  <SP HEIGHT="53" WIDTH="13" VPOS="235" HPOS="878"/>
                  <String HEIGHT="53" WIDTH="92" VPOS="235" HPOS="838" CONTENT="est"/>
                  <SP HEIGHT="53" WIDTH="13" VPOS="235" HPOS="930"/>
                  <String HEIGHT="53" WIDTH="52" VPOS="235" HPOS="878" CONTENT="in"/>
               </TextLine>
               <TextLine ID="r2l4"
                         BASELINE="332"
                         HEIGHT="53"
                         WIDTH="609"
                         VPOS="279"
                         HPOS="319">
                  <String HEIGHT="53"
                          WIDTH="125"
                          VPOS="279"
                          HPOS="303"
                          CONTENT="Adam"/>
                  <SP HEIGHT="53" WIDTH="16" VPOS="279" HPOS="428"/>
                  <String HEIGHT="53"
                          WIDTH="141"
                          VPOS="279"
                          HPOS="381"
                          CONTENT="maled"/>
                  <SP HEIGHT="53" WIDTH="16" VPOS="279" HPOS="522"/>
                  <String HEIGHT="53" WIDTH="109" VPOS="279" HPOS="475" CONTENT="cti"/>
                  <SP HEIGHT="53" WIDTH="16" VPOS="279" HPOS="584"/>
                  <String HEIGHT="53"
                          WIDTH="156"
                          VPOS="279"
                          HPOS="538"
                          CONTENT="simus,"/>
                  <SP HEIGHT="53" WIDTH="16" VPOS="279" HPOS="694"/>
                  <String HEIGHT="53" WIDTH="94" VPOS="279" HPOS="647" CONTENT="At"/>
                  <SP HEIGHT="53" WIDTH="16" VPOS="279" HPOS="741"/>
                  <String HEIGHT="53" WIDTH="94" VPOS="279" HPOS="694" CONTENT="qd"/>
                  <SP HEIGHT="53" WIDTH="16" VPOS="279" HPOS="787"/>
                  <String HEIGHT="53" WIDTH="109" VPOS="279" HPOS="741" CONTENT="est"/>
                  <SP HEIGHT="53" WIDTH="16" VPOS="279" HPOS="850"/>
                  <String HEIGHT="53"
                          WIDTH="141"
                          VPOS="279"
                          HPOS="787"
                          CONTENT="maledi"
                          SUBS_TYPE="HypPart1"
                          SUBS_CONTENT="maledici,"/>
                  <HYP CONTENT="-"/>
               </TextLine>
               <TextLine ID="r2l5"
                         BASELINE="378"
                         HEIGHT="51"
                         WIDTH="609"
                         VPOS="327"
                         HPOS="317">
                  <String HEIGHT="51"
                          WIDTH="99"
                          VPOS="327"
                          HPOS="303"
                          CONTENT="ci,"
                          SUBS_TYPE="HypPart2"
                          SUBS_CONTENT="maledici,"/>
                  <SP HEIGHT="51" WIDTH="14" VPOS="327" HPOS="402"/>
                  <String HEIGHT="51"
                          WIDTH="113"
                          VPOS="327"
                          HPOS="359"
                          CONTENT="nisi"/>
                  <SP HEIGHT="51" WIDTH="14" VPOS="327" HPOS="473"/>
                  <String HEIGHT="51"
                          WIDTH="156"
                          VPOS="327"
                          HPOS="430"
                          CONTENT="peccati"/>
                  <SP HEIGHT="51" WIDTH="14" VPOS="327" HPOS="586"/>
                  <String HEIGHT="51" WIDTH="99" VPOS="327" HPOS="544" CONTENT="nos"/>
                  <SP HEIGHT="51" WIDTH="14" VPOS="327" HPOS="643"/>
                  <String HEIGHT="51"
                          WIDTH="170"
                          VPOS="327"
                          HPOS="600"
                          CONTENT="damnari?"/>
                  <SP HEIGHT="51" WIDTH="14" VPOS="327" HPOS="770"/>
                  <String HEIGHT="51" WIDTH="99" VPOS="327" HPOS="728" CONTENT="Huc"/>
                  <SP HEIGHT="51" WIDTH="14" VPOS="327" HPOS="827"/>
                  <String HEIGHT="51"
                          WIDTH="156"
                          VPOS="327"
                          HPOS="770"
                          CONTENT="pertinent"/>
               </TextLine>
               <TextLine ID="r2l6"
                         BASELINE="415"
                         HEIGHT="53"
                         WIDTH="618"
                         VPOS="362"
                         HPOS="310">
                  <String HEIGHT="53"
                          WIDTH="226"
                          VPOS="362"
                          HPOS="295"
                          CONTENT="immundiciae"/>
                  <SP HEIGHT="53" WIDTH="15" VPOS="362" HPOS="521"/>
                  <String HEIGHT="53" WIDTH="90" VPOS="362" HPOS="476" CONTENT="in"/>
                  <SP HEIGHT="53" WIDTH="15" VPOS="362" HPOS="566"/>
                  <String HEIGHT="53"
                          WIDTH="136"
                          VPOS="362"
                          HPOS="521"
                          CONTENT="typis"/>
                  <SP HEIGHT="53" WIDTH="15" VPOS="362" HPOS="657"/>
                  <String HEIGHT="53"
                          WIDTH="151"
                          VPOS="362"
                          HPOS="611"
                          CONTENT="legis,"/>
                  <SP HEIGHT="53" WIDTH="15" VPOS="362" HPOS="762"/>
                  <String HEIGHT="53" WIDTH="106" VPOS="362" HPOS="717" CONTENT="huc"/>
                  <SP HEIGHT="53" WIDTH="15" VPOS="362" HPOS="822"/>
                  <String HEIGHT="53"
                          WIDTH="166"
                          VPOS="362"
                          HPOS="762"
                          CONTENT="pertinent"/>
               </TextLine>
               <TextLine ID="r2l7"
                         BASELINE="457"
                         HEIGHT="54"
                         WIDTH="603"
                         VPOS="403"
                         HPOS="315">
                  <String HEIGHT="54"
                          WIDTH="144"
                          VPOS="403"
                          HPOS="301"
                          CONTENT="caedes"/>
                  <SP HEIGHT="54" WIDTH="14" VPOS="403" HPOS="444"/>
                  <String HEIGHT="54"
                          WIDTH="258"
                          VPOS="403"
                          HPOS="401"
                          CONTENT="primogenitorum"/>
                  <SP HEIGHT="54" WIDTH="14" VPOS="403" HPOS="660"/>
                  <String HEIGHT="54"
                          WIDTH="172"
                          VPOS="403"
                          HPOS="617"
                          CONTENT="Aegypti."/>
                  <SP HEIGHT="54" WIDTH="14" VPOS="403" HPOS="789"/>
                  <String HEIGHT="54" WIDTH="86" VPOS="403" HPOS="746" CONTENT="Et"/>
                  <SP HEIGHT="54" WIDTH="14" VPOS="403" HPOS="832"/>
                  <String HEIGHT="54"
                          WIDTH="115"
                          VPOS="403"
                          HPOS="789"
                          CONTENT="quid"/>
                  <SP HEIGHT="54" WIDTH="14" VPOS="403" HPOS="904"/>
                  <String HEIGHT="54"
                          WIDTH="72"
                          VPOS="403"
                          HPOS="846"
                          CONTENT="ar"
                          SUBS_TYPE="HypPart1"
                          SUBS_CONTENT="artinet"/>
                  <HYP CONTENT="-"/>
               </TextLine>
               <TextLine ID="r2l8"
                         BASELINE="495"
                         HEIGHT="51"
                         WIDTH="599"
                         VPOS="444"
                         HPOS="315">
                  <String HEIGHT="51"
                          WIDTH="131"
                          VPOS="444"
                          HPOS="300"
                          CONTENT="tinet"
                          SUBS_TYPE="HypPart2"
                          SUBS_CONTENT="artinet"/>
                  <SP HEIGHT="51" WIDTH="15" VPOS="444" HPOS="432"/>
                  <String HEIGHT="51"
                          WIDTH="146"
                          VPOS="444"
                          HPOS="388"
                          CONTENT="multis"/>
                  <SP HEIGHT="51" WIDTH="15" VPOS="444" HPOS="534"/>
                  <String HEIGHT="51" WIDTH="102" VPOS="444" HPOS="490" CONTENT="rem"/>
                  <SP HEIGHT="51" WIDTH="15" VPOS="444" HPOS="593"/>
                  <String HEIGHT="51"
                          WIDTH="146"
                          VPOS="444"
                          HPOS="549"
                          CONTENT="agere,"/>
                  <SP HEIGHT="51" WIDTH="15" VPOS="444" HPOS="695"/>
                  <String HEIGHT="51" WIDTH="102" VPOS="444" HPOS="651" CONTENT="cum"/>
                  <SP HEIGHT="51" WIDTH="15" VPOS="444" HPOS="753"/>
                  <String HEIGHT="51"
                          WIDTH="175"
                          VPOS="444"
                          HPOS="709"
                          CONTENT="Christus"/>
                  <SP HEIGHT="51" WIDTH="15" VPOS="444" HPOS="885"/>
                  <String HEIGHT="51" WIDTH="88" VPOS="444" HPOS="826" CONTENT="apud"/>
               </TextLine>
               <TextLine ID="r2l9"
                         BASELINE="537"
                         HEIGHT="53"
                         WIDTH="609"
                         VPOS="484"
                         HPOS="311">
                  <String HEIGHT="53"
                          WIDTH="183"
                          VPOS="484"
                          HPOS="296"
                          CONTENT="lohannem"/>
                  <SP HEIGHT="53" WIDTH="15" VPOS="484" HPOS="478"/>
                  <String HEIGHT="53"
                          WIDTH="137"
                          VPOS="484"
                          HPOS="433"
                          CONTENT="satis"/>
                  <SP HEIGHT="53" WIDTH="15" VPOS="484" HPOS="570"/>
                  <String HEIGHT="53"
                          WIDTH="137"
                          VPOS="484"
                          HPOS="524"
                          CONTENT="clare"/>
                  <SP HEIGHT="53" WIDTH="15" VPOS="484" HPOS="661"/>
                  <String HEIGHT="53"
                          WIDTH="152"
                          VPOS="484"
                          HPOS="616"
                          CONTENT="dicat,"/>
                  <SP HEIGHT="53" WIDTH="15" VPOS="484" HPOS="768"/>
                  <String HEIGHT="53"
                          WIDTH="122"
                          VPOS="484"
                          HPOS="722"
                          CONTENT="Quod"/>
                  <SP HEIGHT="53" WIDTH="15" VPOS="484" HPOS="844"/>
                  <String HEIGHT="53" WIDTH="91" VPOS="484" HPOS="798" CONTENT="ex"/>
                  <SP HEIGHT="53" WIDTH="15" VPOS="484" HPOS="890"/>
                  <String HEIGHT="53" WIDTH="91" VPOS="484" HPOS="829" CONTENT="cane"/>
               </TextLine>
               <TextLine ID="r2l10"
                         BASELINE="579"
                         HEIGHT="45"
                         WIDTH="611"
                         VPOS="534"
                         HPOS="304">
                  <String HEIGHT="45"
                          WIDTH="115"
                          VPOS="534"
                          HPOS="291"
                          CONTENT="natum"/>
                  <SP HEIGHT="45" WIDTH="13" VPOS="534" HPOS="406"/>
                  <String HEIGHT="45"
                          WIDTH="102"
                          VPOS="534"
                          HPOS="368"
                          CONTENT="est,"/>
                  <SP HEIGHT="45" WIDTH="13" VPOS="534" HPOS="469"/>
                  <String HEIGHT="45"
                          WIDTH="102"
                          VPOS="534"
                          HPOS="431"
                          CONTENT="caro"/>
                  <SP HEIGHT="45" WIDTH="13" VPOS="534" HPOS="533"/>
                  <String HEIGHT="45"
                          WIDTH="102"
                          VPOS="534"
                          HPOS="495"
                          CONTENT="est."/>
                  <SP HEIGHT="45" WIDTH="13" VPOS="534" HPOS="597"/>
                  <String HEIGHT="45" WIDTH="76" VPOS="534" HPOS="559" CONTENT="si"/>
                  <SP HEIGHT="45" WIDTH="13" VPOS="534" HPOS="635"/>
                  <String HEIGHT="45"
                          WIDTH="102"
                          VPOS="534"
                          HPOS="597"
                          CONTENT="caro"/>
                  <SP HEIGHT="45" WIDTH="13" VPOS="534" HPOS="699"/>
                  <String HEIGHT="45"
                          WIDTH="102"
                          VPOS="534"
                          HPOS="660"
                          CONTENT="est,"/>
                  <SP HEIGHT="45" WIDTH="13" VPOS="534" HPOS="762"/>
                  <String HEIGHT="45" WIDTH="76" VPOS="534" HPOS="724" CONTENT="ut"/>
                  <SP HEIGHT="45" WIDTH="13" VPOS="534" HPOS="800"/>
                  <String HEIGHT="45"
                          WIDTH="115"
                          VPOS="534"
                          HPOS="762"
                          CONTENT="supra"/>
                  <SP HEIGHT="45" WIDTH="13" VPOS="534" HPOS="877"/>
                  <String HEIGHT="45"
                          WIDTH="89"
                          VPOS="534"
                          HPOS="826"
                          CONTENT="monui"/>
               </TextLine>
               <TextLine ID="r2l11"
                         BASELINE="617"
                         HEIGHT="42"
                         WIDTH="620"
                         VPOS="575"
                         HPOS="303">
                  <String HEIGHT="42"
                          WIDTH="115"
                          VPOS="575"
                          HPOS="289"
                          CONTENT="mus,"/>
                  <SP HEIGHT="42" WIDTH="14" VPOS="575" HPOS="404"/>
                  <String HEIGHT="42"
                          WIDTH="115"
                          VPOS="575"
                          HPOS="361"
                          CONTENT="ergo"/>
                  <SP HEIGHT="42" WIDTH="14" VPOS="575" HPOS="476"/>
                  <String HEIGHT="42" WIDTH="101" VPOS="575" HPOS="433" CONTENT="sua"/>
                  <SP HEIGHT="42" WIDTH="14" VPOS="575" HPOS="534"/>
                  <String HEIGHT="42"
                          WIDTH="173"
                          VPOS="575"
                          HPOS="490"
                          CONTENT="quaerit,"/>
                  <SP HEIGHT="42" WIDTH="14" VPOS="575" HPOS="663"/>
                  <String HEIGHT="42"
                          WIDTH="115"
                          VPOS="575"
                          HPOS="620"
                          CONTENT="sese"/>
                  <SP HEIGHT="42" WIDTH="14" VPOS="575" HPOS="736"/>
                  <String HEIGHT="42"
                          WIDTH="130"
                          VPOS="575"
                          HPOS="692"
                          CONTENT="amat."/>
                  <SP HEIGHT="42" WIDTH="14" VPOS="575" HPOS="822"/>
                  <String HEIGHT="42" WIDTH="87" VPOS="575" HPOS="779" CONTENT="Qd"/>
                  <SP HEIGHT="42" WIDTH="14" VPOS="575" HPOS="865"/>
                  <String HEIGHT="42" WIDTH="87" VPOS="575" HPOS="822" CONTENT="si"/>
                  <SP HEIGHT="42" WIDTH="14" VPOS="575" HPOS="909"/>
                  <String HEIGHT="42" WIDTH="72" VPOS="575" HPOS="851" CONTENT="non"/>
               </TextLine>
               <TextLine ID="r2l12"
                         BASELINE="667"
                         HEIGHT="58"
                         WIDTH="614"
                         VPOS="609"
                         HPOS="306">
                  <String HEIGHT="58" WIDTH="105" VPOS="609" HPOS="291" CONTENT="est"/>
                  <SP HEIGHT="58" WIDTH="15" VPOS="609" HPOS="396"/>
                  <String HEIGHT="58"
                          WIDTH="165"
                          VPOS="609"
                          HPOS="351"
                          CONTENT="obnoxia"/>
                  <SP HEIGHT="58" WIDTH="15" VPOS="609" HPOS="516"/>
                  <String HEIGHT="58"
                          WIDTH="165"
                          VPOS="609"
                          HPOS="471"
                          CONTENT="peccato"/>
                  <SP HEIGHT="58" WIDTH="15" VPOS="609" HPOS="635"/>
                  <String HEIGHT="58"
                          WIDTH="135"
                          VPOS="609"
                          HPOS="591"
                          CONTENT="prima"/>
                  <SP HEIGHT="58" WIDTH="15" VPOS="609" HPOS="725"/>
                  <String HEIGHT="58"
                          WIDTH="210"
                          VPOS="609"
                          HPOS="680"
                          CONTENT="natiuitas,"/>
                  <SP HEIGHT="58" WIDTH="15" VPOS="609" HPOS="890"/>
                  <String HEIGHT="58" WIDTH="90" VPOS="609" HPOS="830" CONTENT="quid"/>
               </TextLine>
               <TextLine ID="r2l13"
                         BASELINE="711"
                         HEIGHT="56"
                         WIDTH="610"
                         VPOS="655"
                         HPOS="305">
                  <String HEIGHT="56"
                          WIDTH="156"
                          VPOS="655"
                          HPOS="291"
                          CONTENT="attinet"/>
                  <SP HEIGHT="56" WIDTH="14" VPOS="655" HPOS="447"/>
                  <String HEIGHT="56"
                          WIDTH="170"
                          VPOS="655"
                          HPOS="404"
                          CONTENT="renasci?"/>
                  <SP HEIGHT="56" WIDTH="14" VPOS="655" HPOS="575"/>
                  <String HEIGHT="56" WIDTH="99" VPOS="655" HPOS="532" CONTENT="Imo"/>
                  <SP HEIGHT="56" WIDTH="14" VPOS="655" HPOS="631"/>
                  <String HEIGHT="56" WIDTH="85" VPOS="655" HPOS="589" CONTENT="si"/>
                  <SP HEIGHT="56" WIDTH="14" VPOS="655" HPOS="674"/>
                  <String HEIGHT="56"
                          WIDTH="128"
                          VPOS="655"
                          HPOS="631"
                          CONTENT="camis"/>
                  <SP HEIGHT="56" WIDTH="14" VPOS="655" HPOS="759"/>
                  <String HEIGHT="56"
                          WIDTH="184"
                          VPOS="655"
                          HPOS="716"
                          CONTENT="natiuitas"/>
                  <SP HEIGHT="56" WIDTH="14" VPOS="655" HPOS="901"/>
                  <String HEIGHT="56"
                          WIDTH="71"
                          VPOS="655"
                          HPOS="844"
                          CONTENT="bo"
                          SUBS_TYPE="HypPart1"
                          SUBS_CONTENT="bona"/>
                  <HYP CONTENT="-"/>
               </TextLine>
               <TextLine ID="r2l14"
                         BASELINE="745"
                         HEIGHT="47"
                         WIDTH="530"
                         VPOS="698"
                         HPOS="307">
                  <String HEIGHT="47"
                          WIDTH="80"
                          VPOS="698"
                          HPOS="294"
                          CONTENT="na"
                          SUBS_TYPE="HypPart2"
                          SUBS_CONTENT="bona"/>
                  <SP HEIGHT="47" WIDTH="13" VPOS="698" HPOS="373"/>
                  <String HEIGHT="47"
                          WIDTH="106"
                          VPOS="698"
                          HPOS="334"
                          CONTENT="est,"/>
                  <SP HEIGHT="47" WIDTH="13" VPOS="698" HPOS="440"/>
                  <String HEIGHT="47"
                          WIDTH="106"
                          VPOS="698"
                          HPOS="400"
                          CONTENT="quid"/>
                  <SP HEIGHT="47" WIDTH="13" VPOS="698" HPOS="506"/>
                  <String HEIGHT="47"
                          WIDTH="146"
                          VPOS="698"
                          HPOS="466"
                          CONTENT="attinet"/>
                  <SP HEIGHT="47" WIDTH="13" VPOS="698" HPOS="612"/>
                  <String HEIGHT="47"
                          WIDTH="146"
                          VPOS="698"
                          HPOS="572"
                          CONTENT="renasci"/>
                  <SP HEIGHT="47" WIDTH="13" VPOS="698" HPOS="718"/>
                  <String HEIGHT="47" WIDTH="80" VPOS="698" HPOS="678" CONTENT="ex"/>
                  <SP HEIGHT="47" WIDTH="13" VPOS="698" HPOS="758"/>
                  <String HEIGHT="47"
                          WIDTH="133"
                          VPOS="698"
                          HPOS="705"
                          CONTENT="spiritu"
                          SUBS_TYPE="HypPart1"
                          SUBS_CONTENT="spirituVIS"/>
                  <HYP CONTENT="-"/>
               </TextLine>
               <TextLine ID="r2l15"
                         BASELINE="783"
                         HEIGHT="51"
                         WIDTH="452"
                         VPOS="732"
                         HPOS="388">
                  <String HEIGHT="51"
                          WIDTH="144"
                          VPOS="732"
                          HPOS="367"
                          CONTENT="VIS"
                          SUBS_TYPE="HypPart2"
                          SUBS_CONTENT="spirituVIS"/>
                  <SP HEIGHT="51" WIDTH="21" VPOS="732" HPOS="511"/>
                  <String HEIGHT="51"
                          WIDTH="226"
                          VPOS="732"
                          HPOS="450"
                          CONTENT="PECOATI"/>
                  <SP HEIGHT="51" WIDTH="21" VPOS="732" HPOS="676"/>
                  <String HEIGHT="51" WIDTH="103" VPOS="732" HPOS="614" CONTENT="&amp;"/>
                  <SP HEIGHT="51" WIDTH="21" VPOS="732" HPOS="717"/>
                  <String HEIGHT="51"
                          WIDTH="205"
                          VPOS="732"
                          HPOS="635"
                          CONTENT="fructus."/>
               </TextLine>
               <TextLine ID="r2l16"
                         BASELINE="822"
                         HEIGHT="52"
                         WIDTH="611"
                         VPOS="770"
                         HPOS="304">
                  <String HEIGHT="52" WIDTH="71" VPOS="770" HPOS="290" CONTENT="â‹"/>
                  <SP HEIGHT="52" WIDTH="14" VPOS="770" HPOS="361"/>
                  <String HEIGHT="52"
                          WIDTH="142"
                          VPOS="770"
                          HPOS="318"
                          CONTENT="Minore"/>
                  <SP HEIGHT="52" WIDTH="14" VPOS="770" HPOS="460"/>
                  <String HEIGHT="52"
                          WIDTH="156"
                          VPOS="770"
                          HPOS="418"
                          CONTENT="negotio"/>
                  <SP HEIGHT="52" WIDTH="14" VPOS="770" HPOS="574"/>
                  <String HEIGHT="52"
                          WIDTH="199"
                          VPOS="770"
                          HPOS="531"
                          CONTENT="Pelagianim"/>
                  <SP HEIGHT="52" WIDTH="14" VPOS="770" HPOS="730"/>
                  <String HEIGHT="52"
                          WIDTH="156"
                          VPOS="770"
                          HPOS="688"
                          CONTENT="ueteres"/>
                  <SP HEIGHT="52" WIDTH="14" VPOS="770" HPOS="844"/>
                  <String HEIGHT="52"
                          WIDTH="128"
                          VPOS="770"
                          HPOS="787"
                          CONTENT="reuelli"/>
               </TextLine>
               <TextLine ID="r2l17"
                         BASELINE="870"
                         HEIGHT="46"
                         WIDTH="603"
                         VPOS="824"
                         HPOS="307">
                  <String HEIGHT="46"
                          WIDTH="176"
                          VPOS="824"
                          HPOS="292"
                          CONTENT="possunt,"/>
                  <SP HEIGHT="46" WIDTH="15" VPOS="824" HPOS="469"/>
                  <String HEIGHT="46"
                          WIDTH="118"
                          VPOS="824"
                          HPOS="425"
                          CONTENT="quam"/>
                  <SP HEIGHT="46" WIDTH="15" VPOS="824" HPOS="542"/>
                  <String HEIGHT="46"
                          WIDTH="191"
                          VPOS="824"
                          HPOS="498"
                          CONTENT="nostrorum"/>
                  <SP HEIGHT="46" WIDTH="15" VPOS="824" HPOS="689"/>
                  <String HEIGHT="46"
                          WIDTH="176"
                          VPOS="824"
                          HPOS="645"
                          CONTENT="temporum"/>
                  <SP HEIGHT="46" WIDTH="15" VPOS="824" HPOS="822"/>
                  <String HEIGHT="46"
                          WIDTH="118"
                          VPOS="824"
                          HPOS="778"
                          CONTENT="noui"/>
                  <SP HEIGHT="46" WIDTH="15" VPOS="824" HPOS="895"/>
                  <String HEIGHT="46"
                          WIDTH="74"
                          VPOS="824"
                          HPOS="836"
                          CONTENT="Pe"
                          SUBS_TYPE="HypPart1"
                          SUBS_CONTENT="Pelagiani,"/>
                  <HYP CONTENT="-"/>
               </TextLine>
               <TextLine ID="r2l18"
                         BASELINE="912"
                         HEIGHT="47"
                         WIDTH="604"
                         VPOS="865"
                         HPOS="304">
                  <String HEIGHT="47"
                          WIDTH="154"
                          VPOS="865"
                          HPOS="291"
                          CONTENT="lagiani,"
                          SUBS_TYPE="HypPart2"
                          SUBS_CONTENT="Pelagiani,"/>
                  <SP HEIGHT="47" WIDTH="13" VPOS="865" HPOS="445"/>
                  <String HEIGHT="47" WIDTH="90" VPOS="865" HPOS="407" CONTENT="qui"/>
                  <SP HEIGHT="47" WIDTH="13" VPOS="865" HPOS="497"/>
                  <String HEIGHT="47" WIDTH="64" VPOS="865" HPOS="458" CONTENT="&amp;"/>
                  <SP HEIGHT="47" WIDTH="13" VPOS="865" HPOS="522"/>
                  <String HEIGHT="47" WIDTH="77" VPOS="865" HPOS="484" CONTENT="si"/>
                  <SP HEIGHT="47" WIDTH="13" VPOS="865" HPOS="561"/>
                  <String HEIGHT="47" WIDTH="90" VPOS="865" HPOS="522" CONTENT="non"/>
                  <SP HEIGHT="47" WIDTH="13" VPOS="865" HPOS="612"/>
                  <String HEIGHT="47"
                          WIDTH="129"
                          VPOS="865"
                          HPOS="574"
                          CONTENT="negent"/>
                  <SP HEIGHT="47" WIDTH="13" VPOS="865" HPOS="702"/>
                  <String HEIGHT="47"
                          WIDTH="103"
                          VPOS="865"
                          HPOS="664"
                          CONTENT="esse"/>
                  <SP HEIGHT="47" WIDTH="13" VPOS="865" HPOS="767"/>
                  <String HEIGHT="47"
                          WIDTH="154"
                          VPOS="865"
                          HPOS="728"
                          CONTENT="peccatum"/>
                  <SP HEIGHT="47" WIDTH="13" VPOS="865" HPOS="882"/>
                  <String HEIGHT="47"
                          WIDTH="77"
                          VPOS="865"
                          HPOS="831"
                          CONTENT="ori"
                          SUBS_TYPE="HypPart1"
                          SUBS_CONTENT="originale,"/>
                  <HYP CONTENT="-"/>
               </TextLine>
               <TextLine ID="r2l19"
                         BASELINE="951"
                         HEIGHT="44"
                         WIDTH="611"
                         VPOS="907"
                         HPOS="305">
                  <String HEIGHT="44"
                          WIDTH="160"
                          VPOS="907"
                          HPOS="290"
                          CONTENT="ginale,"
                          SUBS_TYPE="HypPart2"
                          SUBS_CONTENT="originale,"/>
                  <SP HEIGHT="44" WIDTH="15" VPOS="907" HPOS="450"/>
                  <String HEIGHT="44"
                          WIDTH="145"
                          VPOS="907"
                          HPOS="407"
                          CONTENT="negant"/>
                  <SP HEIGHT="44" WIDTH="15" VPOS="907" HPOS="552"/>
                  <String HEIGHT="44"
                          WIDTH="145"
                          VPOS="907"
                          HPOS="509"
                          CONTENT="tamem,"/>
                  <SP HEIGHT="44" WIDTH="15" VPOS="907" HPOS="654"/>
                  <String HEIGHT="44" WIDTH="102" VPOS="907" HPOS="611" CONTENT="eam"/>
                  <SP HEIGHT="44" WIDTH="15" VPOS="907" HPOS="712"/>
                  <String HEIGHT="44"
                          WIDTH="116"
                          VPOS="907"
                          HPOS="669"
                          CONTENT="esse"/>
                  <SP HEIGHT="44" WIDTH="15" VPOS="907" HPOS="785"/>
                  <String HEIGHT="44" WIDTH="102" VPOS="907" HPOS="741" CONTENT="uim"/>
                  <SP HEIGHT="44" WIDTH="15" VPOS="907" HPOS="843"/>
                  <String HEIGHT="44"
                          WIDTH="131"
                          VPOS="907"
                          HPOS="785"
                          CONTENT="peccati"/>
               </TextLine>
               <TextLine ID="r2l20"
                         BASELINE="993"
                         HEIGHT="44"
                         WIDTH="608"
                         VPOS="949"
                         HPOS="302">
                  <String HEIGHT="44"
                          WIDTH="203"
                          VPOS="949"
                          HPOS="288"
                          CONTENT="originalis,"/>
                  <SP HEIGHT="44" WIDTH="14" VPOS="949" HPOS="491"/>
                  <String HEIGHT="44" WIDTH="81" VPOS="949" HPOS="451" CONTENT="ut"/>
                  <SP HEIGHT="44" WIDTH="14" VPOS="949" HPOS="532"/>
                  <String HEIGHT="44"
                          WIDTH="122"
                          VPOS="949"
                          HPOS="491"
                          CONTENT="omnia"/>
                  <SP HEIGHT="44" WIDTH="14" VPOS="949" HPOS="613"/>
                  <String HEIGHT="44"
                          WIDTH="149"
                          VPOS="949"
                          HPOS="572"
                          CONTENT="hominum"/>
                  <SP HEIGHT="44" WIDTH="14" VPOS="949" HPOS="721"/>
                  <String HEIGHT="44"
                          WIDTH="135"
                          VPOS="949"
                          HPOS="680"
                          CONTENT="opera,"/>
                  <SP HEIGHT="44" WIDTH="14" VPOS="949" HPOS="815"/>
                  <String HEIGHT="44"
                          WIDTH="122"
                          VPOS="949"
                          HPOS="775"
                          CONTENT="omnes"/>
                  <SP HEIGHT="44" WIDTH="14" VPOS="949" HPOS="896"/>
                  <String HEIGHT="44"
                          WIDTH="68"
                          VPOS="949"
                          HPOS="842"
                          CONTENT="ho"
                          SUBS_TYPE="HypPart1"
                          SUBS_CONTENT="hominum"/>
                  <HYP CONTENT="-"/>
               </TextLine>
               <TextLine ID="r2l21"
                         BASELINE="1035"
                         HEIGHT="48"
                         WIDTH="613"
                         VPOS="987"
                         HPOS="305">
                  <String HEIGHT="48"
                          WIDTH="128"
                          VPOS="987"
                          HPOS="291"
                          CONTENT="minum"
                          SUBS_TYPE="HypPart2"
                          SUBS_CONTENT="hominum"/>
                  <SP HEIGHT="48" WIDTH="14" VPOS="987" HPOS="419"/>
                  <String HEIGHT="48"
                          WIDTH="157"
                          VPOS="987"
                          HPOS="376"
                          CONTENT="conatus"/>
                  <SP HEIGHT="48" WIDTH="14" VPOS="987" HPOS="533"/>
                  <String HEIGHT="48"
                          WIDTH="114"
                          VPOS="987"
                          HPOS="490"
                          CONTENT="sint"/>
                  <SP HEIGHT="48" WIDTH="14" VPOS="987" HPOS="604"/>
                  <String HEIGHT="48"
                          WIDTH="171"
                          VPOS="987"
                          HPOS="562"
                          CONTENT="peccata."/>
                  <SP HEIGHT="48" WIDTH="14" VPOS="987" HPOS="733"/>
                  <String HEIGHT="48"
                          WIDTH="157"
                          VPOS="987"
                          HPOS="690"
                          CONTENT="Proinde"/>
                  <SP HEIGHT="48" WIDTH="14" VPOS="987" HPOS="847"/>
                  <String HEIGHT="48" WIDTH="86" VPOS="987" HPOS="804" CONTENT="de"/>
                  <SP HEIGHT="48" WIDTH="14" VPOS="987" HPOS="889"/>
                  <String HEIGHT="48" WIDTH="86" VPOS="987" HPOS="832" CONTENT="uim,"/>
               </TextLine>
               <TextLine ID="r2l22"
                         BASELINE="1066"
                         HEIGHT="36"
                         WIDTH="611"
                         VPOS="1030"
                         HPOS="300">
                  <String HEIGHT="36"
                          WIDTH="194"
                          VPOS="1030"
                          HPOS="286"
                          CONTENT="energiaque"/>
                  <SP HEIGHT="36" WIDTH="14" VPOS="1030" HPOS="481"/>
                  <String HEIGHT="36"
                          WIDTH="153"
                          VPOS="1030"
                          HPOS="439"
                          CONTENT="peccati"/>
                  <SP HEIGHT="36" WIDTH="14" VPOS="1030" HPOS="592"/>
                  <String HEIGHT="36"
                          WIDTH="194"
                          VPOS="1030"
                          HPOS="550"
                          CONTENT="originalis"/>
                  <SP HEIGHT="36" WIDTH="14" VPOS="1030" HPOS="744"/>
                  <String HEIGHT="36"
                          WIDTH="125"
                          VPOS="1030"
                          HPOS="703"
                          CONTENT="paulo"/>
                  <SP HEIGHT="36" WIDTH="14" VPOS="1030" HPOS="828"/>
                  <String HEIGHT="36"
                          WIDTH="139"
                          VPOS="1030"
                          HPOS="772"
                          CONTENT="copiosis"/>
               </TextLine>
               <TextLine ID="r2l23"
                         BASELINE="1118"
                         HEIGHT="54"
                         WIDTH="612"
                         VPOS="1064"
                         HPOS="299">
                  <String HEIGHT="54"
                          WIDTH="171"
                          VPOS="1064"
                          HPOS="285"
                          CONTENT="dicemus."/>
                  <SP HEIGHT="54" WIDTH="14" VPOS="1064" HPOS="456"/>
                  <String HEIGHT="54"
                          WIDTH="128"
                          VPOS="1064"
                          HPOS="413"
                          CONTENT="Viuax"/>
                  <SP HEIGHT="54" WIDTH="14" VPOS="1064" HPOS="541"/>
                  <String HEIGHT="54"
                          WIDTH="157"
                          VPOS="1064"
                          HPOS="498"
                          CONTENT="quaedam"/>
                  <SP HEIGHT="54" WIDTH="14" VPOS="1064" HPOS="655"/>
                  <String HEIGHT="54"
                          WIDTH="157"
                          VPOS="1064"
                          HPOS="612"
                          CONTENT="energia"/>
                  <SP HEIGHT="54" WIDTH="14" VPOS="1064" HPOS="769"/>
                  <String HEIGHT="54"
                          WIDTH="100"
                          VPOS="1064"
                          HPOS="726"
                          CONTENT="est"/>
                  <SP HEIGHT="54" WIDTH="14" VPOS="1064" HPOS="826"/>
                  <String HEIGHT="54"
                          WIDTH="142"
                          VPOS="1064"
                          HPOS="769"
                          CONTENT="peccatum"/>
               </TextLine>
               <TextLine ID="r2l24"
                         BASELINE="1162"
                         HEIGHT="57"
                         WIDTH="632"
                         VPOS="1105"
                         HPOS="285">
                  <String HEIGHT="57"
                          WIDTH="201"
                          VPOS="1105"
                          HPOS="271"
                          CONTENT="originale,"/>
                  <SP HEIGHT="57" WIDTH="14" VPOS="1105" HPOS="472"/>
                  <String HEIGHT="57"
                          WIDTH="129"
                          VPOS="1105"
                          HPOS="429"
                          CONTENT="nulla"/>
                  <SP HEIGHT="57" WIDTH="14" VPOS="1105" HPOS="558"/>
                  <String HEIGHT="57"
                          WIDTH="101"
                          VPOS="1105"
                          HPOS="515"
                          CONTENT="non"/>
                  <SP HEIGHT="57" WIDTH="14" VPOS="1105" HPOS="615"/>
                  <String HEIGHT="57"
                          WIDTH="129"
                          VPOS="1105"
                          HPOS="572"
                          CONTENT="parte"/>
                  <SP HEIGHT="57" WIDTH="14" VPOS="1105" HPOS="702"/>
                  <String HEIGHT="57"
                          WIDTH="158"
                          VPOS="1105"
                          HPOS="658"
                          CONTENT="nostri,"/>
                  <SP HEIGHT="57" WIDTH="14" VPOS="1105" HPOS="816"/>
                  <String HEIGHT="57"
                          WIDTH="129"
                          VPOS="1105"
                          HPOS="773"
                          CONTENT="nullo"/>
                  <SP HEIGHT="57" WIDTH="14" VPOS="1105" HPOS="903"/>
                  <String HEIGHT="57" WIDTH="72" VPOS="1105" HPOS="845" CONTENT="non"/>
               </TextLine>
            </TextBlock>
         </PrintSpace>
      </Page>
   </Layout>
</alto>
