1000 1385
73 100 147 49 tempore
180 100 147 49 fructum
287 100 147 49 ferens,
394 100 134 49 uitia.
487 100 134 49 Quando
581 100 107 49 enim
634 100 67 49 ho-

75 140 129 49 minis
161 140 144 49 animus
262 140 101 49 non
319 140 158 49 aestuat
434 140 129 49 malis
506 140 187 49 cupiditati-

78 189 109 51 bus,
146 189 81 51 in
187 189 136 51 quibus
282 189 109 51 quae
350 189 190 51 teterrimae
499 189 81 51 ac
526 189 177 51 foedissimae

74 219 121 50 sunt,
154 219 80 50 ne
194 219 241 50 deprehenduntur
395 219 147 50 quidem,
503 219 188 50 auaritiam,
650 219 80 50 am
677 219 40 50 e

77 255 168 65 bitionem,
206 255 129 65 odium,
297 255 207 65 inuidentiam,
465 255 220 65 aemulationem,
645 255 103 65 libi

71 296 118 59 dinum
150 296 158 59 fiammas,
268 296 118 59 iram,
347 296 105 59 quis
412 296 92 59 est
465 296 92 59 qui
517 296 92 59 non
557 296 144 59 aliquando

70 345 169 51 sentiat?
197 345 225 51 arrogantiam,
379 345 155 51 fastum,
492 345 155 51 tumorem
590 345 113 51 phari-

73 393 142 52 saicum,
176 393 181 52 contemptum
318 393 103 52 dei,
383 393 168 52 diffidere
512 393 103 52 deo,
564 393 129 52 blasphe-

76 417 124 65 miam,
159 417 179 65 principes
297 417 166 65 adfectus
421 417 110 65 rari
490 417 179 65 sentiunt,
614 417 83 65 Sunt

78 465 103 57 qui
137 465 88 57 in
181 465 162 57 speciem
299 465 147 57 uiuunt
401 465 250 57 honestissime,
607 465 73 57 &
622 465 73 57 Pau

74 513 89 52 lus
125 513 76 52 se
163 513 89 52 ita
214 513 140 52 uixisse
316 513 102 52 ante
380 513 153 52 cognitum
494 513 153 52 Christum
596 513 102 52 testa-

81 554 99 59 tur
137 554 85 59 ut
180 554 198 59 reprehendi
336 554 99 59 non
392 554 156 59 posset.
506 554 85 59 Hi
548 554 99 59 non
591 554 113 59 habent

82 591 121 57 quod
157 591 226 57 glorientur,
338 591 181 57 siquidem
474 591 136 57 animi
564 591 121 57 sunt
625 591 75 57 ob-

81 631 118 62 noxii
160 631 197 62 turpissimis
317 631 118 62 illis
396 631 118 62 atque
475 631 184 62 miserrimis
606 631 92 62 adfe-

84 673 162 59 ctibus,
202 673 118 59 quos
276 673 103 59 non
335 673 221 59 sentiscunt.
512 673 118 59 Quid
586 673 118 59 enim
645 673 59 59 si

80 717 197 58 aliquando,
235 717 85 58 ut
277 717 85 58 in
319 717 141 58 morte,
418 717 155 58 aperiat
531 717 127 58 illis
601 717 113 58 oculos

86 762 125 52 deus,
169 762 83 52 ut
211 762 97 52 sua
266 762 139 52 uicia,
363 762 111 52 suos
433 762 139 52 morbos
530 762 166 52 sanctuli
641 762 69 52 cog

79 806 187 55 noscant.
220 806 141 55 Nonne
314 806 234 55 intelligent
501 806 109 55 id,
563 806 125 55 quod
626 806 78 55 est

80 842 128 57 apud
160 842 176 57 Esaiam?
288 842 144 57 Omnem
384 842 176 57 gloriam
511 842 160 57 camis,
607 842 96 57 esse

83 887 112 50 ceu
147 887 175 50 gloriam
274 887 159 50 foeni.
386 887 144 50 Vides
482 887 128 50 quam
546 887 159 50 profunda

78 935 126 45 sit,
157 935 126 45 immo
235 935 126 45 quam
314 935 314 45 imperscrutabilis
566 935 141 45 malicia

80 966 156 63 humani
190 966 172 63 cordis.
315 966 94 63 Et
361 966 203 63 Sophistas
518 966 172 63 nostros
627 966 78 63 non

85 1020 111 39 dum
149 1020 143 39 pudet
244 1020 159 39 docere
355 1020 159 39 operum
466 1020 222 39 iusticiam,
625 1020 79 39 do-

76 1053 109 64 cere
145 1053 246 64 satisfactiones
350 1053 82 64 ac
391 1053 232 64 philosophicas
569 1053 150 64 uirtutes.
