<?xml version="1.0" encoding="UTF-8"?>
<alto xmlns:xsi="http://www.w3.org/2001/XMLSchema-instance"
      xmlns="http://www.loc.gov/standards/alto/ns-v2#"
      xmlns:page="http://schema.primaresearch.org/PAGE/gts/pagecontent/2013-07-15"
      xsi:schemaLocation="http://www.loc.gov/standards/alto/ns-v2# http://www.loc.gov/standards/alto/alto.xsd">
   <Description>
      <MeasurementUnit>pixel</MeasurementUnit>
      <OCRProcessing ID="IdOcr">
         <ocrProcessingStep>
            <processingDateTime>2020-12-02T20:01:58.897-05:00</processingDateTime>
            <processingSoftware>
               <softwareCreator>READ COOP</softwareCreator>
               <softwareName>Transkribus</softwareName>
            </processingSoftware>
         </ocrProcessingStep>
      </OCRProcessing>
   </Description>
   <Tags/>
   <Layout>
      <Page ID="Page1" PHYSICAL_IMG_NR="1" HEIGHT="1385" WIDTH="1000">
         <TopMargin HEIGHT="0" WIDTH="1000" VPOS="0" HPOS="0"/>
         <LeftMargin HEIGHT="1385" WIDTH="0" VPOS="0" HPOS="0"/>
         <RightMargin HEIGHT="1385" WIDTH="0" VPOS="0" HPOS="1000"/>
         <BottomMargin HEIGHT="0" WIDTH="1000" VPOS="1385" HPOS="0"/>
         <PrintSpace HEIGHT="1385" WIDTH="1000" VPOS="0" HPOS="0">
            <TextBlock ID="r1" HEIGHT="995" WIDTH="611" VPOS="129" HPOS="312">
               <Shape>
                  <Polygon POINTS="312,129 312,1124 923,1124 923,129"/>
               </Shape>
               <TextLine ID="r1l1"
                         BASELINE="168"
                         HEIGHT="55"
                         WIDTH="605"
                         VPOS="113"
                         HPOS="321">
                  <String HEIGHT="55"
                          WIDTH="143"
                          VPOS="113"
                          HPOS="305"
                          CONTENT="Vides"/>
                  <SP HEIGHT="55" WIDTH="16" VPOS="113" HPOS="448"/>
                  <String HEIGHT="55"
                          WIDTH="143"
                          VPOS="113"
                          HPOS="401"
                          CONTENT="autem"/>
                  <SP HEIGHT="55" WIDTH="16" VPOS="113" HPOS="544"/>
                  <String HEIGHT="55"
                          WIDTH="159"
                          VPOS="113"
                          HPOS="496"
                          CONTENT="quanto"/>
                  <SP HEIGHT="55" WIDTH="16" VPOS="113" HPOS="655"/>
                  <String HEIGHT="55"
                          WIDTH="223"
                          VPOS="113"
                          HPOS="608"
                          CONTENT="discrimine"/>
                  <SP HEIGHT="55" WIDTH="16" VPOS="113" HPOS="830"/>
                  <String HEIGHT="55" WIDTH="96" VPOS="113" HPOS="783" CONTENT="de"/>
                  <SP HEIGHT="55" WIDTH="16" VPOS="113" HPOS="878"/>
                  <String HEIGHT="55"
                          WIDTH="111"
                          VPOS="113"
                          HPOS="815"
                          CONTENT="homi"
                          SUBS_TYPE="HypPart1"
                          SUBS_CONTENT="homine"/>
                  <HYP CONTENT="-"/>
               </TextLine>
               <TextLine ID="r1l2"
                         BASELINE="217"
                         HEIGHT="50"
                         WIDTH="605"
                         VPOS="167"
                         HPOS="316">
                  <String HEIGHT="50"
                          WIDTH="93"
                          VPOS="167"
                          HPOS="300"
                          CONTENT="ne"
                          SUBS_TYPE="HypPart2"
                          SUBS_CONTENT="homine"/>
                  <SP HEIGHT="50" WIDTH="16" VPOS="167" HPOS="394"/>
                  <String HEIGHT="50"
                          WIDTH="186"
                          VPOS="167"
                          HPOS="347"
                          CONTENT="iudicent"/>
                  <SP HEIGHT="50" WIDTH="16" VPOS="167" HPOS="533"/>
                  <String HEIGHT="50"
                          WIDTH="248"
                          VPOS="167"
                          HPOS="487"
                          CONTENT="philosophia,"/>
                  <SP HEIGHT="50" WIDTH="16" VPOS="167" HPOS="735"/>
                  <String HEIGHT="50" WIDTH="109" VPOS="167" HPOS="688" CONTENT="seu"/>
                  <SP HEIGHT="50" WIDTH="16" VPOS="167" HPOS="797"/>
                  <String HEIGHT="50"
                          WIDTH="155"
                          VPOS="167"
                          HPOS="750"
                          CONTENT="humana"/>
                  <SP HEIGHT="50" WIDTH="16" VPOS="167" HPOS="905"/>
                  <String HEIGHT="50"
                          WIDTH="78"
                          VPOS="167"
                          HPOS="843"
                          CONTENT="ra"
                          SUBS_TYPE="HypPart1"
                          SUBS_CONTENT="ratio,"/>
                  <HYP CONTENT="-"/>
               </TextLine>
               <TextLine ID="r1l3"
                         BASELINE="257"
                         HEIGHT="48"
                         WIDTH="609"
                         VPOS="209"
                         HPOS="317">
                  <String HEIGHT="48"
                          WIDTH="108"
                          VPOS="209"
                          HPOS="303"
                          CONTENT="tio,"
                          SUBS_TYPE="HypPart2"
                          SUBS_CONTENT="ratio,"/>
                  <SP HEIGHT="48" WIDTH="14" VPOS="209" HPOS="412"/>
                  <String HEIGHT="48" WIDTH="68" VPOS="209" HPOS="371" CONTENT="&amp;"/>
                  <SP HEIGHT="48" WIDTH="14" VPOS="209" HPOS="439"/>
                  <String HEIGHT="48"
                          WIDTH="135"
                          VPOS="209"
                          HPOS="398"
                          CONTENT="sacrae"/>
                  <SP HEIGHT="48" WIDTH="14" VPOS="209" HPOS="534"/>
                  <String HEIGHT="48"
                          WIDTH="162"
                          VPOS="209"
                          HPOS="493"
                          CONTENT="literae."/>
                  <SP HEIGHT="48" WIDTH="14" VPOS="209" HPOS="655"/>
                  <String HEIGHT="48"
                          WIDTH="203"
                          VPOS="209"
                          HPOS="615"
                          CONTENT="Philosophia"/>
                  <SP HEIGHT="48" WIDTH="14" VPOS="209" HPOS="818"/>
                  <String HEIGHT="48" WIDTH="95" VPOS="209" HPOS="777" CONTENT="non"/>
                  <SP HEIGHT="48" WIDTH="14" VPOS="209" HPOS="872"/>
                  <String HEIGHT="48"
                          WIDTH="108"
                          VPOS="209"
                          HPOS="818"
                          CONTENT="respi"
                          SUBS_TYPE="HypPart1"
                          SUBS_CONTENT="respicit"/>
                  <HYP CONTENT="-"/>
               </TextLine>
               <TextLine ID="r1l4"
                         BASELINE="293"
                         HEIGHT="42"
                         WIDTH="613"
                         VPOS="251"
                         HPOS="310">
                  <String HEIGHT="42"
                          WIDTH="98"
                          VPOS="251"
                          HPOS="296"
                          CONTENT="cit"
                          SUBS_TYPE="HypPart2"
                          SUBS_CONTENT="respicit"/>
                  <SP HEIGHT="42" WIDTH="14" VPOS="251" HPOS="394"/>
                  <String HEIGHT="42"
                          WIDTH="111"
                          VPOS="251"
                          HPOS="352"
                          CONTENT="nisi"/>
                  <SP HEIGHT="42" WIDTH="14" VPOS="251" HPOS="463"/>
                  <String HEIGHT="42"
                          WIDTH="167"
                          VPOS="251"
                          HPOS="421"
                          CONTENT="externas"/>
                  <SP HEIGHT="42" WIDTH="14" VPOS="251" HPOS="589"/>
                  <String HEIGHT="42"
                          WIDTH="153"
                          VPOS="251"
                          HPOS="547"
                          CONTENT="hominum"/>
                  <SP HEIGHT="42" WIDTH="14" VPOS="251" HPOS="700"/>
                  <String HEIGHT="42"
                          WIDTH="153"
                          VPOS="251"
                          HPOS="658"
                          CONTENT="laruas."/>
                  <SP HEIGHT="42" WIDTH="14" VPOS="251" HPOS="812"/>
                  <String HEIGHT="42"
                          WIDTH="139"
                          VPOS="251"
                          HPOS="770"
                          CONTENT="Sacrae"/>
                  <SP HEIGHT="42" WIDTH="14" VPOS="251" HPOS="909"/>
                  <String HEIGHT="42"
                          WIDTH="70"
                          VPOS="251"
                          HPOS="853"
                          CONTENT="li"
                          SUBS_TYPE="HypPart1"
                          SUBS_CONTENT="literae"/>
                  <HYP CONTENT="-"/>
               </TextLine>
               <TextLine ID="r1l5"
                         BASELINE="338"
                         HEIGHT="48"
                         WIDTH="600"
                         VPOS="290"
                         HPOS="315">
                  <String HEIGHT="48"
                          WIDTH="126"
                          VPOS="290"
                          HPOS="301"
                          CONTENT="terae"
                          SUBS_TYPE="HypPart2"
                          SUBS_CONTENT="literae"/>
                  <SP HEIGHT="48" WIDTH="14" VPOS="290" HPOS="427"/>
                  <String HEIGHT="48"
                          WIDTH="223"
                          VPOS="290"
                          HPOS="385"
                          CONTENT="penitissimos"/>
                  <SP HEIGHT="48" WIDTH="14" VPOS="290" HPOS="608"/>
                  <String HEIGHT="48" WIDTH="70" VPOS="290" HPOS="566" CONTENT="&amp;"/>
                  <SP HEIGHT="48" WIDTH="14" VPOS="290" HPOS="636"/>
                  <String HEIGHT="48"
                          WIDTH="307"
                          VPOS="290"
                          HPOS="594"
                          CONTENT="incomprehensibiles"/>
                  <SP HEIGHT="48" WIDTH="14" VPOS="290" HPOS="901"/>
                  <String HEIGHT="48"
                          WIDTH="70"
                          VPOS="290"
                          HPOS="845"
                          CONTENT="ad"
                          SUBS_TYPE="HypPart1"
                          SUBS_CONTENT="adfectus"/>
                  <HYP CONTENT="-"/>
               </TextLine>
               <TextLine ID="r1l6"
                         BASELINE="383"
                         HEIGHT="60"
                         WIDTH="604"
                         VPOS="323"
                         HPOS="315">
                  <String HEIGHT="60"
                          WIDTH="151"
                          VPOS="323"
                          HPOS="300"
                          CONTENT="fectus"
                          SUBS_TYPE="HypPart2"
                          SUBS_CONTENT="adfectus"/>
                  <SP HEIGHT="60" WIDTH="15" VPOS="323" HPOS="451"/>
                  <String HEIGHT="60"
                          WIDTH="211"
                          VPOS="323"
                          HPOS="406"
                          CONTENT="obseruant,"/>
                  <SP HEIGHT="60" WIDTH="15" VPOS="323" HPOS="617"/>
                  <String HEIGHT="60"
                          WIDTH="151"
                          VPOS="323"
                          HPOS="572"
                          CONTENT="quibus"/>
                  <SP HEIGHT="60" WIDTH="15" VPOS="323" HPOS="723"/>
                  <String HEIGHT="60" WIDTH="106" VPOS="323" HPOS="677" CONTENT="cum"/>
                  <SP HEIGHT="60" WIDTH="15" VPOS="323" HPOS="783"/>
                  <String HEIGHT="60"
                          WIDTH="166"
                          VPOS="323"
                          HPOS="738"
                          CONTENT="regatur"/>
                  <SP HEIGHT="60" WIDTH="15" VPOS="323" HPOS="904"/>
                  <String HEIGHT="60"
                          WIDTH="76"
                          VPOS="323"
                          HPOS="844"
                          CONTENT="ho"
                          SUBS_TYPE="HypPart1"
                          SUBS_CONTENT="homo,"/>
                  <HYP CONTENT="-"/>
               </TextLine>
               <TextLine ID="r1l7"
                         BASELINE="419"
                         HEIGHT="45"
                         WIDTH="603"
                         VPOS="374"
                         HPOS="307">
                  <String HEIGHT="45"
                          WIDTH="103"
                          VPOS="374"
                          HPOS="292"
                          CONTENT="mo,"
                          SUBS_TYPE="HypPart2"
                          SUBS_CONTENT="homo,"/>
                  <SP HEIGHT="45" WIDTH="15" VPOS="374" HPOS="395"/>
                  <String HEIGHT="45" WIDTH="88" VPOS="374" HPOS="351" CONTENT="de"/>
                  <SP HEIGHT="45" WIDTH="15" VPOS="374" HPOS="439"/>
                  <String HEIGHT="45"
                          WIDTH="176"
                          VPOS="374"
                          HPOS="395"
                          CONTENT="operibus"/>
                  <SP HEIGHT="45" WIDTH="15" VPOS="374" HPOS="572"/>
                  <String HEIGHT="45" WIDTH="103" VPOS="374" HPOS="528" CONTENT="pro"/>
                  <SP HEIGHT="45" WIDTH="15" VPOS="374" HPOS="631"/>
                  <String HEIGHT="45"
                          WIDTH="191"
                          VPOS="374"
                          HPOS="586"
                          CONTENT="adfectuum"/>
                  <SP HEIGHT="45" WIDTH="15" VPOS="374" HPOS="778"/>
                  <String HEIGHT="45"
                          WIDTH="162"
                          VPOS="374"
                          HPOS="734"
                          CONTENT="ratione"/>
                  <SP HEIGHT="45" WIDTH="15" VPOS="374" HPOS="895"/>
                  <String HEIGHT="45"
                          WIDTH="74"
                          VPOS="374"
                          HPOS="836"
                          CONTENT="iu"
                          SUBS_TYPE="HypPart1"
                          SUBS_CONTENT="iudicant."/>
                  <HYP CONTENT="-"/>
               </TextLine>
               <TextLine ID="r1l8"
                         BASELINE="464"
                         HEIGHT="57"
                         WIDTH="603"
                         VPOS="407"
                         HPOS="314">
                  <String HEIGHT="57"
                          WIDTH="162"
                          VPOS="407"
                          HPOS="299"
                          CONTENT="dicant."
                          SUBS_TYPE="HypPart2"
                          SUBS_CONTENT="iudicant."/>
                  <SP HEIGHT="57" WIDTH="15" VPOS="407" HPOS="461"/>
                  <String HEIGHT="57" WIDTH="88" VPOS="407" HPOS="417" CONTENT="Et"/>
                  <SP HEIGHT="57" WIDTH="15" VPOS="407" HPOS="505"/>
                  <String HEIGHT="57" WIDTH="103" VPOS="407" HPOS="461" CONTENT="cum"/>
                  <SP HEIGHT="57" WIDTH="15" VPOS="407" HPOS="564"/>
                  <String HEIGHT="57" WIDTH="88" VPOS="407" HPOS="520" CONTENT="in"/>
                  <SP HEIGHT="57" WIDTH="15" VPOS="407" HPOS="608"/>
                  <String HEIGHT="57"
                          WIDTH="162"
                          VPOS="407"
                          HPOS="564"
                          CONTENT="omnibus"/>
                  <SP HEIGHT="57" WIDTH="15" VPOS="407" HPOS="726"/>
                  <String HEIGHT="57"
                          WIDTH="176"
                          VPOS="407"
                          HPOS="682"
                          CONTENT="operibus"/>
                  <SP HEIGHT="57" WIDTH="15" VPOS="407" HPOS="858"/>
                  <String HEIGHT="57"
                          WIDTH="118"
                          VPOS="407"
                          HPOS="799"
                          CONTENT="nostra"/>
               </TextLine>
               <TextLine ID="r1l9"
                         BASELINE="508"
                         HEIGHT="47"
                         WIDTH="603"
                         VPOS="461"
                         HPOS="318">
                  <String HEIGHT="47"
                          WIDTH="167"
                          VPOS="461"
                          HPOS="305"
                          CONTENT="queramus,"/>
                  <SP HEIGHT="47" WIDTH="13" VPOS="461" HPOS="472"/>
                  <String HEIGHT="47"
                          WIDTH="141"
                          VPOS="461"
                          HPOS="433"
                          CONTENT="necesse"/>
                  <SP HEIGHT="47" WIDTH="13" VPOS="461" HPOS="575"/>
                  <String HEIGHT="47" WIDTH="90" VPOS="461" HPOS="536" CONTENT="est"/>
                  <SP HEIGHT="47" WIDTH="13" VPOS="461" HPOS="626"/>
                  <String HEIGHT="47" WIDTH="90" VPOS="461" HPOS="587" CONTENT="ea,"/>
                  <SP HEIGHT="47" WIDTH="13" VPOS="461" HPOS="677"/>
                  <String HEIGHT="47"
                          WIDTH="128"
                          VPOS="461"
                          HPOS="639"
                          CONTENT="reuera"/>
                  <SP HEIGHT="47" WIDTH="13" VPOS="461" HPOS="767"/>
                  <String HEIGHT="47"
                          WIDTH="141"
                          VPOS="461"
                          HPOS="729"
                          CONTENT="peccata"/>
                  <SP HEIGHT="47" WIDTH="13" VPOS="461" HPOS="870"/>
                  <String HEIGHT="47"
                          WIDTH="115"
                          VPOS="461"
                          HPOS="831"
                          CONTENT="esse,"/>
                  <SP HEIGHT="47" WIDTH="13" VPOS="461" HPOS="947"/>
                  <String HEIGHT="47" WIDTH="26" VPOS="461" HPOS="895" CONTENT=""/>
               </TextLine>
               <TextLine ID="r1l10"
                         BASELINE="549"
                         HEIGHT="52"
                         WIDTH="602"
                         VPOS="497"
                         HPOS="317">
                  <String HEIGHT="52" WIDTH="73" VPOS="497" HPOS="302" CONTENT="&amp;"/>
                  <SP HEIGHT="52" WIDTH="15" VPOS="497" HPOS="376"/>
                  <String HEIGHT="52" WIDTH="88" VPOS="497" HPOS="332" CONTENT="ut"/>
                  <SP HEIGHT="52" WIDTH="15" VPOS="497" HPOS="420"/>
                  <String HEIGHT="52" WIDTH="103" VPOS="497" HPOS="376" CONTENT="non"/>
                  <SP HEIGHT="52" WIDTH="15" VPOS="497" HPOS="479"/>
                  <String HEIGHT="52"
                          WIDTH="132"
                          VPOS="497"
                          HPOS="434"
                          CONTENT="dicam"/>
                  <SP HEIGHT="52" WIDTH="15" VPOS="497" HPOS="567"/>
                  <String HEIGHT="52"
                          WIDTH="162"
                          VPOS="497"
                          HPOS="523"
                          CONTENT="interim"/>
                  <SP HEIGHT="52" WIDTH="15" VPOS="497" HPOS="684"/>
                  <String HEIGHT="52" WIDTH="88" VPOS="497" HPOS="640" CONTENT="de"/>
                  <SP HEIGHT="52" WIDTH="15" VPOS="497" HPOS="728"/>
                  <String HEIGHT="52"
                          WIDTH="235"
                          VPOS="497"
                          HPOS="684"
                          CONTENT="crassissimis"/>
                  <SP HEIGHT="52" WIDTH="15" VPOS="497" HPOS="919"/>
                  <String HEIGHT="52" WIDTH="59" VPOS="497" HPOS="860" CONTENT="cu"/>
               </TextLine>
               <TextLine ID="r1l11"
                         BASELINE="584"
                         HEIGHT="49"
                         WIDTH="606"
                         VPOS="535"
                         HPOS="314">
                  <String HEIGHT="49"
                          WIDTH="225"
                          VPOS="535"
                          HPOS="300"
                          CONTENT="piditatibus,"/>
                  <SP HEIGHT="49" WIDTH="14" VPOS="535" HPOS="525"/>
                  <String HEIGHT="49"
                          WIDTH="127"
                          VPOS="535"
                          HPOS="483"
                          CONTENT="nonne"/>
                  <SP HEIGHT="49" WIDTH="14" VPOS="535" HPOS="610"/>
                  <String HEIGHT="49"
                          WIDTH="127"
                          VPOS="535"
                          HPOS="568"
                          CONTENT="eorum"/>
                  <SP HEIGHT="49" WIDTH="14" VPOS="535" HPOS="695"/>
                  <String HEIGHT="49" WIDTH="99" VPOS="535" HPOS="652" CONTENT="qui"/>
                  <SP HEIGHT="49" WIDTH="14" VPOS="535" HPOS="751"/>
                  <String HEIGHT="49" WIDTH="85" VPOS="535" HPOS="709" CONTENT="in"/>
                  <SP HEIGHT="49" WIDTH="14" VPOS="535" HPOS="793"/>
                  <String HEIGHT="49"
                          WIDTH="155"
                          VPOS="535"
                          HPOS="751"
                          CONTENT="speciem"/>
                  <SP HEIGHT="49" WIDTH="14" VPOS="535" HPOS="906"/>
                  <String HEIGHT="49"
                          WIDTH="70"
                          VPOS="535"
                          HPOS="850"
                          CONTENT="be"
                          SUBS_TYPE="HypPart1"
                          SUBS_CONTENT="bene"/>
                  <HYP CONTENT="-"/>
               </TextLine>
               <TextLine ID="r1l12"
                         BASELINE="616"
                         HEIGHT="44"
                         WIDTH="600"
                         VPOS="572"
                         HPOS="313">
                  <String HEIGHT="44"
                          WIDTH="90"
                          VPOS="572"
                          HPOS="298"
                          CONTENT="ne"
                          SUBS_TYPE="HypPart2"
                          SUBS_CONTENT="bene"/>
                  <SP HEIGHT="44" WIDTH="15" VPOS="572" HPOS="388"/>
                  <String HEIGHT="44"
                          WIDTH="165"
                          VPOS="572"
                          HPOS="343"
                          CONTENT="uiuunt,"/>
                  <SP HEIGHT="44" WIDTH="15" VPOS="572" HPOS="508"/>
                  <String HEIGHT="44"
                          WIDTH="135"
                          VPOS="572"
                          HPOS="463"
                          CONTENT="alius"/>
                  <SP HEIGHT="44" WIDTH="15" VPOS="572" HPOS="598"/>
                  <String HEIGHT="44" WIDTH="90" VPOS="572" HPOS="553" CONTENT="ad"/>
                  <SP HEIGHT="44" WIDTH="15" VPOS="572" HPOS="643"/>
                  <String HEIGHT="44"
                          WIDTH="195"
                          VPOS="572"
                          HPOS="598"
                          CONTENT="huiusmodi"/>
                  <SP HEIGHT="44" WIDTH="15" VPOS="572" HPOS="793"/>
                  <String HEIGHT="44"
                          WIDTH="135"
                          VPOS="572"
                          HPOS="748"
                          CONTENT="mores"/>
                  <SP HEIGHT="44" WIDTH="15" VPOS="572" HPOS="883"/>
                  <String HEIGHT="44"
                          WIDTH="90"
                          VPOS="572"
                          HPOS="823"
                          CONTENT="tra"
                          SUBS_TYPE="HypPart1"
                          SUBS_CONTENT="trahitur"/>
                  <HYP CONTENT="-"/>
               </TextLine>
               <TextLine ID="r1l13"
                         BASELINE="671"
                         HEIGHT="55"
                         WIDTH="602"
                         VPOS="616"
                         HPOS="314">
                  <String HEIGHT="55"
                          WIDTH="132"
                          VPOS="616"
                          HPOS="299"
                          CONTENT="hitur"
                          SUBS_TYPE="HypPart2"
                          SUBS_CONTENT="trahitur"/>
                  <SP HEIGHT="55" WIDTH="15" VPOS="616" HPOS="431"/>
                  <String HEIGHT="55"
                          WIDTH="176"
                          VPOS="616"
                          HPOS="387"
                          CONTENT="fastidio"/>
                  <SP HEIGHT="55" WIDTH="15" VPOS="616" HPOS="564"/>
                  <String HEIGHT="55"
                          WIDTH="132"
                          VPOS="616"
                          HPOS="520"
                          CONTENT="rerum"/>
                  <SP HEIGHT="55" WIDTH="15" VPOS="616" HPOS="652"/>
                  <String HEIGHT="55"
                          WIDTH="206"
                          VPOS="616"
                          HPOS="608"
                          CONTENT="humanarum,"/>
                  <SP HEIGHT="55" WIDTH="15" VPOS="616" HPOS="813"/>
                  <String HEIGHT="55"
                          WIDTH="132"
                          VPOS="616"
                          HPOS="769"
                          CONTENT="alius"/>
                  <SP HEIGHT="55" WIDTH="15" VPOS="616" HPOS="901"/>
                  <String HEIGHT="55"
                          WIDTH="73"
                          VPOS="616"
                          HPOS="843"
                          CONTENT="me"
                          SUBS_TYPE="HypPart1"
                          SUBS_CONTENT="metu"/>
                  <HYP CONTENT="-"/>
               </TextLine>
               <TextLine ID="r1l14"
                         BASELINE="713"
                         HEIGHT="54"
                         WIDTH="610"
                         VPOS="659"
                         HPOS="312">
                  <String HEIGHT="54"
                          WIDTH="89"
                          VPOS="659"
                          HPOS="297"
                          CONTENT="tu"
                          SUBS_TYPE="HypPart2"
                          SUBS_CONTENT="metu"/>
                  <SP HEIGHT="54" WIDTH="15" VPOS="659" HPOS="386"/>
                  <String HEIGHT="54"
                          WIDTH="193"
                          VPOS="659"
                          HPOS="342"
                          CONTENT="fortunae,"/>
                  <SP HEIGHT="54" WIDTH="15" VPOS="659" HPOS="535"/>
                  <String HEIGHT="54"
                          WIDTH="134"
                          VPOS="659"
                          HPOS="491"
                          CONTENT="alius"/>
                  <SP HEIGHT="54" WIDTH="15" VPOS="659" HPOS="624"/>
                  <String HEIGHT="54"
                          WIDTH="208"
                          VPOS="659"
                          HPOS="580"
                          CONTENT="ambitione,"/>
                  <SP HEIGHT="54" WIDTH="15" VPOS="659" HPOS="788"/>
                  <String HEIGHT="54"
                          WIDTH="134"
                          VPOS="659"
                          HPOS="743"
                          CONTENT="alius"/>
                  <SP HEIGHT="54" WIDTH="15" VPOS="659" HPOS="877"/>
                  <String HEIGHT="54"
                          WIDTH="104"
                          VPOS="659"
                          HPOS="818"
                          CONTENT="amore"/>
               </TextLine>
               <TextLine ID="r1l15"
                         BASELINE="748"
                         HEIGHT="43"
                         WIDTH="600"
                         VPOS="705"
                         HPOS="320">
                  <String HEIGHT="43"
                          WIDTH="273"
                          VPOS="705"
                          HPOS="306"
                          CONTENT="tranquillitatis,"/>
                  <SP HEIGHT="43" WIDTH="14" VPOS="705" HPOS="579"/>
                  <String HEIGHT="43" WIDTH="95" VPOS="705" HPOS="538" CONTENT="nam"/>
                  <SP HEIGHT="43" WIDTH="14" VPOS="705" HPOS="634"/>
                  <String HEIGHT="43" WIDTH="95" VPOS="705" HPOS="593" CONTENT="hae"/>
                  <SP HEIGHT="43" WIDTH="14" VPOS="705" HPOS="688"/>
                  <String HEIGHT="43"
                          WIDTH="150"
                          VPOS="705"
                          HPOS="647"
                          CONTENT="caussae"/>
                  <SP HEIGHT="43" WIDTH="14" VPOS="705" HPOS="797"/>
                  <String HEIGHT="43"
                          WIDTH="164"
                          VPOS="705"
                          HPOS="756"
                          CONTENT="melioris"/>
                  <SP HEIGHT="43" WIDTH="14" VPOS="705" HPOS="920"/>
                  <String HEIGHT="43" WIDTH="55" VPOS="705" HPOS="865" CONTENT="in"/>
               </TextLine>
               <TextLine ID="r1l16"
                         BASELINE="786"
                         HEIGHT="47"
                         WIDTH="606"
                         VPOS="739"
                         HPOS="315">
                  <String HEIGHT="47"
                          WIDTH="155"
                          VPOS="739"
                          HPOS="301"
                          CONTENT="speciem"/>
                  <SP HEIGHT="47" WIDTH="14" VPOS="739" HPOS="456"/>
                  <String HEIGHT="47"
                          WIDTH="127"
                          VPOS="739"
                          HPOS="414"
                          CONTENT="uitae"/>
                  <SP HEIGHT="47" WIDTH="14" VPOS="739" HPOS="540"/>
                  <String HEIGHT="47" WIDTH="70" VPOS="739" HPOS="498" CONTENT="&amp;"/>
                  <SP HEIGHT="47" WIDTH="14" VPOS="739" HPOS="569"/>
                  <String HEIGHT="47"
                          WIDTH="155"
                          VPOS="739"
                          HPOS="526"
                          CONTENT="quondam"/>
                  <SP HEIGHT="47" WIDTH="14" VPOS="739" HPOS="681"/>
                  <String HEIGHT="47"
                          WIDTH="127"
                          VPOS="739"
                          HPOS="639"
                          CONTENT="fuere"/>
                  <SP HEIGHT="47" WIDTH="14" VPOS="739" HPOS="766"/>
                  <String HEIGHT="47"
                          WIDTH="225"
                          VPOS="739"
                          HPOS="724"
                          CONTENT="philosophis,"/>
                  <SP HEIGHT="47" WIDTH="14" VPOS="739" HPOS="949"/>
                  <String HEIGHT="47" WIDTH="28" VPOS="739" HPOS="893" CONTENT=""/>
               </TextLine>
               <TextLine ID="r1l17"
                         BASELINE="841"
                         HEIGHT="54"
                         WIDTH="610"
                         VPOS="787"
                         HPOS="317">
                  <String HEIGHT="54" WIDTH="71" VPOS="787" HPOS="303" CONTENT="&amp;"/>
                  <SP HEIGHT="54" WIDTH="14" VPOS="787" HPOS="374"/>
                  <String HEIGHT="54"
                          WIDTH="113"
                          VPOS="787"
                          HPOS="331"
                          CONTENT="nunc"/>
                  <SP HEIGHT="54" WIDTH="14" VPOS="787" HPOS="445"/>
                  <String HEIGHT="54"
                          WIDTH="113"
                          VPOS="787"
                          HPOS="402"
                          CONTENT="sunt"/>
                  <SP HEIGHT="54" WIDTH="14" VPOS="787" HPOS="516"/>
                  <String HEIGHT="54"
                          WIDTH="184"
                          VPOS="787"
                          HPOS="473"
                          CONTENT="plerisque"/>
                  <SP HEIGHT="54" WIDTH="14" VPOS="787" HPOS="657"/>
                  <String HEIGHT="54"
                          WIDTH="199"
                          VPOS="787"
                          HPOS="615"
                          CONTENT="hominibus,"/>
                  <SP HEIGHT="54" WIDTH="14" VPOS="787" HPOS="814"/>
                  <String HEIGHT="54"
                          WIDTH="128"
                          VPOS="787"
                          HPOS="771"
                          CONTENT="alius"/>
                  <SP HEIGHT="54" WIDTH="14" VPOS="787" HPOS="899"/>
                  <String HEIGHT="54" WIDTH="85" VPOS="787" HPOS="842" CONTENT="simu"/>
               </TextLine>
               <TextLine ID="r1l18"
                         BASELINE="875"
                         HEIGHT="54"
                         WIDTH="604"
                         VPOS="821"
                         HPOS="315">
                  <String HEIGHT="54"
                          WIDTH="134"
                          VPOS="821"
                          HPOS="298"
                          CONTENT="lato"/>
                  <SP HEIGHT="54" WIDTH="17" VPOS="821" HPOS="432"/>
                  <String HEIGHT="54"
                          WIDTH="168"
                          VPOS="821"
                          HPOS="382"
                          CONTENT="quodam"/>
                  <SP HEIGHT="54" WIDTH="17" VPOS="821" HPOS="550"/>
                  <String HEIGHT="54"
                          WIDTH="201"
                          VPOS="821"
                          HPOS="500"
                          CONTENT="poenarum"/>
                  <SP HEIGHT="54" WIDTH="17" VPOS="821" HPOS="701"/>
                  <String HEIGHT="54"
                          WIDTH="218"
                          VPOS="821"
                          HPOS="651"
                          CONTENT="diuinarum"/>
                  <SP HEIGHT="54" WIDTH="17" VPOS="821" HPOS="869"/>
                  <String HEIGHT="54"
                          WIDTH="117"
                          VPOS="821"
                          HPOS="802"
                          CONTENT="metu,"/>
               </TextLine>
               <TextLine ID="r1l19"
                         BASELINE="920"
                         HEIGHT="51"
                         WIDTH="598"
                         VPOS="869"
                         HPOS="315">
                  <String HEIGHT="51"
                          WIDTH="106"
                          VPOS="869"
                          HPOS="302"
                          CONTENT="alii"/>
                  <SP HEIGHT="51" WIDTH="13" VPOS="869" HPOS="408"/>
                  <String HEIGHT="51"
                          WIDTH="120"
                          VPOS="869"
                          HPOS="368"
                          CONTENT="aliis"/>
                  <SP HEIGHT="51" WIDTH="13" VPOS="869" HPOS="488"/>
                  <String HEIGHT="51"
                          WIDTH="159"
                          VPOS="869"
                          HPOS="448"
                          CONTENT="caussis,"/>
                  <SP HEIGHT="51" WIDTH="13" VPOS="869" HPOS="607"/>
                  <String HEIGHT="51"
                          WIDTH="106"
                          VPOS="869"
                          HPOS="567"
                          CONTENT="quis"/>
                  <SP HEIGHT="51" WIDTH="13" VPOS="869" HPOS="674"/>
                  <String HEIGHT="51"
                          WIDTH="106"
                          VPOS="869"
                          HPOS="634"
                          CONTENT="enim"/>
                  <SP HEIGHT="51" WIDTH="13" VPOS="869" HPOS="740"/>
                  <String HEIGHT="51"
                          WIDTH="199"
                          VPOS="869"
                          HPOS="700"
                          CONTENT="labyrinthum"/>
                  <SP HEIGHT="51" WIDTH="13" VPOS="869" HPOS="900"/>
                  <String HEIGHT="51"
                          WIDTH="66"
                          VPOS="869"
                          HPOS="847"
                          CONTENT="hu"
                          SUBS_TYPE="HypPart1"
                          SUBS_CONTENT="humani"/>
                  <HYP CONTENT="-"/>
               </TextLine>
               <TextLine ID="r1l20"
                         BASELINE="965"
                         HEIGHT="55"
                         WIDTH="614"
                         VPOS="910"
                         HPOS="310">
                  <String HEIGHT="55"
                          WIDTH="126"
                          VPOS="910"
                          HPOS="294"
                          CONTENT="mani"
                          SUBS_TYPE="HypPart2"
                          SUBS_CONTENT="humani"/>
                  <SP HEIGHT="55" WIDTH="16" VPOS="910" HPOS="420"/>
                  <String HEIGHT="55"
                          WIDTH="157"
                          VPOS="910"
                          HPOS="373"
                          CONTENT="cordis"/>
                  <SP HEIGHT="55" WIDTH="16" VPOS="910" HPOS="530"/>
                  <String HEIGHT="55"
                          WIDTH="157"
                          VPOS="910"
                          HPOS="483"
                          CONTENT="possit"/>
                  <SP HEIGHT="55" WIDTH="16" VPOS="910" HPOS="641"/>
                  <String HEIGHT="55"
                          WIDTH="315"
                          VPOS="910"
                          HPOS="593"
                          CONTENT="explicaretmaxime"/>
                  <SP HEIGHT="55" WIDTH="16" VPOS="910" HPOS="908"/>
                  <String HEIGHT="55" WIDTH="79" VPOS="910" HPOS="845" CONTENT="cum"/>
               </TextLine>
               <TextLine ID="r1l21"
                         BASELINE="998"
                         HEIGHT="45"
                         WIDTH="609"
                         VPOS="953"
                         HPOS="316">
                  <String HEIGHT="45"
                          WIDTH="131"
                          VPOS="953"
                          HPOS="302"
                          CONTENT="tanta"/>
                  <SP HEIGHT="45" WIDTH="15" VPOS="953" HPOS="432"/>
                  <String HEIGHT="45" WIDTH="102" VPOS="953" HPOS="389" CONTENT="sit"/>
                  <SP HEIGHT="45" WIDTH="15" VPOS="953" HPOS="490"/>
                  <String HEIGHT="45"
                          WIDTH="203"
                          VPOS="953"
                          HPOS="447"
                          CONTENT="adfectuum,"/>
                  <SP HEIGHT="45" WIDTH="15" VPOS="953" HPOS="650"/>
                  <String HEIGHT="45"
                          WIDTH="145"
                          VPOS="953"
                          HPOS="606"
                          CONTENT="quanta"/>
                  <SP HEIGHT="45" WIDTH="15" VPOS="953" HPOS="751"/>
                  <String HEIGHT="45"
                          WIDTH="203"
                          VPOS="953"
                          HPOS="708"
                          CONTENT="ingeniorum"/>
                  <SP HEIGHT="45" WIDTH="15" VPOS="953" HPOS="911"/>
                  <String HEIGHT="45"
                          WIDTH="73"
                          VPOS="953"
                          HPOS="853"
                          CONTENT="di"
                          SUBS_TYPE="HypPart1"
                          SUBS_CONTENT="diuersitas."/>
                  <HYP CONTENT="-"/>
               </TextLine>
               <TextLine ID="r1l22"
                         BASELINE="1043"
                         HEIGHT="50"
                         WIDTH="615"
                         VPOS="993"
                         HPOS="313">
                  <String HEIGHT="50"
                          WIDTH="205"
                          VPOS="993"
                          HPOS="297"
                          CONTENT="uersitas."
                          SUBS_TYPE="HypPart2"
                          SUBS_CONTENT="diuersitas."/>
                  <SP HEIGHT="50" WIDTH="16" VPOS="993" HPOS="502"/>
                  <String HEIGHT="50"
                          WIDTH="126"
                          VPOS="993"
                          HPOS="455"
                          CONTENT="Quis"/>
                  <SP HEIGHT="50" WIDTH="16" VPOS="993" HPOS="581"/>
                  <String HEIGHT="50" WIDTH="110" VPOS="993" HPOS="534" CONTENT="est"/>
                  <SP HEIGHT="50" WIDTH="16" VPOS="993" HPOS="644"/>
                  <String HEIGHT="50"
                          WIDTH="142"
                          VPOS="993"
                          HPOS="597"
                          CONTENT="autem"/>
                  <SP HEIGHT="50" WIDTH="16" VPOS="993" HPOS="739"/>
                  <String HEIGHT="50"
                          WIDTH="158"
                          VPOS="993"
                          HPOS="691"
                          CONTENT="omnium"/>
                  <SP HEIGHT="50" WIDTH="16" VPOS="993" HPOS="849"/>
                  <String HEIGHT="50"
                          WIDTH="142"
                          VPOS="993"
                          HPOS="786"
                          CONTENT="hominum"/>
               </TextLine>
               <TextLine ID="r1l23"
                         BASELINE="1088"
                         HEIGHT="61"
                         WIDTH="604"
                         VPOS="1027"
                         HPOS="318">
                  <String HEIGHT="61"
                          WIDTH="181"
                          VPOS="1027"
                          HPOS="303"
                          CONTENT="secundum"/>
                  <SP HEIGHT="61" WIDTH="15" VPOS="1027" HPOS="484"/>
                  <String HEIGHT="61"
                          WIDTH="181"
                          VPOS="1027"
                          HPOS="439"
                          CONTENT="naturam,"/>
                  <SP HEIGHT="61" WIDTH="15" VPOS="1027" HPOS="620"/>
                  <String HEIGHT="61"
                          WIDTH="106"
                          VPOS="1027"
                          HPOS="575"
                          CONTENT="qui"/>
                  <SP HEIGHT="61" WIDTH="15" VPOS="1027" HPOS="680"/>
                  <String HEIGHT="61"
                          WIDTH="106"
                          VPOS="1027"
                          HPOS="635"
                          CONTENT="non"/>
                  <SP HEIGHT="61" WIDTH="15" VPOS="1027" HPOS="741"/>
                  <String HEIGHT="61"
                          WIDTH="136"
                          VPOS="1027"
                          HPOS="696"
                          CONTENT="malit"/>
                  <SP HEIGHT="61" WIDTH="15" VPOS="1027" HPOS="831"/>
                  <String HEIGHT="61"
                          WIDTH="166"
                          VPOS="1027"
                          HPOS="786"
                          CONTENT="licere,"/>
                  <SP HEIGHT="61" WIDTH="15" VPOS="1027" HPOS="952"/>
                  <String HEIGHT="61" WIDTH="30" VPOS="1027" HPOS="892" CONTENT=""/>
               </TextLine>
               <TextLine ID="r1l24"
                         BASELINE="1131"
                         HEIGHT="62"
                         WIDTH="621"
                         VPOS="1069"
                         HPOS="308">
                  <String HEIGHT="62"
                          WIDTH="188"
                          VPOS="1069"
                          HPOS="294"
                          CONTENT="indulgere"/>
                  <SP HEIGHT="62" WIDTH="14" VPOS="1069" HPOS="481"/>
                  <String HEIGHT="62"
                          WIDTH="144"
                          VPOS="1069"
                          HPOS="438"
                          CONTENT="genio,"/>
                  <SP HEIGHT="62" WIDTH="14" VPOS="1069" HPOS="582"/>
                  <String HEIGHT="62"
                          WIDTH="101"
                          VPOS="1069"
                          HPOS="539"
                          CONTENT="qui"/>
                  <SP HEIGHT="62" WIDTH="14" VPOS="1069" HPOS="640"/>
                  <String HEIGHT="62"
                          WIDTH="101"
                          VPOS="1069"
                          HPOS="597"
                          CONTENT="non"/>
                  <SP HEIGHT="62" WIDTH="14" VPOS="1069" HPOS="698"/>
                  <String HEIGHT="62"
                          WIDTH="130"
                          VPOS="1069"
                          HPOS="655"
                          CONTENT="aegre"/>
                  <SP HEIGHT="62" WIDTH="14" VPOS="1069" HPOS="785"/>
                  <String HEIGHT="62"
                          WIDTH="130"
                          VPOS="1069"
                          HPOS="741"
                          CONTENT="ferat"/>
                  <SP HEIGHT="62" WIDTH="14" VPOS="1069" HPOS="871"/>
                  <String HEIGHT="62"
                          WIDTH="116"
                          VPOS="1069"
                          HPOS="813"
                          CONTENT="coher"/>
               </TextLine>
            </TextBlock>
         </PrintSpace>
      </Page>
   </Layout>
</alto>
