1000 1385
296 97 98 66 nas
352 97 126 66 istas
436 97 168 66 uirtutum
562 97 154 66 umbras,
673 97 168 66 oporteat
799 97 98 66 eos
841 97 84 66 uici

297 154 166 54 arguere.
421 154 69 54 O
449 154 207 54 impietatem.
615 154 83 54 An
656 154 97 54 non
711 154 97 54 est
766 154 110 54 haec
835 154 110 54 illa

296 200 149 39 ltuoti&
405 200 162 39 uerborum
526 200 149 39 fingere
634 200 135 39 bonum,
729 200 122 39 alias
796 200 122 39 merito-

298 245 99 40 rium
359 245 111 40 uitae
433 245 173 40 aethernae,
569 245 111 40 alias
643 245 86 40 non
692 245 185 40 meritorium.
840 245 74 40 Tu
865 245 49 40 ue

295 281 77 52 ro
334 281 115 52 certo
411 281 90 52 sic
462 281 154 52 sentias,
577 281 115 52 nihil
654 281 115 52 neque
731 281 103 52 boni
795 281 115 52 neque
859 281 64 52 me-

300 317 147 52 ritorii
407 317 120 52 fieri
487 317 120 52 posse
567 317 80 52 ab
607 317 134 52 homine
701 317 94 52 per
754 317 120 52 uires
821 317 94 52 natu-

291 364 114 43 rae.
362 364 143 43 Quando
462 364 143 43 quidem
562 364 128 43 dicit
647 364 200 43 scriptura.
804 364 114 43 Omne
861 364 57 43 de

291 407 180 43 siderium
426 407 240 43 cogitationum
620 407 150 43 cordis
725 407 150 43 humani
815 407 105 43 uanum

296 451 109 40 esse
364 451 68 40 &
392 451 150 40 prauum.
501 451 123 40 Certe
582 451 109 40 quod
651 451 123 40 uanum
732 451 95 40 est
787 451 68 40 &
800 451 123 40 prauum,

299 486 87 48 id
342 486 101 48 non
400 486 115 48 modo
472 486 101 48 non
529 486 101 48 est
587 486 202 48 meritorium
746 486 130 48 uitae
818 486 101 48 aeter

297 527 111 46 nae,
366 527 152 46 oportet
477 527 111 46 enim
546 527 97 46 uti
602 527 83 46 me
643 527 152 46 illorum
754 527 152 46 uerbis,
851 527 69 46 sed

292 574 115 43 nec
357 574 164 43 bonum.
472 574 115 43 Sic
538 574 164 43 Dauid,
653 574 148 43 Omnis
752 574 131 43 homo
817 574 99 43 men-

299 613 114 50 dax.
370 613 157 50 Esaias.
484 613 128 50 Omnes
570 613 114 50 sunt
641 613 214 50 hypocritae,
812 613 71 50 &
826 613 86 50 pra-

299 653 89 48 ui,
350 653 64 48 &
376 653 166 48 uniuersum
503 653 77 48 os
542 653 140 48 locutum
644 653 89 48 est
695 653 191 48 stultitiam.
835 653 77 48 Ecce

300 702 106 46 non
360 702 121 46 modo
436 702 106 46 non
496 702 211 46 meritorium
662 702 151 46 dicit,
768 702 106 46 sed
813 702 106 46 plane

298 738 151 36 malum.
403 738 136 36 Porro
494 738 90 36 ex
539 738 106 36 his
599 738 121 36 quae
675 738 75 36 &
705 738 181 36 hactenus
826 738 90 36 tra-

300 773 205 52 ctauimus,
458 773 79 52 &
489 773 142 52 paulo
584 773 126 52 post
663 773 236 52 adnotabimus
836 773 79 52 hoc

296 816 115 47 genus
373 816 141 47 illorum
475 816 115 47 nugas
552 816 128 47 facile
641 816 141 47 quisque
744 816 90 47 per
795 816 102 47 sese
846 816 64 47 con

296 858 177 48 futabit.
429 858 133 48 Impii
517 858 192 48 Sophistae
665 858 103 48 non
709 858 206 48 aestimabant.

290 898 85 53 ab
332 898 199 53 adfectibus
489 898 142 53 cordis
589 898 142 53 opera,
688 898 100 53 sed
731 898 185 53 philosophi-

292 948 90 44 co
337 948 120 44 more
412 948 90 44 de
457 948 105 44 eis
517 948 225 44 iudicabant,
698 948 120 44 quod
773 948 90 44 in
803 948 120 44 caussa

293 982 125 49 fuit,
376 982 97 49 cur
418 982 250 49 hallucinarentur.

296 1015 74 56 â‹
326 1015 104 56 Iam
385 1015 149 56 Paulus
489 1015 89 56 in
534 1015 163 56 omnibus
653 1015 119 56 fere
727 1015 208 56 Epistolis,

282 1069 169 48 maxime
400 1069 135 48 uero
485 1069 101 48 in
535 1069 135 48 iis,
619 1069 135 48 quae
704 1069 101 48 ad
754 1069 186 48 Romanos
872 1069 51 48 &
