<?xml version="1.0" encoding="UTF-8"?>
<alto xmlns:xsi="http://www.w3.org/2001/XMLSchema-instance"
      xmlns="http://www.loc.gov/standards/alto/ns-v2#"
      xmlns:page="http://schema.primaresearch.org/PAGE/gts/pagecontent/2013-07-15"
      xsi:schemaLocation="http://www.loc.gov/standards/alto/ns-v2# http://www.loc.gov/standards/alto/alto.xsd">
   <Description>
      <MeasurementUnit>pixel</MeasurementUnit>
      <OCRProcessing ID="IdOcr">
         <ocrProcessingStep>
            <processingDateTime>2020-12-02T20:01:59.674-05:00</processingDateTime>
            <processingSoftware>
               <softwareCreator>READ COOP</softwareCreator>
               <softwareName>Transkribus</softwareName>
            </processingSoftware>
         </ocrProcessingStep>
      </OCRProcessing>
   </Description>
   <Tags/>
   <Layout>
      <Page ID="Page1" PHYSICAL_IMG_NR="1" HEIGHT="1385" WIDTH="1000">
         <TopMargin HEIGHT="0" WIDTH="1000" VPOS="0" HPOS="0"/>
         <LeftMargin HEIGHT="1385" WIDTH="0" VPOS="0" HPOS="0"/>
         <RightMargin HEIGHT="1385" WIDTH="0" VPOS="0" HPOS="1000"/>
         <BottomMargin HEIGHT="0" WIDTH="1000" VPOS="1385" HPOS="0"/>
         <PrintSpace HEIGHT="1385" WIDTH="1000" VPOS="0" HPOS="0">
            <TextBlock ID="TextRegion_1606524845159_537"
                       HEIGHT="1008"
                       WIDTH="624"
                       VPOS="67"
                       HPOS="110">
               <Shape>
                  <Polygon POINTS="110,67 734,67 734,1075 110,1075"/>
               </Shape>
               <TextLine ID="r1l2"
                         BASELINE="169"
                         HEIGHT="64"
                         WIDTH="608"
                         VPOS="105"
                         HPOS="120">
                  <String HEIGHT="64" WIDTH="99" VPOS="105" HPOS="106" CONTENT="dum"/>
                  <SP HEIGHT="64" WIDTH="14" VPOS="105" HPOS="205"/>
                  <String HEIGHT="64"
                          WIDTH="127"
                          VPOS="105"
                          HPOS="162"
                          CONTENT="camem"/>
                  <SP HEIGHT="64" WIDTH="14" VPOS="105" HPOS="290"/>
                  <String HEIGHT="64"
                          WIDTH="127"
                          VPOS="105"
                          HPOS="247"
                          CONTENT="sunt,"/>
                  <SP HEIGHT="64" WIDTH="14" VPOS="105" HPOS="375"/>
                  <String HEIGHT="64"
                          WIDTH="113"
                          VPOS="105"
                          HPOS="332"
                          CONTENT="quae"/>
                  <SP HEIGHT="64" WIDTH="14" VPOS="105" HPOS="445"/>
                  <String HEIGHT="64"
                          WIDTH="127"
                          VPOS="105"
                          HPOS="403"
                          CONTENT="camis"/>
                  <SP HEIGHT="64" WIDTH="14" VPOS="105" HPOS="530"/>
                  <String HEIGHT="64"
                          WIDTH="113"
                          VPOS="105"
                          HPOS="488"
                          CONTENT="sunt"/>
                  <SP HEIGHT="64" WIDTH="14" VPOS="105" HPOS="601"/>
                  <String HEIGHT="64"
                          WIDTH="198"
                          VPOS="105"
                          HPOS="558"
                          CONTENT="adfectant,"/>
                  <SP HEIGHT="64" WIDTH="14" VPOS="105" HPOS="756"/>
                  <String HEIGHT="64" WIDTH="28" VPOS="105" HPOS="700" CONTENT=""/>
               </TextLine>
               <TextLine ID="r1l3"
                         BASELINE="210"
                         HEIGHT="54"
                         WIDTH="594"
                         VPOS="156"
                         HPOS="131">
                  <String HEIGHT="54"
                          WIDTH="119"
                          VPOS="156"
                          HPOS="118"
                          CONTENT="quasi"/>
                  <SP HEIGHT="54" WIDTH="13" VPOS="156" HPOS="237"/>
                  <String HEIGHT="54"
                          WIDTH="158"
                          VPOS="156"
                          HPOS="197"
                          CONTENT="diceret,"/>
                  <SP HEIGHT="54" WIDTH="13" VPOS="156" HPOS="355"/>
                  <String HEIGHT="54" WIDTH="92" VPOS="156" HPOS="316" CONTENT="uos"/>
                  <SP HEIGHT="54" WIDTH="13" VPOS="156" HPOS="408"/>
                  <String HEIGHT="54"
                          WIDTH="172"
                          VPOS="156"
                          HPOS="369"
                          CONTENT="pharisaei"/>
                  <SP HEIGHT="54" WIDTH="13" VPOS="156" HPOS="540"/>
                  <String HEIGHT="54" WIDTH="66" VPOS="156" HPOS="501" CONTENT="&amp;"/>
                  <SP HEIGHT="54" WIDTH="13" VPOS="156" HPOS="567"/>
                  <String HEIGHT="54"
                          WIDTH="185"
                          VPOS="156"
                          HPOS="527"
                          CONTENT="hypocritae"/>
                  <SP HEIGHT="54" WIDTH="13" VPOS="156" HPOS="712"/>
                  <String HEIGHT="54"
                          WIDTH="66"
                          VPOS="156"
                          HPOS="659"
                          CONTENT="le"
                          SUBS_TYPE="HypPart1"
                          SUBS_CONTENT="legem"/>
                  <HYP CONTENT="-"/>
               </TextLine>
               <TextLine ID="r1l4"
                         BASELINE="255"
                         HEIGHT="50"
                         WIDTH="608"
                         VPOS="205"
                         HPOS="117">
                  <String HEIGHT="50"
                          WIDTH="95"
                          VPOS="205"
                          HPOS="103"
                          CONTENT="gem"
                          SUBS_TYPE="HypPart2"
                          SUBS_CONTENT="legem"/>
                  <SP HEIGHT="50" WIDTH="14" VPOS="205" HPOS="198"/>
                  <String HEIGHT="50"
                          WIDTH="149"
                          VPOS="205"
                          HPOS="158"
                          CONTENT="uiribus"/>
                  <SP HEIGHT="50" WIDTH="14" VPOS="205" HPOS="306"/>
                  <String HEIGHT="50"
                          WIDTH="149"
                          VPOS="205"
                          HPOS="266"
                          CONTENT="uestris"/>
                  <SP HEIGHT="50" WIDTH="14" VPOS="205" HPOS="414"/>
                  <String HEIGHT="50"
                          WIDTH="122"
                          VPOS="205"
                          HPOS="374"
                          CONTENT="fieri"/>
                  <SP HEIGHT="50" WIDTH="14" VPOS="205" HPOS="495"/>
                  <String HEIGHT="50"
                          WIDTH="122"
                          VPOS="205"
                          HPOS="455"
                          CONTENT="posse"/>
                  <SP HEIGHT="50" WIDTH="14" VPOS="205" HPOS="576"/>
                  <String HEIGHT="50"
                          WIDTH="176"
                          VPOS="205"
                          HPOS="536"
                          CONTENT="censetis."/>
                  <SP HEIGHT="50" WIDTH="14" VPOS="205" HPOS="711"/>
                  <String HEIGHT="50"
                          WIDTH="68"
                          VPOS="205"
                          HPOS="657"
                          CONTENT="De"
                          SUBS_TYPE="HypPart1"
                          SUBS_CONTENT="Dene"/>
                  <HYP CONTENT="-"/>
               </TextLine>
               <TextLine ID="r1l5"
                         BASELINE="289"
                         HEIGHT="45"
                         WIDTH="603"
                         VPOS="244"
                         HPOS="123">
                  <String HEIGHT="45"
                          WIDTH="90"
                          VPOS="244"
                          HPOS="108"
                          CONTENT="ne"
                          SUBS_TYPE="HypPart2"
                          SUBS_CONTENT="Dene"/>
                  <SP HEIGHT="45" WIDTH="15" VPOS="244" HPOS="198"/>
                  <String HEIGHT="45" WIDTH="90" VPOS="244" HPOS="153" CONTENT="in"/>
                  <SP HEIGHT="45" WIDTH="15" VPOS="244" HPOS="244"/>
                  <String HEIGHT="45"
                          WIDTH="166"
                          VPOS="244"
                          HPOS="198"
                          CONTENT="speciem"/>
                  <SP HEIGHT="45" WIDTH="15" VPOS="244" HPOS="364"/>
                  <String HEIGHT="45"
                          WIDTH="166"
                          VPOS="244"
                          HPOS="319"
                          CONTENT="operari"/>
                  <SP HEIGHT="45" WIDTH="15" VPOS="244" HPOS="485"/>
                  <String HEIGHT="45"
                          WIDTH="196"
                          VPOS="244"
                          HPOS="440"
                          CONTENT="uidemini,"/>
                  <SP HEIGHT="45" WIDTH="15" VPOS="244" HPOS="636"/>
                  <String HEIGHT="45"
                          WIDTH="151"
                          VPOS="244"
                          HPOS="575"
                          CONTENT="uidemini"/>
               </TextLine>
               <TextLine ID="r1l6"
                         BASELINE="335"
                         HEIGHT="44"
                         WIDTH="600"
                         VPOS="291"
                         HPOS="124">
                  <String HEIGHT="44"
                          WIDTH="167"
                          VPOS="291"
                          HPOS="110"
                          CONTENT="praediti"/>
                  <SP HEIGHT="44" WIDTH="14" VPOS="291" HPOS="277"/>
                  <String HEIGHT="44"
                          WIDTH="223"
                          VPOS="291"
                          HPOS="236"
                          CONTENT="pulcherrimis"/>
                  <SP HEIGHT="44" WIDTH="14" VPOS="291" HPOS="459"/>
                  <String HEIGHT="44"
                          WIDTH="209"
                          VPOS="291"
                          HPOS="417"
                          CONTENT="uirtutibus."/>
                  <SP HEIGHT="44" WIDTH="14" VPOS="291" HPOS="626"/>
                  <String HEIGHT="44" WIDTH="98" VPOS="291" HPOS="584" CONTENT="Sed"/>
                  <SP HEIGHT="44" WIDTH="14" VPOS="291" HPOS="682"/>
                  <String HEIGHT="44" WIDTH="84" VPOS="291" HPOS="640" CONTENT="ea"/>
                  <SP HEIGHT="44" WIDTH="14" VPOS="291" HPOS="724"/>
                  <String HEIGHT="44" WIDTH="56" VPOS="291" HPOS="668" CONTENT="om"/>
               </TextLine>
               <TextLine ID="r1l7"
                         BASELINE="380"
                         HEIGHT="51"
                         WIDTH="610"
                         VPOS="329"
                         HPOS="120">
                  <String HEIGHT="51" WIDTH="102" VPOS="329" HPOS="105" CONTENT="nia"/>
                  <SP HEIGHT="51" WIDTH="15" VPOS="329" HPOS="207"/>
                  <String HEIGHT="51"
                          WIDTH="131"
                          VPOS="329"
                          HPOS="164"
                          CONTENT="fucus"/>
                  <SP HEIGHT="51" WIDTH="15" VPOS="329" HPOS="294"/>
                  <String HEIGHT="51"
                          WIDTH="131"
                          VPOS="329"
                          HPOS="251"
                          CONTENT="sunt,"/>
                  <SP HEIGHT="51" WIDTH="15" VPOS="329" HPOS="381"/>
                  <String HEIGHT="51" WIDTH="102" VPOS="329" HPOS="338" CONTENT="Nam"/>
                  <SP HEIGHT="51" WIDTH="15" VPOS="329" HPOS="440"/>
                  <String HEIGHT="51" WIDTH="102" VPOS="329" HPOS="396" CONTENT="cum"/>
                  <SP HEIGHT="51" WIDTH="15" VPOS="329" HPOS="498"/>
                  <String HEIGHT="51"
                          WIDTH="116"
                          VPOS="329"
                          HPOS="454"
                          CONTENT="caro"/>
                  <SP HEIGHT="51" WIDTH="15" VPOS="329" HPOS="570"/>
                  <String HEIGHT="51"
                          WIDTH="145"
                          VPOS="329"
                          HPOS="527"
                          CONTENT="sitis,"/>
                  <SP HEIGHT="51" WIDTH="15" VPOS="329" HPOS="672"/>
                  <String HEIGHT="51"
                          WIDTH="116"
                          VPOS="329"
                          HPOS="614"
                          CONTENT="uestra"/>
               </TextLine>
               <TextLine ID="r1l8"
                         BASELINE="419"
                         HEIGHT="54"
                         WIDTH="595"
                         VPOS="365"
                         HPOS="125">
                  <String HEIGHT="54"
                          WIDTH="184"
                          VPOS="365"
                          HPOS="111"
                          CONTENT="queritis,"/>
                  <SP HEIGHT="54" WIDTH="14" VPOS="365" HPOS="295"/>
                  <String HEIGHT="54" WIDTH="99" VPOS="365" HPOS="252" CONTENT="uel"/>
                  <SP HEIGHT="54" WIDTH="14" VPOS="365" HPOS="352"/>
                  <String HEIGHT="54"
                          WIDTH="113"
                          VPOS="365"
                          HPOS="309"
                          CONTENT="metu"/>
                  <SP HEIGHT="54" WIDTH="14" VPOS="365" HPOS="423"/>
                  <String HEIGHT="54"
                          WIDTH="170"
                          VPOS="365"
                          HPOS="380"
                          CONTENT="poenarum"/>
                  <SP HEIGHT="54" WIDTH="14" VPOS="365" HPOS="550"/>
                  <String HEIGHT="54" WIDTH="99" VPOS="365" HPOS="508" CONTENT="uel"/>
                  <SP HEIGHT="54" WIDTH="14" VPOS="365" HPOS="607"/>
                  <String HEIGHT="54"
                          WIDTH="128"
                          VPOS="365"
                          HPOS="564"
                          CONTENT="amore"/>
                  <SP HEIGHT="54" WIDTH="14" VPOS="365" HPOS="692"/>
                  <String HEIGHT="54"
                          WIDTH="85"
                          VPOS="365"
                          HPOS="635"
                          CONTENT="con"
                          SUBS_TYPE="HypPart1"
                          SUBS_CONTENT="conmodi,"/>
                  <HYP CONTENT="-"/>
               </TextLine>
               <TextLine ID="r1l9"
                         BASELINE="461"
                         HEIGHT="51"
                         WIDTH="612"
                         VPOS="410"
                         HPOS="116">
                  <String HEIGHT="51"
                          WIDTH="134"
                          VPOS="410"
                          HPOS="101"
                          CONTENT="modi,"
                          SUBS_TYPE="HypPart2"
                          SUBS_CONTENT="conmodi,"/>
                  <SP HEIGHT="51" WIDTH="15" VPOS="410" HPOS="235"/>
                  <String HEIGHT="51" WIDTH="104" VPOS="410" HPOS="191" CONTENT="uel"/>
                  <SP HEIGHT="51" WIDTH="15" VPOS="410" HPOS="295"/>
                  <String HEIGHT="51"
                          WIDTH="119"
                          VPOS="410"
                          HPOS="250"
                          CONTENT="alio"/>
                  <SP HEIGHT="51" WIDTH="15" VPOS="410" HPOS="370"/>
                  <String HEIGHT="51"
                          WIDTH="164"
                          VPOS="410"
                          HPOS="325"
                          CONTENT="quopiam"/>
                  <SP HEIGHT="51" WIDTH="15" VPOS="410" HPOS="489"/>
                  <String HEIGHT="51"
                          WIDTH="164"
                          VPOS="410"
                          HPOS="444"
                          CONTENT="carnali"/>
                  <SP HEIGHT="51" WIDTH="15" VPOS="410" HPOS="609"/>
                  <String HEIGHT="51"
                          WIDTH="164"
                          VPOS="410"
                          HPOS="564"
                          CONTENT="adfectu"/>
                  <SP HEIGHT="51" WIDTH="15" VPOS="410" HPOS="728"/>
                  <String HEIGHT="51" WIDTH="60" VPOS="410" HPOS="668" CONTENT="be"/>
               </TextLine>
               <TextLine ID="r1l10"
                         BASELINE="498"
                         HEIGHT="43"
                         WIDTH="606"
                         VPOS="455"
                         HPOS="115">
                  <String HEIGHT="43" WIDTH="74" VPOS="455" HPOS="103" CONTENT="ne"/>
                  <SP HEIGHT="43" WIDTH="12" VPOS="455" HPOS="177"/>
                  <String HEIGHT="43"
                          WIDTH="136"
                          VPOS="455"
                          HPOS="140"
                          CONTENT="facitis"/>
                  <SP HEIGHT="43" WIDTH="12" VPOS="455" HPOS="276"/>
                  <String HEIGHT="43" WIDTH="74" VPOS="455" HPOS="239" CONTENT="in"/>
                  <SP HEIGHT="43" WIDTH="12" VPOS="455" HPOS="313"/>
                  <String HEIGHT="43"
                          WIDTH="148"
                          VPOS="455"
                          HPOS="276"
                          CONTENT="speciem."/>
                  <SP HEIGHT="43" WIDTH="12" VPOS="455" HPOS="424"/>
                  <String HEIGHT="43"
                          WIDTH="111"
                          VPOS="455"
                          HPOS="387"
                          CONTENT="Neque"/>
                  <SP HEIGHT="43" WIDTH="12" VPOS="455" HPOS="498"/>
                  <String HEIGHT="43"
                          WIDTH="111"
                          VPOS="455"
                          HPOS="461"
                          CONTENT="fieri"/>
                  <SP HEIGHT="43" WIDTH="12" VPOS="455" HPOS="573"/>
                  <String HEIGHT="43"
                          WIDTH="136"
                          VPOS="455"
                          HPOS="535"
                          CONTENT="potest,"/>
                  <SP HEIGHT="43" WIDTH="12" VPOS="455" HPOS="672"/>
                  <String HEIGHT="43" WIDTH="74" VPOS="455" HPOS="634" CONTENT="ut"/>
                  <SP HEIGHT="43" WIDTH="12" VPOS="455" HPOS="709"/>
                  <String HEIGHT="43" WIDTH="62" VPOS="455" HPOS="659" CONTENT="sit"/>
               </TextLine>
               <TextLine ID="r1l11"
                         BASELINE="536"
                         HEIGHT="47"
                         WIDTH="608"
                         VPOS="489"
                         HPOS="115">
                  <String HEIGHT="47" WIDTH="83" VPOS="489" HPOS="101" CONTENT="in"/>
                  <SP HEIGHT="47" WIDTH="14" VPOS="489" HPOS="184"/>
                  <String HEIGHT="47"
                          WIDTH="124"
                          VPOS="489"
                          HPOS="143"
                          CONTENT="uobis"/>
                  <SP HEIGHT="47" WIDTH="14" VPOS="489" HPOS="267"/>
                  <String HEIGHT="47" WIDTH="97" VPOS="489" HPOS="226" CONTENT="dei"/>
                  <SP HEIGHT="47" WIDTH="14" VPOS="489" HPOS="322"/>
                  <String HEIGHT="47"
                          WIDTH="138"
                          VPOS="489"
                          HPOS="281"
                          CONTENT="sensus"/>
                  <SP HEIGHT="47" WIDTH="14" VPOS="489" HPOS="419"/>
                  <String HEIGHT="47"
                          WIDTH="166"
                          VPOS="489"
                          HPOS="378"
                          CONTENT="aliquis,"/>
                  <SP HEIGHT="47" WIDTH="14" VPOS="489" HPOS="543"/>
                  <String HEIGHT="47" WIDTH="97" VPOS="489" HPOS="502" CONTENT="cum"/>
                  <SP HEIGHT="47" WIDTH="14" VPOS="489" HPOS="599"/>
                  <String HEIGHT="47"
                          WIDTH="111"
                          VPOS="489"
                          HPOS="557"
                          CONTENT="caro"/>
                  <SP HEIGHT="47" WIDTH="14" VPOS="489" HPOS="668"/>
                  <String HEIGHT="47"
                          WIDTH="111"
                          VPOS="489"
                          HPOS="612"
                          CONTENT="sitis."/>
               </TextLine>
               <TextLine ID="r1l12"
                         BASELINE="585"
                         HEIGHT="55"
                         WIDTH="605"
                         VPOS="530"
                         HPOS="118">
                  <String HEIGHT="55"
                          WIDTH="118"
                          VPOS="530"
                          HPOS="103"
                          CONTENT="Adeo"/>
                  <SP HEIGHT="55" WIDTH="15" VPOS="530" HPOS="221"/>
                  <String HEIGHT="55" WIDTH="103" VPOS="530" HPOS="177" CONTENT="nec"/>
                  <SP HEIGHT="55" WIDTH="15" VPOS="530" HPOS="280"/>
                  <String HEIGHT="55"
                          WIDTH="118"
                          VPOS="530"
                          HPOS="236"
                          CONTENT="quae"/>
                  <SP HEIGHT="55" WIDTH="15" VPOS="530" HPOS="354"/>
                  <String HEIGHT="55" WIDTH="103" VPOS="530" HPOS="310" CONTENT="dei"/>
                  <SP HEIGHT="55" WIDTH="15" VPOS="530" HPOS="413"/>
                  <String HEIGHT="55"
                          WIDTH="118"
                          VPOS="530"
                          HPOS="369"
                          CONTENT="sunt"/>
                  <SP HEIGHT="55" WIDTH="15" VPOS="530" HPOS="487"/>
                  <String HEIGHT="55"
                          WIDTH="148"
                          VPOS="530"
                          HPOS="443"
                          CONTENT="cupere"/>
                  <SP HEIGHT="55" WIDTH="15" VPOS="530" HPOS="590"/>
                  <String HEIGHT="55" WIDTH="74" VPOS="530" HPOS="546" CONTENT="&amp;"/>
                  <SP HEIGHT="55" WIDTH="15" VPOS="530" HPOS="620"/>
                  <String HEIGHT="55"
                          WIDTH="162"
                          VPOS="530"
                          HPOS="561"
                          CONTENT="adfectare"/>
               </TextLine>
               <TextLine ID="r1l13"
                         BASELINE="622"
                         HEIGHT="44"
                         WIDTH="608"
                         VPOS="578"
                         HPOS="115">
                  <String HEIGHT="44"
                          WIDTH="193"
                          VPOS="578"
                          HPOS="100"
                          CONTENT="potestis,"/>
                  <SP HEIGHT="44" WIDTH="15" VPOS="578" HPOS="293"/>
                  <String HEIGHT="44"
                          WIDTH="119"
                          VPOS="578"
                          HPOS="248"
                          CONTENT="quis"/>
                  <SP HEIGHT="44" WIDTH="15" VPOS="578" HPOS="367"/>
                  <String HEIGHT="44" WIDTH="104" VPOS="578" HPOS="323" CONTENT="est"/>
                  <SP HEIGHT="44" WIDTH="15" VPOS="578" HPOS="426"/>
                  <String HEIGHT="44"
                          WIDTH="133"
                          VPOS="578"
                          HPOS="382"
                          CONTENT="enim,"/>
                  <SP HEIGHT="44" WIDTH="15" VPOS="578" HPOS="515"/>
                  <String HEIGHT="44"
                          WIDTH="208"
                          VPOS="578"
                          HPOS="471"
                          CONTENT="quantumuis"/>
                  <SP HEIGHT="44" WIDTH="15" VPOS="578" HPOS="679"/>
                  <String HEIGHT="44"
                          WIDTH="104"
                          VPOS="578"
                          HPOS="619"
                          CONTENT="bonus"/>
               </TextLine>
               <TextLine ID="r1l14"
                         BASELINE="658"
                         HEIGHT="36"
                         WIDTH="607"
                         VPOS="622"
                         HPOS="118">
                  <String HEIGHT="36"
                          WIDTH="173"
                          VPOS="622"
                          HPOS="104"
                          CONTENT="uideatur"/>
                  <SP HEIGHT="36" WIDTH="14" VPOS="622" HPOS="277"/>
                  <String HEIGHT="36" WIDTH="87" VPOS="622" HPOS="234" CONTENT="in"/>
                  <SP HEIGHT="36" WIDTH="14" VPOS="622" HPOS="320"/>
                  <String HEIGHT="36"
                          WIDTH="173"
                          VPOS="622"
                          HPOS="277"
                          CONTENT="speciem,"/>
                  <SP HEIGHT="36" WIDTH="14" VPOS="622" HPOS="450"/>
                  <String HEIGHT="36" WIDTH="101" VPOS="622" HPOS="407" CONTENT="qui"/>
                  <SP HEIGHT="36" WIDTH="14" VPOS="622" HPOS="508"/>
                  <String HEIGHT="36" WIDTH="101" VPOS="622" HPOS="465" CONTENT="sic"/>
                  <SP HEIGHT="36" WIDTH="14" VPOS="622" HPOS="566"/>
                  <String HEIGHT="36"
                          WIDTH="116"
                          VPOS="622"
                          HPOS="523"
                          CONTENT="amet"/>
                  <SP HEIGHT="36" WIDTH="14" VPOS="622" HPOS="638"/>
                  <String HEIGHT="36"
                          WIDTH="130"
                          VPOS="622"
                          HPOS="595"
                          CONTENT="deum,"/>
                  <SP HEIGHT="36" WIDTH="14" VPOS="622" HPOS="725"/>
                  <String HEIGHT="36" WIDTH="58" VPOS="622" HPOS="667" CONTENT="ut"/>
               </TextLine>
               <TextLine ID="r1l15"
                         BASELINE="708"
                         HEIGHT="52"
                         WIDTH="603"
                         VPOS="656"
                         HPOS="115">
                  <String HEIGHT="52" WIDTH="79" VPOS="656" HPOS="102" CONTENT="si"/>
                  <SP HEIGHT="52" WIDTH="13" VPOS="656" HPOS="181"/>
                  <String HEIGHT="52"
                          WIDTH="105"
                          VPOS="656"
                          HPOS="141"
                          CONTENT="ille"/>
                  <SP HEIGHT="52" WIDTH="13" VPOS="656" HPOS="246"/>
                  <String HEIGHT="52"
                          WIDTH="118"
                          VPOS="656"
                          HPOS="207"
                          CONTENT="uelit"/>
                  <SP HEIGHT="52" WIDTH="13" VPOS="656" HPOS="325"/>
                  <String HEIGHT="52"
                          WIDTH="157"
                          VPOS="656"
                          HPOS="285"
                          CONTENT="libenter"/>
                  <SP HEIGHT="52" WIDTH="13" VPOS="656" HPOS="443"/>
                  <String HEIGHT="52"
                          WIDTH="131"
                          VPOS="656"
                          HPOS="403"
                          CONTENT="mortem"/>
                  <SP HEIGHT="52" WIDTH="13" VPOS="656" HPOS="534"/>
                  <String HEIGHT="52" WIDTH="66" VPOS="656" HPOS="495" CONTENT="&amp;"/>
                  <SP HEIGHT="52" WIDTH="13" VPOS="656" HPOS="561"/>
                  <String HEIGHT="52"
                          WIDTH="144"
                          VPOS="656"
                          HPOS="521"
                          CONTENT="inferos"/>
                  <SP HEIGHT="52" WIDTH="13" VPOS="656" HPOS="666"/>
                  <String HEIGHT="52"
                          WIDTH="105"
                          VPOS="656"
                          HPOS="613"
                          CONTENT="perfe"
                          SUBS_TYPE="HypPart1"
                          SUBS_CONTENT="perfetat."/>
                  <HYP CONTENT="-"/>
               </TextLine>
               <TextLine ID="r1l16"
                         BASELINE="750"
                         HEIGHT="55"
                         WIDTH="608"
                         VPOS="695"
                         HPOS="112">
                  <String HEIGHT="55"
                          WIDTH="128"
                          VPOS="695"
                          HPOS="96"
                          CONTENT="tat."
                          SUBS_TYPE="HypPart2"
                          SUBS_CONTENT="perfetat."/>
                  <SP HEIGHT="55" WIDTH="16" VPOS="695" HPOS="224"/>
                  <String HEIGHT="55"
                          WIDTH="128"
                          VPOS="695"
                          HPOS="176"
                          CONTENT="Dici"/>
                  <SP HEIGHT="55" WIDTH="16" VPOS="695" HPOS="304"/>
                  <String HEIGHT="55" WIDTH="112" VPOS="695" HPOS="256" CONTENT="non"/>
                  <SP HEIGHT="55" WIDTH="16" VPOS="695" HPOS="368"/>
                  <String HEIGHT="55"
                          WIDTH="176"
                          VPOS="695"
                          HPOS="320"
                          CONTENT="potest,"/>
                  <SP HEIGHT="55" WIDTH="16" VPOS="695" HPOS="496"/>
                  <String HEIGHT="55"
                          WIDTH="128"
                          VPOS="695"
                          HPOS="448"
                          CONTENT="quam"/>
                  <SP HEIGHT="55" WIDTH="16" VPOS="695" HPOS="576"/>
                  <String HEIGHT="55"
                          WIDTH="160"
                          VPOS="695"
                          HPOS="528"
                          CONTENT="multa,"/>
                  <SP HEIGHT="55" WIDTH="16" VPOS="695" HPOS="688"/>
                  <String HEIGHT="55" WIDTH="96" VPOS="695" HPOS="624" CONTENT="quam"/>
               </TextLine>
               <TextLine ID="r1l17"
                         BASELINE="795"
                         HEIGHT="55"
                         WIDTH="609"
                         VPOS="740"
                         HPOS="114">
                  <String HEIGHT="55"
                          WIDTH="192"
                          VPOS="740"
                          HPOS="98"
                          CONTENT="grandia,"/>
                  <SP HEIGHT="55" WIDTH="16" VPOS="740" HPOS="290"/>
                  <String HEIGHT="55"
                          WIDTH="208"
                          VPOS="740"
                          HPOS="242"
                          CONTENT="Apostolus"/>
                  <SP HEIGHT="55" WIDTH="16" VPOS="740" HPOS="451"/>
                  <String HEIGHT="55" WIDTH="112" VPOS="740" HPOS="402" CONTENT="tam"/>
                  <SP HEIGHT="55" WIDTH="16" VPOS="740" HPOS="515"/>
                  <String HEIGHT="55"
                          WIDTH="144"
                          VPOS="740"
                          HPOS="467"
                          CONTENT="breui"/>
                  <SP HEIGHT="55" WIDTH="16" VPOS="740" HPOS="611"/>
                  <String HEIGHT="55"
                          WIDTH="176"
                          VPOS="740"
                          HPOS="547"
                          CONTENT="uersiculo"/>
               </TextLine>
               <TextLine ID="r1l18"
                         BASELINE="832"
                         HEIGHT="50"
                         WIDTH="605"
                         VPOS="782"
                         HPOS="118">
                  <String HEIGHT="50"
                          WIDTH="338"
                          VPOS="782"
                          HPOS="100"
                          CONTENT="comprehenderit,"/>
                  <SP HEIGHT="50" WIDTH="18" VPOS="782" HPOS="438"/>
                  <String HEIGHT="50" WIDTH="125" VPOS="782" HPOS="385" CONTENT="Qui"/>
                  <SP HEIGHT="50" WIDTH="18" VPOS="782" HPOS="509"/>
                  <String HEIGHT="50"
                          WIDTH="214"
                          VPOS="782"
                          HPOS="456"
                          CONTENT="secundum"/>
                  <SP HEIGHT="50" WIDTH="18" VPOS="782" HPOS="670"/>
                  <String HEIGHT="50"
                          WIDTH="125"
                          VPOS="782"
                          HPOS="598"
                          CONTENT="camem"/>
               </TextLine>
               <TextLine ID="r1l19"
                         BASELINE="866"
                         HEIGHT="46"
                         WIDTH="594"
                         VPOS="820"
                         HPOS="116">
                  <String HEIGHT="46"
                          WIDTH="137"
                          VPOS="820"
                          HPOS="101"
                          CONTENT="sunt,"/>
                  <SP HEIGHT="46" WIDTH="15" VPOS="820" HPOS="238"/>
                  <String HEIGHT="46"
                          WIDTH="122"
                          VPOS="820"
                          HPOS="192"
                          CONTENT="quae"/>
                  <SP HEIGHT="46" WIDTH="15" VPOS="820" HPOS="314"/>
                  <String HEIGHT="46"
                          WIDTH="137"
                          VPOS="820"
                          HPOS="268"
                          CONTENT="canis"/>
                  <SP HEIGHT="46" WIDTH="15" VPOS="820" HPOS="405"/>
                  <String HEIGHT="46"
                          WIDTH="122"
                          VPOS="820"
                          HPOS="360"
                          CONTENT="sunt"/>
                  <SP HEIGHT="46" WIDTH="15" VPOS="820" HPOS="482"/>
                  <String HEIGHT="46"
                          WIDTH="213"
                          VPOS="820"
                          HPOS="436"
                          CONTENT="adfectant."/>
                  <SP HEIGHT="46" WIDTH="15" VPOS="820" HPOS="649"/>
                  <String HEIGHT="46"
                          WIDTH="122"
                          VPOS="820"
                          HPOS="588"
                          CONTENT="Contra"/>
               </TextLine>
               <TextLine ID="r1l20"
                         BASELINE="919"
                         HEIGHT="52"
                         WIDTH="609"
                         VPOS="867"
                         HPOS="117">
                  <String HEIGHT="52" WIDTH="104" VPOS="867" HPOS="102" CONTENT="qui"/>
                  <SP HEIGHT="52" WIDTH="15" VPOS="867" HPOS="206"/>
                  <String HEIGHT="52"
                          WIDTH="178"
                          VPOS="867"
                          HPOS="162"
                          CONTENT="secundum"/>
                  <SP HEIGHT="52" WIDTH="15" VPOS="867" HPOS="340"/>
                  <String HEIGHT="52"
                          WIDTH="178"
                          VPOS="867"
                          HPOS="295"
                          CONTENT="spiritum"/>
                  <SP HEIGHT="52" WIDTH="15" VPOS="867" HPOS="473"/>
                  <String HEIGHT="52"
                          WIDTH="134"
                          VPOS="867"
                          HPOS="429"
                          CONTENT="sunt,"/>
                  <SP HEIGHT="52" WIDTH="15" VPOS="867" HPOS="563"/>
                  <String HEIGHT="52"
                          WIDTH="119"
                          VPOS="867"
                          HPOS="518"
                          CONTENT="quae"/>
                  <SP HEIGHT="52" WIDTH="15" VPOS="867" HPOS="637"/>
                  <String HEIGHT="52"
                          WIDTH="149"
                          VPOS="867"
                          HPOS="577"
                          CONTENT="spiritus"/>
               </TextLine>
               <TextLine ID="r1l21"
                         BASELINE="953"
                         HEIGHT="52"
                         WIDTH="619"
                         VPOS="901"
                         HPOS="109">
                  <String HEIGHT="52" WIDTH="113" VPOS="901" HPOS="95" CONTENT="sunt"/>
                  <SP HEIGHT="52" WIDTH="14" VPOS="901" HPOS="207"/>
                  <String HEIGHT="52"
                          WIDTH="197"
                          VPOS="901"
                          HPOS="165"
                          CONTENT="adfectant,"/>
                  <SP HEIGHT="52" WIDTH="14" VPOS="901" HPOS="362"/>
                  <String HEIGHT="52"
                          WIDTH="141"
                          VPOS="901"
                          HPOS="320"
                          CONTENT="idest,"/>
                  <SP HEIGHT="52" WIDTH="14" VPOS="901" HPOS="461"/>
                  <String HEIGHT="52" WIDTH="84" VPOS="901" HPOS="419" CONTENT="in"/>
                  <SP HEIGHT="52" WIDTH="14" VPOS="901" HPOS="503"/>
                  <String HEIGHT="52"
                          WIDTH="113"
                          VPOS="901"
                          HPOS="461"
                          CONTENT="quos"/>
                  <SP HEIGHT="52" WIDTH="14" VPOS="901" HPOS="573"/>
                  <String HEIGHT="52"
                          WIDTH="169"
                          VPOS="901"
                          HPOS="531"
                          CONTENT="spiritus"/>
                  <SP HEIGHT="52" WIDTH="14" VPOS="901" HPOS="700"/>
                  <String HEIGHT="52"
                          WIDTH="84"
                          VPOS="901"
                          HPOS="644"
                          CONTENT="san"
                          SUBS_TYPE="HypPart1"
                          SUBS_CONTENT="sanctus"/>
                  <HYP CONTENT="-"/>
               </TextLine>
               <TextLine ID="r1l22"
                         BASELINE="997"
                         HEIGHT="53"
                         WIDTH="626"
                         VPOS="944"
                         HPOS="105">
                  <String HEIGHT="53"
                          WIDTH="104"
                          VPOS="944"
                          HPOS="92"
                          CONTENT="ctus"
                          SUBS_TYPE="HypPart2"
                          SUBS_CONTENT="sanctus"/>
                  <SP HEIGHT="53" WIDTH="13" VPOS="944" HPOS="196"/>
                  <String HEIGHT="53"
                          WIDTH="143"
                          VPOS="944"
                          HPOS="157"
                          CONTENT="effusus"/>
                  <SP HEIGHT="53" WIDTH="13" VPOS="944" HPOS="301"/>
                  <String HEIGHT="53"
                          WIDTH="104"
                          VPOS="944"
                          HPOS="262"
                          CONTENT="est,"/>
                  <SP HEIGHT="53" WIDTH="13" VPOS="944" HPOS="366"/>
                  <String HEIGHT="53" WIDTH="78" VPOS="944" HPOS="327" CONTENT="in"/>
                  <SP HEIGHT="53" WIDTH="13" VPOS="944" HPOS="405"/>
                  <String HEIGHT="53" WIDTH="91" VPOS="944" HPOS="366" CONTENT="iis"/>
                  <SP HEIGHT="53" WIDTH="13" VPOS="944" HPOS="457"/>
                  <String HEIGHT="53" WIDTH="91" VPOS="944" HPOS="418" CONTENT="est"/>
                  <SP HEIGHT="53" WIDTH="13" VPOS="944" HPOS="509"/>
                  <String HEIGHT="53"
                          WIDTH="130"
                          VPOS="944"
                          HPOS="470"
                          CONTENT="sensus"/>
                  <SP HEIGHT="53" WIDTH="13" VPOS="944" HPOS="601"/>
                  <String HEIGHT="53"
                          WIDTH="104"
                          VPOS="944"
                          HPOS="561"
                          CONTENT="dei,"/>
                  <SP HEIGHT="53" WIDTH="13" VPOS="944" HPOS="666"/>
                  <String HEIGHT="53"
                          WIDTH="117"
                          VPOS="944"
                          HPOS="614"
                          CONTENT="fiducia"/>
               </TextLine>
               <TextLine ID="r1l23"
                         BASELINE="1031"
                         HEIGHT="45"
                         WIDTH="605"
                         VPOS="986"
                         HPOS="110">
                  <String HEIGHT="45" WIDTH="91" VPOS="986" HPOS="95" CONTENT="in"/>
                  <SP HEIGHT="45" WIDTH="15" VPOS="986" HPOS="186"/>
                  <String HEIGHT="45"
                          WIDTH="136"
                          VPOS="986"
                          HPOS="140"
                          CONTENT="deum,"/>
                  <SP HEIGHT="45" WIDTH="15" VPOS="986" HPOS="276"/>
                  <String HEIGHT="45"
                          WIDTH="121"
                          VPOS="986"
                          HPOS="231"
                          CONTENT="amor"/>
                  <SP HEIGHT="45" WIDTH="15" VPOS="986" HPOS="352"/>
                  <String HEIGHT="45"
                          WIDTH="121"
                          VPOS="986"
                          HPOS="307"
                          CONTENT="dei,"/>
                  <SP HEIGHT="45" WIDTH="15" VPOS="986" HPOS="428"/>
                  <String HEIGHT="45"
                          WIDTH="136"
                          VPOS="986"
                          HPOS="382"
                          CONTENT="Sicut"/>
                  <SP HEIGHT="45" WIDTH="15" VPOS="986" HPOS="518"/>
                  <String HEIGHT="45"
                          WIDTH="166"
                          VPOS="986"
                          HPOS="473"
                          CONTENT="econtra"/>
                  <SP HEIGHT="45" WIDTH="15" VPOS="986" HPOS="639"/>
                  <String HEIGHT="45" WIDTH="91" VPOS="986" HPOS="594" CONTENT="in"/>
                  <SP HEIGHT="45" WIDTH="15" VPOS="986" HPOS="685"/>
                  <String HEIGHT="45"
                          WIDTH="91"
                          VPOS="986"
                          HPOS="624"
                          CONTENT="car"
                          SUBS_TYPE="HypPart1"
                          SUBS_CONTENT="carne,"/>
                  <HYP CONTENT="-"/>
               </TextLine>
               <TextLine ID="r1l24"
                         BASELINE="1083"
                         HEIGHT="54"
                         WIDTH="624"
                         VPOS="1029"
                         HPOS="107">
                  <String HEIGHT="54"
                          WIDTH="121"
                          VPOS="1029"
                          HPOS="90"
                          CONTENT="ne,"
                          SUBS_TYPE="HypPart2"
                          SUBS_CONTENT="carne,"/>
                  <SP HEIGHT="54" WIDTH="17" VPOS="1029" HPOS="211"/>
                  <String HEIGHT="54"
                          WIDTH="121"
                          VPOS="1029"
                          HPOS="159"
                          CONTENT="non"/>
                  <SP HEIGHT="54" WIDTH="17" VPOS="1029" HPOS="280"/>
                  <String HEIGHT="54"
                          WIDTH="139"
                          VPOS="1029"
                          HPOS="228"
                          CONTENT="nisi"/>
                  <SP HEIGHT="54" WIDTH="17" VPOS="1029" HPOS="367"/>
                  <String HEIGHT="54"
                          WIDTH="243"
                          VPOS="1029"
                          HPOS="315"
                          CONTENT="contemptus"/>
                  <SP HEIGHT="54" WIDTH="17" VPOS="1029" HPOS="558"/>
                  <String HEIGHT="54" WIDTH="87" VPOS="1029" HPOS="506" CONTENT="&amp;"/>
                  <SP HEIGHT="54" WIDTH="17" VPOS="1029" HPOS="592"/>
                  <String HEIGHT="54"
                          WIDTH="156"
                          VPOS="1029"
                          HPOS="540"
                          CONTENT="odium"/>
                  <SP HEIGHT="54" WIDTH="17" VPOS="1029" HPOS="696"/>
                  <String HEIGHT="54"
                          WIDTH="104"
                          VPOS="1029"
                          HPOS="627"
                          CONTENT="dei"/>
               </TextLine>
            </TextBlock>
         </PrintSpace>
      </Page>
   </Layout>
</alto>
