1000 1385
280 106 92 51 ld
326 106 122 51 quod
402 106 122 51 uult
479 106 199 51 Apostolus
632 106 107 51 eum
693 106 122 51 ait,
754 106 153 51 Adfectus

280 157 128 62 camis
365 157 114 62 mors
437 157 114 62 est,
508 157 171 62 adfectus
636 157 128 62 autem
722 157 171 62 spiritus
836 157 71 62 ui-

285 199 87 45 ta
329 199 73 45 &
358 199 116 45 pax.
431 199 87 45 Et
474 199 189 45 sequitur,
620 199 174 45 Adfectus
750 199 131 45 camis
823 199 87 45 ini-

287 242 151 40 micitia
397 242 96 40 est
452 242 165 40 aduersus
576 242 124 40 deum,
659 242 110 40 legi
727 242 110 40 enim
796 242 96 40 dei
837 242 69 40 non

293 285 98 41 est
349 285 181 41 subditus,
488 285 125 41 neque
572 285 111 41 uero
641 285 139 41 potest
739 285 139 41 subdi.
822 285 84 41 Vide

289 323 147 43 quaeso
392 323 176 43 Paulinum
525 323 191 43 Epilogum,
672 323 103 43 cum
731 323 103 43 ita
789 323 147 43 finit.

294 362 113 43 Vim
359 362 146 43 omnem
456 362 146 43 camis
553 362 178 43 nostrae
682 362 130 43 esse
747 362 162 43 inimicam

290 404 114 52 deo,
361 404 100 52 nec
418 404 129 52 posse
504 404 114 52 legi
575 404 100 52 dei
632 404 157 52 subici,
747 404 114 52 Quod
818 404 86 52 si
847 404 71 52 non

292 444 145 51 potest
394 444 116 51 legi
467 444 102 51 dei
525 444 160 51 subici,
641 444 87 51 qd
685 444 203 51 dubitamus,
830 444 87 51 quos

293 495 167 46 fructus
415 495 152 46 ferat?
521 495 107 46 Iam
582 495 107 46 non
643 495 137 46 modo,
734 495 167 46 inquit,
841 495 76 46 non

286 529 173 46 subicitur
419 529 106 46 legi
485 529 106 46 dei,
551 529 93 46 sed
605 529 66 46 &
631 529 80 46 ne
671 529 120 46 posse
751 529 133 46 quidem
830 529 80 46 legi

291 571 169 47 subici,
414 571 231 47 Consequitur
598 571 154 47 itaque
706 571 138 47 omnia
783 571 138 47 hominum

297 615 222 46 quantumuis
472 615 222 46 laudabilia
646 615 95 46 in
694 615 175 46 speciem
805 615 111 46 opera

293 651 128 52 plane
378 651 157 52 uiciosa
492 651 128 52 esse,
578 651 71 52 &
606 651 128 52 morte
691 651 128 52 digna
763 651 142 52 peccata.

289 700 95 42 Huc
344 700 163 42 adferant
466 700 82 42 si
507 700 123 42 libet
589 700 177 42 Sophistae
725 700 163 42 friuolas
834 700 82 42 suas

291 740 281 49 distinctiunculas
530 740 84 49 de
572 740 127 49 came,
657 740 70 49 &
685 740 169 49 spiritu,
812 740 84 49 de
840 740 70 49 bo-

292 779 94 51 no
339 779 78 51 &
371 779 219 51 meritorio,
543 779 78 51 &
574 779 188 51 quidquid
715 779 109 51 est
762 779 156 51 similium

293 821 183 52 nugarum,
430 821 92 52 ut
476 821 122 52 hanc
552 821 137 52 nobis
644 821 137 52 Pauli
735 821 214 52 sententiam

289 862 221 48 extorqueant.
469 862 111 48 Quid
538 862 111 48 enim
608 862 152 48 clarius
718 862 97 48 est
774 862 111 48 quam
829 862 83 48 quod

288 906 102 40 ait
347 906 146 40 Paulus
449 906 102 40 non
507 906 160 40 impleri
624 906 277 40 iustificationem
842 906 73 40 le-

295 941 108 48 gis,
363 941 108 48 nisi
431 941 81 48 in
471 941 95 48 iis
526 941 95 48 qui
580 941 162 48 secundum
701 941 162 48 spiritum
823 941 122 48 sunt,

291 985 109 53 Ergo
359 985 95 53 qui
414 985 95 53 non
468 985 109 53 sunt
536 985 149 53 perfusi
644 985 149 53 spiritu
753 985 149 53 sancto,
848 985 68 53 non

296 1025 122 48 satis
378 1025 149 48 faciunt
486 1025 122 48 legi.
567 1025 81 48 At
607 1025 122 48 legem
688 1025 95 48 non
742 1025 149 48 facere,
837 1025 81 48 quid

293 1073 135 45 aliud
383 1073 105 45 est
443 1073 120 45 quam
518 1073 180 45 peccare?
652 1073 180 45 Siquidem
772 1073 150 45 peccatum
