1000 1385
82 114 115 60 est
147 114 147 60 omnis
245 114 147 60 motus
344 114 82 60 &
376 114 196 60 impulsus
524 114 147 60 animi
605 114 115 60 aduet

88 170 102 53 sus
147 170 145 53 legem.

129 199 166 59 Proinde
250 199 106 59 cum
310 199 196 59 Sophistae
461 199 166 59 docent,
566 199 151 59 peccatum

90 249 176 41 originale
226 249 122 41 esse,
307 249 176 41 excidisse
442 249 135 41 fauore
537 249 95 41 dei
591 249 68 41 &
605 249 108 41 carere

96 286 176 50 originali
232 286 176 50 iustitia,
368 286 163 50 debebant
490 286 149 50 addere,
598 286 95 50 que
639 286 68 50 cum

95 333 140 44 absita
193 333 126 44 nobis
278 333 98 44 dei
334 333 169 44 spiritus
460 333 70 44 &
488 333 211 44 benedictio,
643 333 70 44 ma-

96 371 139 49 sedicti
198 371 114 49 sims,
274 371 89 49 cum
324 371 89 49 lux
375 371 127 49 absit,
464 371 101 49 esse
527 371 76 49 in
565 371 114 49 nobis
628 371 89 49 nihil

79 417 113 39 nisi
149 417 183 39 tenebras,
290 417 197 39 coecitatem
445 417 70 39 &
473 417 169 39 ertorem.
600 417 99 39 Cum
643 417 70 39 ab

94 454 87 48 sit
144 454 150 48 ueritas,
256 454 112 48 nihil
331 454 75 48 in
368 454 112 48 nobis
443 454 100 48 esse
505 454 100 48 nisi
555 454 150 48 mendacium.

94 495 92 52 Cum
147 495 119 52 absit
226 495 119 52 uita,
305 495 119 52 nihil
384 495 105 52 esse
450 495 79 52 in
489 495 119 52 nobis
568 495 105 52 nisi
621 495 79 52 pec-

90 539 142 47 catum
185 539 79 47 &
216 539 173 47 mortem.
342 539 110 47 Sic
406 539 158 47 Paulus
516 539 189 47 exponit,
642 539 63 47 qd

80 585 126 47 uocet
164 585 140 47 filios
262 585 126 47 irae,
346 585 84 47 in
388 585 154 47 secundo
500 585 140 47 capite
598 585 84 47 ad
626 585 84 47 Ephe

90 620 130 49 sios.
176 620 87 49 Et
219 620 101 49 nos
277 620 130 49 omnes
364 620 188 49 aliquando
508 620 202 49 conuersati
652 620 58 49 su

93 662 95 51 mus
148 662 81 51 in
188 662 189 51 desideriis
337 662 122 51 canis
418 662 162 51 nostrae,
539 662 176 51 facientes
661 662 54 51 uo

88 711 190 47 luntatem
231 711 158 47 camis,
342 711 79 47 &
373 711 269 47 cogitationum,
595 711 79 47 &
611 711 95 47 era-

99 749 88 51 mus
150 749 126 51 natura
238 749 114 51 filii
314 749 114 51 irae.
390 749 114 51 Infra
465 749 88 51 ubi
516 749 76 51 de
554 749 114 51 legis
617 749 88 51 uiri-

91 792 98 45 bus
147 792 210 45 disseremus,
315 792 168 45 pleraque
442 792 84 45 ad
484 792 112 45 hunc
554 792 140 45 quoque
638 792 70 45 lo-

96 830 109 45 cum
159 830 218 45 accomodari
330 830 202 45 poterunt,
485 830 124 45 ideo
563 830 109 45 non
609 830 109 45 libet

90 868 163 47 diutius
209 868 104 47 hic
268 868 193 47 immorari.
416 868 119 47 Quae
491 868 119 47 enim
565 868 104 47 uis
609 868 104 47 pecca

89 914 88 49 ti
133 914 117 49 sit,
206 914 102 49 tum
265 914 132 49 demum
353 914 176 49 cernitur
484 914 117 49 quom
558 914 102 49 lex
602 914 102 49 reue-

95 959 147 44 latur,
198 959 117 44 quae
272 959 132 44 omnes
360 959 162 44 homines
477 959 162 44 peccati
580 959 132 44 arguit.

93 994 198 54 Conclusit
245 994 122 54 enim
321 994 137 54 omnia
412 994 198 54 scriptura
565 994 107 54 sub
610 994 107 54 pecca

97 1045 97 45 to,
152 1045 83 45 ut
194 1045 83 45 ad
235 1045 152 45 Calatas
346 1045 152 45 scribit
456 1045 193 45 Apostolus,
608 1045 83 45 ut
636 1045 83 45 pro-

92 1083 126 59 missio
181 1083 76 59 ex
219 1083 101 59 fide
282 1083 101 59 lesu
345 1083 139 59 Christi
446 1083 139 59 daretur
535 1083 177 59 credentibus.
