1000 1385
75 98 114 57 dine
146 98 128 57 anima
231 98 156 57 uestra.
345 98 185 57 Inclinate
487 98 128 57 aurem
558 98 142 57 uestram,

73 149 107 44 id
127 149 143 44 est,
216 149 215 44 OREDITE,
378 149 90 44 &
413 149 161 44 uiuet
521 149 161 44 anima
610 149 90 44 ue-

70 189 139 45 stra,
162 189 77 45 &
193 189 154 45 feriam
301 189 185 45 uobiscum
439 189 154 45 pactum
532 189 169 45 sempiter-

74 233 167 46 num
170 233 119 46 M
217 233 143 46 IS
289 233 143 46 ER
361 233 167 46 ICO
456 233 215 46 RDIAs
576 233 119 46 DA-

80 275 116 42 VID
147 275 133 42 EIDE
230 275 83 42 E
263 275 116 42 ES,
329 275 100 42 id
379 275 133 42 est,
462 275 216 42 promittam
611 275 83 42 mi-

66 319 216 43 sericordiam
239 319 144 43 Dauidi
340 319 173 43 fidelem,
469 319 87 43 id
513 319 115 43 est,
585 319 144 43 ratam.

73 353 162 54 Hierem.
191 353 133 54 xvii.
280 353 207 54 Maledictus
442 353 118 54 homo
516 353 103 54 qui
560 353 148 54 confidit

80 396 93 60 in
126 396 170 60 homine,
250 396 77 60 &
281 396 139 60 ponit
374 396 139 60 canem
467 396 186 60 brachium
591 396 108 60 suum,

82 442 70 53 &
110 442 70 53 a
138 442 139 53 domino
235 442 153 53 recedit
346 442 97 53 cor
402 442 125 53 eius.
485 442 111 53 Erit
555 442 111 53 enim
611 442 97 53 quasi

75 480 170 48 imyricae
202 480 85 48 in
245 480 156 48 deserto
358 480 71 48 &
386 480 99 48 non
443 480 156 48 uidebit
556 480 99 48 cum
599 480 99 48 uene-

80 519 97 52 rit
136 519 138 52 bonum,
232 519 97 52 sed
288 519 180 52 habitabit
426 519 83 52 in
468 519 180 52 siccitate
606 519 83 52 in
634 519 69 52 de-

81 562 133 53 serto,
174 562 80 53 in
214 562 120 53 terra
293 562 186 53 salsuginis
439 562 66 53 &
466 562 226 53 inhabitabili.
639 562 66 53 De-

84 611 168 59 nedictus
210 611 98 59 uit
266 611 98 59 qui
322 611 168 59 confidit
449 611 84 59 in
491 611 154 59 domino,
603 611 70 59 &
617 611 98 59 erit,

86 642 158 57 dominus
201 642 158 57 fiducia
316 642 130 57 eius,
403 642 72 57 &
431 642 115 57 erit
503 642 130 57 quasi
575 642 130 57 lignum,

85 692 124 55 quod
162 692 279 55 transplantatur
395 692 140 55 super
488 692 155 55 aquas,
596 692 124 55 quod
658 692 62 55 ad

82 736 168 40 humorem
204 736 153 40 mittit
311 736 168 40 radices
433 736 137 40 suas,
524 736 76 40 &
555 736 107 40 cum
600 736 107 40 uene-

83 780 100 39 rit
140 780 129 39 estus
226 780 100 39 non
283 780 157 39 timebit
397 780 100 39 &c.
455 780 114 39 Vide
526 780 172 39 reliqua.
640 780 72 39 Nam

94 823 90 45 uel
146 823 103 45 unum
210 823 116 45 illud
288 823 103 45 eius
352 823 168 45 prophetae
481 823 116 45 caput
559 823 116 45 satis
624 823 77 45 cla-

84 852 81 53 re
124 852 202 53 coarguerit,
285 852 121 53 nihil
366 852 108 53 esse
433 852 121 53 opera
514 852 161 53 moralia,
621 852 81 53 nisi

85 898 238 47 simulationes
278 898 74 47 &
308 898 178 47 mendacia
442 898 134 47 camis
531 898 178 47 nostrae.

115 936 105 57 Huc
175 936 180 57 pertinet
310 936 120 57 quod
385 936 225 57 scholastica
551 936 165 57 theologia

82 982 78 43 de
121 982 209 43 poenitentiae
291 982 144 43 initio,
395 982 118 43 deque
474 982 222 43 attritionibus
644 982 65 43 con

85 1027 156 47 finxit.
198 1027 127 47 Neque
283 1027 113 47 enim
354 1027 85 47 de
396 1027 170 47 commisso
523 1027 127 47 dolet
594 1027 113 47 natura

89 1072 121 51 nisi
165 1072 136 51 amore
255 1072 121 51 sui,
331 1072 166 51 metuque
452 1072 166 51 poenae,
573 1072 106 51 qui
618 1072 91 51 amos
