1000 1273
300 104 103 58 sui
359 104 73 58 &
388 104 132 58 metus
476 104 176 58 poenarum
608 104 117 58 sunt
682 104 132 58 plane
770 104 176 58 peccata,
887 104 44 58 &

299 150 192 49 impossibile
452 150 89 49 est
504 150 102 49 quin
567 150 153 49 adferant
682 150 115 49 secum
759 150 115 49 odium
836 150 115 49 eius,

303 198 93 39 qui
356 198 133 39 poenas
449 198 172 39 infligit,
581 198 119 39 nempe
661 198 106 39 dei.
727 198 172 39 Peculiare
846 198 80 39 uero

293 237 108 48 dei
354 237 124 48 opus
432 237 108 48 est
493 237 170 48 peccati
617 237 93 48 in
663 237 139 48 nobis
756 237 185 48 cognitio
880 237 46 48 &

299 274 128 58 odium.
389 274 141 58 Deducit
491 274 102 58 enim
555 274 102 58 dins
619 274 77 58 ad
657 274 141 58 inferos
760 274 77 58 ac
798 274 154 58 reducit,

301 322 113 46 duns
372 322 212 46 mortificat,
541 322 71 46 &
570 322 198 46 uiuificat,
725 322 113 46 dins
782 322 141 46 humiliat

296 356 68 56 &
324 356 177 56 subleuat,
460 356 95 56 ait
514 356 122 56 Hanna
596 356 82 56 in
636 356 163 56 Cantico.
759 356 82 56 i.
800 356 109 56 Reg.
854 356 68 56 ii.

301 395 87 62 Et
344 395 174 62 Propheta
474 395 145 62 Hiere.
576 395 174 62 Postquam
706 395 217 62 conuertisti
865 395 58 62 me

300 442 96 49 egi
355 442 220 49 poenitentiam
534 442 96 49 &c.
589 442 124 49 Porro
672 442 83 49 qd
713 442 151 49 attinet
823 442 96 49 hic
864 442 55 49 im

310 482 143 57 norari,
414 482 91 57 cum
466 482 181 57 planissime
608 482 130 57 dictum
699 482 91 57 sit
751 482 65 57 a
776 482 143 57 Christo
867 482 52 57 lo

294 526 117 54 han.
368 526 103 54 vi.
426 526 117 54 Nemo
500 526 132 54 uenit
588 526 88 54 ad
632 526 88 54 me
676 526 117 54 nisi
749 526 132 54 pater
823 526 88 54 meus

294 574 161 44 traxerit
414 574 107 44 eum.
481 574 81 44 Od
522 574 107 44 uero
589 574 161 44 obiciunt
710 574 188 44 sententiam
844 574 67 44 dni

290 611 116 48 apud
363 611 189 48 Sachariam
508 611 145 48 ignari
610 611 174 48 troporum
741 611 73 48 &
755 611 160 48 figurarum

289 651 122 55 sacri
371 651 163 55 sermonis
493 651 190 55 sophistae.
642 651 217 55 Conuertimini
818 651 81 55 ad
845 651 68 55 me,

292 696 66 53 &
318 696 92 53 ego
371 696 171 53 conuertar
503 696 79 53 ad
542 696 105 53 uos,
608 696 92 53 non
661 696 158 53 efficit,
766 696 145 53 poeniten-

289 737 98 39 tiae
350 737 135 39 inicium
449 737 74 39 in
486 737 111 39 nobis
559 737 98 39 esse
621 737 148 39 positum.
732 737 148 39 Excussit
830 737 86 39 autem

293 776 107 45 hanc
359 776 187 45 sententiam
506 776 107 45 Aug,
573 776 93 45 non
627 776 93 45 uno
680 776 120 45 loco,
760 776 120 45 neque
827 776 80 45 uero

272 819 147 54 obscura
379 819 107 54 est,
445 819 107 54 nisi
512 819 174 54 Sophistis
646 819 94 54 qui
699 819 107 54 pter
766 819 120 54 parua
833 819 80 54 logi

285 857 135 48 calia
375 857 135 48 aliud
464 857 224 48 didicerunt.
644 857 150 48 Duplex
749 857 105 48 est
793 857 120 48 conuer

288 900 86 50 sio
337 900 86 50 dei
386 900 73 50 ad
422 900 98 50 nos,
484 900 122 50 altera
569 900 122 50 praeit
655 900 220 50 resipiscentiae
826 900 86 50 niae.

273 934 140 54 laltera
375 934 114 54 seqt.
451 934 102 54 Quae
515 934 140 54 praeit,
617 934 76 54 ea
655 934 102 54 fit,
718 934 89 54 cum
769 934 89 54 des
820 934 89 54 nos
858 934 51 54 re

279 984 160 53 sipiscere
402 984 111 53 facit
476 984 136 53 adssatu
574 984 111 53 spuns
648 984 99 53 sui,
710 984 86 53 cum
759 984 136 53 ostenso
845 984 62 53 pec

291 1025 96 49 cato
351 1025 84 49 nos
399 1025 131 49 terret,
494 1025 203 49 conturbatque.
661 1025 72 49 At
697 1025 84 49 qui
745 1025 119 49 seqtur
816 1025 96 49 conuer

282 1068 96 49 sio,
342 1068 84 49 fit
390 1068 84 49 cum
439 1068 109 49 modum
511 1068 145 49 finemque
620 1068 145 49 poenarum
728 1068 145 49 faciens,
825 1068 84 49 conso

273 1114 114 47 latur
350 1114 89 47 nos
400 1114 191 47 declaratque
553 1114 114 47 palam
629 1114 102 47 sese
693 1114 127 47 fauete
782 1114 127 47 nobis.
858 1114 51 47 De
