1000 1385
92 87 190 75 postetiore
242 87 136 75 loqtur
336 87 163 75 acharias
458 87 95 75 cum
513 87 122 75 inqt,
580 87 136 75 Conuerti

88 154 110 44 mini
157 154 82 44 ad
198 154 96 44 me,
253 154 69 44 &
280 154 96 44 ego
335 154 178 44 conuertat
472 154 82 44 ad
513 154 110 44 uos.
582 154 82 44 ld
623 154 110 44 est,

87 186 213 63 resipiscite,
259 186 66 63 &
286 186 93 63 ego
339 186 133 63 poenax
432 186 120 63 finem
512 186 146 63 faciam.
605 186 106 63 Hortat

88 228 78 56 n.
127 228 155 56 Propheta
244 228 91 56 eos
295 228 91 56 qui
347 228 91 56 iam
399 228 78 56 ab
438 228 130 56 exilio
529 228 143 56 Assyrio
619 228 91 56 redie

88 267 107 54 rant
154 267 80 54 in
194 267 160 54 ludaeam,
314 267 80 54 ut
354 267 133 54 patrum
447 267 147 54 exemplo
554 267 133 54 moniti
634 267 80 54 resi

94 307 150 65 piscant,
206 307 75 65 ni
243 307 125 65 rursus
330 307 125 65 uelint
418 307 100 65 iram
480 307 150 65 diuinam,
580 307 137 65 poenasque

91 354 159 57 prioribs
210 354 145 57 similes
315 354 172 57 experiti.
448 354 106 57 Hinc
514 354 145 57 colligi
619 354 93 57 non
659 354 53 57 po

100 396 112 53 test,
174 396 74 53 in
211 396 87 53 nia
261 396 99 53 manu
323 396 99 53 esse
385 396 136 53 initium
484 396 211 53 poenitentiae.
646 396 74 53 Ipse

94 438 92 55 nos
146 438 144 55 inuitat
251 438 170 55 trahitque
382 438 79 55 ad
421 438 118 55 sese,
500 438 65 55 &
526 438 92 55 ubi
578 438 170 55 traxerit,

91 484 187 50 condonamns
237 484 133 50 poenas
331 484 160 50 declarat
450 484 107 50 sese
517 484 120 50 nobis
584 484 133 50 placatum

95 507 95 75 esse
155 507 250 75 reconciliatumque.
369 507 72 75 Et
405 507 95 75 quod
465 507 155 75 praecipit
572 507 155 75 conuertimis

93 566 72 54 ni
129 566 72 54 ad
165 566 84 54 me,
212 566 84 54 non
260 566 179 54 consequitur
404 566 72 54 in
439 566 131 54 nostris
535 566 131 54 uiribus
630 566 107 54 esse,

99 607 189 47 resipiscere,
253 607 83 47 seu
300 607 154 47 conuetti.
418 607 118 47 Sicut,
501 607 95 47 quia
560 607 95 47 sese
619 607 118 47 diligi

98 640 152 63 praecipit
215 640 105 63 super
285 640 117 63 omnia,
367 640 82 63 non
414 640 175 63 consequitur
554 640 70 63 id
589 640 70 63 in
612 640 105 63 nostris

97 679 148 57 uiribus
204 679 121 57 esse,
285 679 108 57 quia
352 679 188 57 praecipit.
500 679 108 57 Immo
567 679 81 57 ob
607 679 94 57 hoc
648 679 67 57 ipm

96 726 89 54 quod
152 726 156 54 praecipit,
274 726 78 54 non
319 726 78 54 est
363 726 67 54 in
397 726 100 54 ninis
464 726 134 54 uiribus.
564 726 145 54 Praecipit
664 726 56 54 eni

98 779 81 39 in
138 779 94 39 hoc
192 779 228 39 impossibilia,
379 779 81 39 ut
420 779 228 39 misericordiam
608 779 107 39 suam
661 779 54 39 no

98 808 94 55 bis
151 808 189 55 commendet,
300 808 121 55 sicut
381 808 121 55 infra
462 808 81 55 de
502 808 108 55 lege
570 808 148 55 dicems.
664 808 54 55 Et

96 850 99 57 cur
152 850 99 57 non
209 850 184 57 Sophistae
350 850 85 57 in
392 850 184 57 Sachariae
533 850 155 57 pphetia
632 850 85 57 hanc

94 887 100 52 etiam
161 887 156 52 sententiam
283 887 167 52 obseruatunt
417 887 78 52 qui
461 887 67 52 in
494 887 89 52 cap.
550 887 67 52 x.
572 887 145 52 continetur.

99 926 72 70 Et
135 926 157 70 conuertam
256 926 84 70 eos
304 926 96 70 quia
364 926 157 70 miserebor
485 926 121 70 eorum,
569 926 60 70 &
593 926 109 70 erunt
654 926 60 70 si-

101 971 89 59 cut
152 971 152 59 fuetunt,
266 971 127 59 quando
355 971 89 59 non
405 971 177 59 proieceram
545 971 101 59 eos.
608 971 101 59 Ecce
659 971 63 59 ipe

93 1021 89 50 ait
144 1021 76 50 se
182 1021 190 50 conuersurum
334 1021 127 50 Iudam,
423 1021 114 50 neque
499 1021 101 50 uero
562 1021 114 50 ppter
626 1021 101 50 illoge

91 1054 187 65 benefacta,
238 1054 94 65 sed
291 1054 120 65 ppter
371 1054 107 65 suam
438 1054 120 65 ipsis
505 1054 214 65 misericondiam.
