1000 1385
280 96 156 62 Similes
393 96 127 62 locos
478 96 170 62 commendo
606 96 127 62 tuae,
690 96 212 62 Christianae
846 96 71 62 le-

283 163 127 43 ctor,
368 163 212 43 industriae.
537 163 156 43 Futurum
650 163 113 43 enim
721 163 99 43 est
778 163 85 43 ut
820 163 99 43 ubi
862 163 57 43 fa

292 196 170 56 miliarior
423 196 105 56 tibi
488 196 183 56 scripturae
632 196 105 56 usus
697 196 144 56 fuerit,
801 196 118 56 nullo
867 196 52 56 ne

294 235 121 56 gotio
374 235 189 56 quascumque
523 235 202 56 sophistatum
685 235 162 56 argutias
793 235 121 56 diluas.

325 276 124 62 Habes
408 276 138 62 lector
504 276 83 62 de
546 276 83 62 ui
587 276 179 62 ingenitae
725 276 138 62 pestis
808 276 96 62 quan-

289 325 99 58 tum
346 325 114 58 mihi
417 325 185 58 uidebatur
559 325 114 58 dici
630 325 156 58 debere.
743 325 128 58 Neque
815 325 99 58 plura

281 372 187 39 requirent
425 372 87 39 hi
468 372 101 39 qui
526 372 144 39 potius
627 372 187 39 diuinatum
756 372 159 39 literarum

289 407 182 53 lectione,
429 407 252 53 meditationeque
638 407 154 53 formari
750 407 154 53 uolent,
848 407 70 53 qui

283 448 154 52 humanis
395 448 238 52 commentariis.
591 448 112 52 Nam,
660 448 196 52 satisfieri
814 448 126 52 nulla

280 489 249 46 commentatione
485 489 161 46 potest,
603 489 103 46 iis
661 489 146 46 quorum
764 489 132 46 animi
837 489 73 46 in-

284 534 142 48 certis
383 534 283 48 disputationibus,
624 534 142 48 uariis
723 534 156 48 hominum
822 534 85 48 sen-

287 572 152 48 tenciis
398 572 125 48 atque
481 572 208 48 opinionibus
647 572 152 48 confusi
758 572 125 48 nihil
827 572 83 48 nisi

281 616 167 44 carnalia
406 616 167 44 sapiunt.
531 616 111 44 Vnus
601 616 97 44 est
657 616 153 44 idemque
768 616 83 44 ut
796 616 111 44 simpli

281 657 179 54 cissimus,
419 657 96 54 ita
474 657 206 54 certissimus
638 657 151 54 doctor,
748 657 151 54 diuinus
844 657 69 54 spi

276 698 139 60 ritus,
374 698 98 60 qui
429 698 111 60 sese
499 698 70 60 &
527 698 153 60 proxime
638 698 70 60 &
666 698 237 60 simplicissime
847 698 56 60 in

279 746 139 52 sacris
376 746 153 52 literis
488 746 195 52 expressit,
641 746 83 52 in
682 746 111 52 quas
752 746 97 52 ubi
794 746 111 52 animus

278 784 114 52 tuus
349 784 143 52 ueluti
449 784 243 52 transformatus
649 784 157 52 fuerit,
763 784 100 52 tum
806 784 100 52 demum

266 819 183 60 Sabsolute,
410 819 209 60 simpliciter,
579 819 144 60 exacte,
684 819 78 60 ut
723 819 144 60 aliarum
815 819 91 60 rerum

281 872 259 35 theologicarum,
496 872 101 35 ita
554 872 129 35 huius
640 872 115 35 loci
712 872 173 35 rationem
827 872 72 35 con

279 915 206 47 prehendes.
441 915 103 47 Qui
500 915 162 47 pendent
618 915 103 47 non
677 915 74 47 a
706 915 177 47 spiritus
824 915 74 47 sed

270 949 161 49 hominum
388 949 161 49 iudicio
505 949 278 49 aestimationeque
739 949 103 49 non
798 949 103 49 res
841 949 59 49 ip

273 989 123 46 sas,
349 989 107 46 sed
411 989 107 46 uix
472 989 153 46 tenues
579 989 169 46 quasdam
702 989 138 46 rerum
778 989 123 46 umbras

274 1035 158 52 cernunt,
393 1035 92 52 non
445 1035 132 52 aliter
538 1035 119 52 atque
617 1035 106 52 illi
683 1035 79 52 in
722 1035 171 52 Platonico
841 1035 66 52 spe

275 1082 120 49 cu.
343 1082 137 49 Quis
429 1082 137 49 enim
514 1082 120 49 tum
582 1082 308 49 philosophorum,
822 1082 85 49 tum
