1000 1385
103 75 129 70 quod
183 75 97 70 ad
232 75 209 70 argumenti
393 75 161 70 summam
506 75 193 70 attinet,
634 75 81 70 in-

102 136 158 55 dicantur
221 136 92 55 hic
273 136 198 55 Christianae
432 136 198 55 disciplinae
577 136 145 55 praecipui

102 181 125 45 loci,
185 181 83 45 ut
227 181 194 45 intelligat
379 181 180 45 iuuentus,
517 181 69 45 &
545 181 111 45 quae
614 181 111 45 sint
670 181 55 45 in

99 219 216 49 scripturis
269 219 216 49 potissimum
438 219 232 49 requirenda,
624 219 77 49 &
639 219 93 49 quam

102 261 119 51 foede
181 261 198 51 hallucinati
339 261 106 51 sint
405 261 132 51 ubique
498 261 79 51 in
537 261 79 51 re
564 261 158 51 theologica

106 310 100 49 qui
163 310 129 49 nobis
249 310 100 49 pro
306 310 157 49 Christi
421 310 172 49 doctrina
535 310 186 49 Aristoteli-

108 348 95 48 cas
163 348 163 48 argutias
285 348 191 48 prodidere.
435 348 123 48 Parce
517 348 109 48 uero
585 348 82 48 ac
612 348 109 48 breui-

101 384 97 59 ter
156 384 124 59 omnia
239 384 193 59 tractamus,
391 384 97 59 que
446 384 152 59 indicis
556 384 138 59 magis,
639 384 83 59 quam

106 430 254 46 commentarii
309 430 135 46 uice
394 430 220 46 fungimur,
563 430 118 46 dum
614 430 118 46 nomen

104 470 182 48 claturam
240 470 151 48 tantum
346 470 166 48 facimus
467 470 182 48 locorum,
603 470 91 48 ad
633 470 91 48 quos

102 510 148 53 ueluti
206 510 222 53 diuertendum
383 510 103 53 est
442 510 163 53 erranti
560 510 103 53 per
605 510 118 53 diuina

107 547 212 51 uolumina,
269 547 114 51 dum
335 547 163 51 paucis
448 547 163 51 tantum
562 547 163 51 uerbis
660 547 65 51 mo

108 597 140 47 nemus
202 597 78 47 e
233 597 155 47 quibus
342 597 140 47 summa
435 597 233 47 Christianae
606 597 124 47 doctri

113 643 104 41 nae
173 643 178 41 pendeat.
306 643 104 41 Non
366 643 104 41 hoc
425 643 119 41 ago,
499 643 89 41 ut
544 643 89 41 ad
574 643 149 41 obscuras

113 682 157 46 aliquas
227 682 71 46 &
255 682 185 46 impeditas
398 682 242 46 disputationes
598 682 71 46 a
612 682 114 46 scrip-

112 719 118 47 turis
190 719 131 47 auocem
282 719 183 47 studiosos,
426 719 91 47 sed
478 719 91 47 ut,
530 719 78 47 si
569 719 105 47 quos
621 719 105 47 queam,

108 757 93 58 ad
155 757 218 58 scripturas
326 757 186 58 inuitem.
466 757 109 58 Nam
528 757 93 58 in
559 757 171 58 uniuersum

109 801 116 54 non
176 801 183 54 admodum
309 801 166 54 aequus
425 801 116 54 sum
475 801 250 54 commentariis,

115 847 91 43 ne
160 847 166 43 ueterum
281 847 166 43 quidem,
402 847 151 43 tantum
508 847 151 43 abest,
613 847 91 43 ut
643 847 91 43 ullo

114 889 103 43 meo
173 889 177 43 longiore
306 889 162 43 scripto
424 889 133 43 uelim
512 889 177 43 quenquam
645 889 74 43 a
659 889 74 43 ca-

120 925 157 52 nonicae
234 925 199 52 scripturae
390 925 142 52 studio
490 925 214 52 retraherte.
647 925 85 52 Immo

127 967 119 55 nihil
206 967 145 55 perinde
312 967 145 55 optarim
418 967 119 55 atque
497 967 79 55 si
537 967 119 55 fieri
616 967 145 55 possit,

122 990 197 66 Christianos
280 990 132 66 omneis
372 990 79 66 in
411 990 118 66 solis
490 990 145 66 diuinis
595 990 145 66 literis
687 990 53 66 li

125 1050 155 57 bertime
237 1050 169 57 uersari,
364 1050 70 57 &
392 1050 84 57 in
434 1050 155 57 illarum
546 1050 155 57 indolem
645 1050 98 57 plane
