<?xml version="1.0" encoding="UTF-8"?>
<alto xmlns:xsi="http://www.w3.org/2001/XMLSchema-instance"
      xmlns="http://www.loc.gov/standards/alto/ns-v2#"
      xmlns:page="http://schema.primaresearch.org/PAGE/gts/pagecontent/2013-07-15"
      xsi:schemaLocation="http://www.loc.gov/standards/alto/ns-v2# http://www.loc.gov/standards/alto/alto.xsd">
   <Description>
      <MeasurementUnit>pixel</MeasurementUnit>
      <OCRProcessing ID="IdOcr">
         <ocrProcessingStep>
            <processingDateTime>2020-12-02T20:02:01.512-05:00</processingDateTime>
            <processingSoftware>
               <softwareCreator>READ COOP</softwareCreator>
               <softwareName>Transkribus</softwareName>
            </processingSoftware>
         </ocrProcessingStep>
      </OCRProcessing>
   </Description>
   <Tags/>
   <Layout>
      <Page ID="Page1" PHYSICAL_IMG_NR="1" HEIGHT="1385" WIDTH="1000">
         <TopMargin HEIGHT="0" WIDTH="1000" VPOS="0" HPOS="0"/>
         <LeftMargin HEIGHT="1385" WIDTH="0" VPOS="0" HPOS="0"/>
         <RightMargin HEIGHT="1385" WIDTH="0" VPOS="0" HPOS="1000"/>
         <BottomMargin HEIGHT="0" WIDTH="1000" VPOS="1385" HPOS="0"/>
         <PrintSpace HEIGHT="1385" WIDTH="1000" VPOS="0" HPOS="0">
            <TextBlock ID="TextRegion_1606525230940_756"
                       HEIGHT="998"
                       WIDTH="622"
                       VPOS="121"
                       HPOS="291">
               <Shape>
                  <Polygon POINTS="291,121 913,121 913,1119 291,1119"/>
               </Shape>
               <TextLine ID="r1l1"
                         BASELINE="159"
                         HEIGHT="60"
                         WIDTH="618"
                         VPOS="99"
                         HPOS="289">
                  <String HEIGHT="60"
                          WIDTH="196"
                          VPOS="99"
                          HPOS="274"
                          CONTENT="adpetitum"/>
                  <SP HEIGHT="60" WIDTH="15" VPOS="99" HPOS="470"/>
                  <String HEIGHT="60"
                          WIDTH="211"
                          VPOS="99"
                          HPOS="425"
                          CONTENT="sensitiuum"/>
                  <SP HEIGHT="60" WIDTH="15" VPOS="99" HPOS="636"/>
                  <String HEIGHT="60" WIDTH="106" VPOS="99" HPOS="590" CONTENT="est"/>
                  <SP HEIGHT="60" WIDTH="15" VPOS="99" HPOS="696"/>
                  <String HEIGHT="60"
                          WIDTH="166"
                          VPOS="99"
                          HPOS="651"
                          CONTENT="obnoxia"/>
                  <SP HEIGHT="60" WIDTH="15" VPOS="99" HPOS="817"/>
                  <String HEIGHT="60"
                          WIDTH="151"
                          VPOS="99"
                          HPOS="756"
                          CONTENT="adfecti"/>
               </TextLine>
               <TextLine ID="line_1606525230980_765"
                         BASELINE="777"
                         HEIGHT="54"
                         WIDTH="15"
                         VPOS="723"
                         HPOS="286">
                  <String HEIGHT="54" WIDTH="0" VPOS="723" HPOS="301" CONTENT=""/>
               </TextLine>
               <TextLine ID="r1l2"
                         BASELINE="202"
                         HEIGHT="47"
                         WIDTH="186"
                         VPOS="155"
                         HPOS="300">
                  <String HEIGHT="47" WIDTH="109" VPOS="155" HPOS="285" CONTENT="bus"/>
                  <SP HEIGHT="47" WIDTH="16" VPOS="155" HPOS="393"/>
                  <String HEIGHT="47"
                          WIDTH="155"
                          VPOS="155"
                          HPOS="331"
                          CONTENT="peccati."/>
               </TextLine>
               <TextLine ID="line_1606525230977_759"
                         BASELINE="243"
                         HEIGHT="53"
                         WIDTH="625"
                         VPOS="190"
                         HPOS="286">
                  <String HEIGHT="53" WIDTH="95" VPOS="190" HPOS="267" CONTENT="⁋"/>
                  <SP HEIGHT="53" WIDTH="19" VPOS="190" HPOS="362"/>
                  <String HEIGHT="53"
                          WIDTH="189"
                          VPOS="190"
                          HPOS="305"
                          CONTENT="Quando"/>
                  <SP HEIGHT="53" WIDTH="19" VPOS="190" HPOS="494"/>
                  <String HEIGHT="53"
                          WIDTH="189"
                          VPOS="190"
                          HPOS="438"
                          CONTENT="quidem"/>
                  <SP HEIGHT="53" WIDTH="19" VPOS="190" HPOS="627"/>
                  <String HEIGHT="53" WIDTH="133" VPOS="190" HPOS="570" CONTENT="cor"/>
                  <SP HEIGHT="53" WIDTH="19" VPOS="190" HPOS="703"/>
                  <String HEIGHT="53"
                          WIDTH="227"
                          VPOS="190"
                          HPOS="646"
                          CONTENT="immundum"/>
                  <SP HEIGHT="53" WIDTH="19" VPOS="190" HPOS="873"/>
                  <String HEIGHT="53"
                          WIDTH="114"
                          VPOS="190"
                          HPOS="797"
                          CONTENT="esse"/>
               </TextLine>
               <TextLine ID="r1l4"
                         BASELINE="290"
                         HEIGHT="54"
                         WIDTH="622"
                         VPOS="236"
                         HPOS="294">
                  <String HEIGHT="54"
                          WIDTH="188"
                          VPOS="236"
                          HPOS="280"
                          CONTENT="scriptura"/>
                  <SP HEIGHT="54" WIDTH="14" VPOS="236" HPOS="468"/>
                  <String HEIGHT="54"
                          WIDTH="188"
                          VPOS="236"
                          HPOS="424"
                          CONTENT="testatur,"/>
                  <SP HEIGHT="54" WIDTH="14" VPOS="236" HPOS="612"/>
                  <String HEIGHT="54"
                          WIDTH="217"
                          VPOS="236"
                          HPOS="569"
                          CONTENT="consequitur"/>
                  <SP HEIGHT="54" WIDTH="14" VPOS="236" HPOS="786"/>
                  <String HEIGHT="54"
                          WIDTH="130"
                          VPOS="236"
                          HPOS="742"
                          CONTENT="omnes"/>
                  <SP HEIGHT="54" WIDTH="14" VPOS="236" HPOS="873"/>
                  <String HEIGHT="54"
                          WIDTH="101"
                          VPOS="236"
                          HPOS="815"
                          CONTENT="uires"/>
               </TextLine>
               <TextLine ID="r1l5"
                         BASELINE="330"
                         HEIGHT="55"
                         WIDTH="344"
                         VPOS="275"
                         HPOS="295">
                  <String HEIGHT="55"
                          WIDTH="180"
                          VPOS="275"
                          HPOS="279"
                          CONTENT="humanas"/>
                  <SP HEIGHT="55" WIDTH="16" VPOS="275" HPOS="459"/>
                  <String HEIGHT="55"
                          WIDTH="131"
                          VPOS="275"
                          HPOS="410"
                          CONTENT="esse"/>
                  <SP HEIGHT="55" WIDTH="16" VPOS="275" HPOS="541"/>
                  <String HEIGHT="55"
                          WIDTH="164"
                          VPOS="275"
                          HPOS="475"
                          CONTENT="impuras."/>
               </TextLine>
               <TextLine ID="r1l7"
                         BASELINE="369"
                         HEIGHT="53"
                         WIDTH="611"
                         VPOS="316"
                         HPOS="307">
                  <String HEIGHT="53" WIDTH="75" VPOS="316" HPOS="292" CONTENT="⁋"/>
                  <SP HEIGHT="53" WIDTH="15" VPOS="316" HPOS="367"/>
                  <String HEIGHT="53"
                          WIDTH="209"
                          VPOS="316"
                          HPOS="322"
                          CONTENT="Significat"/>
                  <SP HEIGHT="53" WIDTH="15" VPOS="316" HPOS="531"/>
                  <String HEIGHT="53"
                          WIDTH="119"
                          VPOS="316"
                          HPOS="486"
                          CONTENT="enim"/>
                  <SP HEIGHT="53" WIDTH="15" VPOS="316" HPOS="605"/>
                  <String HEIGHT="53" WIDTH="104" VPOS="316" HPOS="560" CONTENT="cor"/>
                  <SP HEIGHT="53" WIDTH="15" VPOS="316" HPOS="665"/>
                  <String HEIGHT="53" WIDTH="104" VPOS="316" HPOS="620" CONTENT="non"/>
                  <SP HEIGHT="53" WIDTH="15" VPOS="316" HPOS="724"/>
                  <String HEIGHT="53"
                          WIDTH="119"
                          VPOS="316"
                          HPOS="680"
                          CONTENT="modo"/>
                  <SP HEIGHT="53" WIDTH="15" VPOS="316" HPOS="799"/>
                  <String HEIGHT="53"
                          WIDTH="179"
                          VPOS="316"
                          HPOS="739"
                          CONTENT="sensitiuum"/>
               </TextLine>
               <TextLine ID="r1l8"
                         BASELINE="403"
                         HEIGHT="41"
                         WIDTH="622"
                         VPOS="362"
                         HPOS="294">
                  <String HEIGHT="41"
                          WIDTH="203"
                          VPOS="362"
                          HPOS="280"
                          CONTENT="adpetitum,"/>
                  <SP HEIGHT="41" WIDTH="14" VPOS="362" HPOS="482"/>
                  <String HEIGHT="41"
                          WIDTH="116"
                          VPOS="362"
                          HPOS="439"
                          CONTENT="quem"/>
                  <SP HEIGHT="41" WIDTH="14" VPOS="362" HPOS="554"/>
                  <String HEIGHT="41" WIDTH="101" VPOS="362" HPOS="511" CONTENT="sic"/>
                  <SP HEIGHT="41" WIDTH="14" VPOS="362" HPOS="612"/>
                  <String HEIGHT="41"
                          WIDTH="116"
                          VPOS="362"
                          HPOS="569"
                          CONTENT="isti"/>
                  <SP HEIGHT="41" WIDTH="14" VPOS="362" HPOS="685"/>
                  <String HEIGHT="41"
                          WIDTH="159"
                          VPOS="362"
                          HPOS="641"
                          CONTENT="uocant,"/>
                  <SP HEIGHT="41" WIDTH="14" VPOS="362" HPOS="800"/>
                  <String HEIGHT="41" WIDTH="101" VPOS="362" HPOS="757" CONTENT="sed"/>
                  <SP HEIGHT="41" WIDTH="14" VPOS="362" HPOS="858"/>
                  <String HEIGHT="41"
                          WIDTH="130"
                          VPOS="362"
                          HPOS="815"
                          CONTENT="sedem"/>
                  <SP HEIGHT="41" WIDTH="14" VPOS="362" HPOS="945"/>
                  <String HEIGHT="41" WIDTH="29" VPOS="362" HPOS="887" CONTENT=""/>
               </TextLine>
               <TextLine ID="r1l9"
                         BASELINE="454"
                         HEIGHT="50"
                         WIDTH="612"
                         VPOS="404"
                         HPOS="296">
                  <String HEIGHT="50"
                          WIDTH="180"
                          VPOS="404"
                          HPOS="278"
                          CONTENT="omnium"/>
                  <SP HEIGHT="50" WIDTH="18" VPOS="404" HPOS="458"/>
                  <String HEIGHT="50"
                          WIDTH="252"
                          VPOS="404"
                          HPOS="404"
                          CONTENT="adfectuum,"/>
                  <SP HEIGHT="50" WIDTH="18" VPOS="404" HPOS="656"/>
                  <String HEIGHT="50"
                          WIDTH="198"
                          VPOS="404"
                          HPOS="602"
                          CONTENT="amorum,"/>
                  <SP HEIGHT="50" WIDTH="18" VPOS="404" HPOS="800"/>
                  <String HEIGHT="50"
                          WIDTH="180"
                          VPOS="404"
                          HPOS="728"
                          CONTENT="odiorum,"/>
               </TextLine>
               <TextLine ID="r1l10"
                         BASELINE="494"
                         HEIGHT="53"
                         WIDTH="394"
                         VPOS="441"
                         HPOS="298">
                  <String HEIGHT="53"
                          WIDTH="225"
                          VPOS="441"
                          HPOS="284"
                          CONTENT="blasphemiae,"/>
                  <SP HEIGHT="53" WIDTH="14" VPOS="441" HPOS="509"/>
                  <String HEIGHT="53"
                          WIDTH="239"
                          VPOS="441"
                          HPOS="453"
                          CONTENT="incredulitatis."/>
               </TextLine>
               <TextLine ID="line_1606525230978_761"
                         BASELINE="541"
                         HEIGHT="56"
                         WIDTH="625"
                         VPOS="485"
                         HPOS="286">
                  <String HEIGHT="56" WIDTH="80" VPOS="485" HPOS="270" CONTENT="⁋"/>
                  <SP HEIGHT="56" WIDTH="16" VPOS="485" HPOS="350"/>
                  <String HEIGHT="56"
                          WIDTH="144"
                          VPOS="485"
                          HPOS="302"
                          CONTENT="Sicut"/>
                  <SP HEIGHT="56" WIDTH="16" VPOS="485" HPOS="446"/>
                  <String HEIGHT="56" WIDTH="112" VPOS="485" HPOS="398" CONTENT="cor"/>
                  <SP HEIGHT="56" WIDTH="16" VPOS="485" HPOS="510"/>
                  <String HEIGHT="56"
                          WIDTH="224"
                          VPOS="485"
                          HPOS="462"
                          CONTENT="significat"/>
                  <SP HEIGHT="56" WIDTH="16" VPOS="485" HPOS="687"/>
                  <String HEIGHT="56"
                          WIDTH="160"
                          VPOS="485"
                          HPOS="639"
                          CONTENT="omnium"/>
                  <SP HEIGHT="56" WIDTH="16" VPOS="485" HPOS="799"/>
                  <String HEIGHT="56"
                          WIDTH="176"
                          VPOS="485"
                          HPOS="735"
                          CONTENT="humanorum"/>
               </TextLine>
               <TextLine ID="r1l12"
                         BASELINE="577"
                         HEIGHT="46"
                         WIDTH="608"
                         VPOS="531"
                         HPOS="300">
                  <String HEIGHT="46"
                          WIDTH="203"
                          VPOS="531"
                          HPOS="284"
                          CONTENT="adfectuum"/>
                  <SP HEIGHT="46" WIDTH="16" VPOS="531" HPOS="487"/>
                  <String HEIGHT="46"
                          WIDTH="156"
                          VPOS="531"
                          HPOS="440"
                          CONTENT="sedem,"/>
                  <SP HEIGHT="46" WIDTH="16" VPOS="531" HPOS="596"/>
                  <String HEIGHT="46" WIDTH="109" VPOS="531" HPOS="549" CONTENT="ita"/>
                  <SP HEIGHT="46" WIDTH="16" VPOS="531" HPOS="659"/>
                  <String HEIGHT="46" WIDTH="78" VPOS="531" HPOS="612" CONTENT="&amp;"/>
                  <SP HEIGHT="46" WIDTH="16" VPOS="531" HPOS="690"/>
                  <String HEIGHT="46"
                          WIDTH="125"
                          VPOS="531"
                          HPOS="643"
                          CONTENT="caro"/>
                  <SP HEIGHT="46" WIDTH="16" VPOS="531" HPOS="768"/>
                  <String HEIGHT="46"
                          WIDTH="140"
                          VPOS="531"
                          HPOS="721"
                          CONTENT="omnes"/>
                  <SP HEIGHT="46" WIDTH="16" VPOS="531" HPOS="861"/>
                  <String HEIGHT="46"
                          WIDTH="109"
                          VPOS="531"
                          HPOS="799"
                          CONTENT="natu"
                          SUBS_TYPE="HypPart1"
                          SUBS_CONTENT="naturales"/>
                  <HYP CONTENT="-"/>
               </TextLine>
               <TextLine ID="r1l13"
                         BASELINE="619"
                         HEIGHT="53"
                         WIDTH="286"
                         VPOS="566"
                         HPOS="295">
                  <String HEIGHT="53"
                          WIDTH="129"
                          VPOS="566"
                          HPOS="281"
                          CONTENT="rales"
                          SUBS_TYPE="HypPart2"
                          SUBS_CONTENT="naturales"/>
                  <SP HEIGHT="53" WIDTH="14" VPOS="566" HPOS="409"/>
                  <String HEIGHT="53"
                          WIDTH="157"
                          VPOS="566"
                          HPOS="366"
                          CONTENT="hominis"/>
                  <SP HEIGHT="53" WIDTH="14" VPOS="566" HPOS="524"/>
                  <String HEIGHT="53"
                          WIDTH="114"
                          VPOS="566"
                          HPOS="467"
                          CONTENT="uires."/>
               </TextLine>
               <TextLine ID="line_1606525230979_763"
                         BASELINE="659"
                         HEIGHT="50"
                         WIDTH="622"
                         VPOS="609"
                         HPOS="286">
                  <String HEIGHT="50" WIDTH="72" VPOS="609" HPOS="272" CONTENT="⁋"/>
                  <SP HEIGHT="50" WIDTH="14" VPOS="609" HPOS="344"/>
                  <String HEIGHT="50"
                          WIDTH="174"
                          VPOS="609"
                          HPOS="300"
                          CONTENT="Carnale,"/>
                  <SP HEIGHT="50" WIDTH="14" VPOS="609" HPOS="474"/>
                  <String HEIGHT="50"
                          WIDTH="174"
                          VPOS="609"
                          HPOS="431"
                          CONTENT="quidquid"/>
                  <SP HEIGHT="50" WIDTH="14" VPOS="609" HPOS="604"/>
                  <String HEIGHT="50" WIDTH="101" VPOS="609" HPOS="561" CONTENT="per"/>
                  <SP HEIGHT="50" WIDTH="14" VPOS="609" HPOS="662"/>
                  <String HEIGHT="50"
                          WIDTH="159"
                          VPOS="609"
                          HPOS="619"
                          CONTENT="naturae"/>
                  <SP HEIGHT="50" WIDTH="14" VPOS="609" HPOS="778"/>
                  <String HEIGHT="50"
                          WIDTH="130"
                          VPOS="609"
                          HPOS="734"
                          CONTENT="uires"/>
                  <SP HEIGHT="50" WIDTH="14" VPOS="609" HPOS="865"/>
                  <String HEIGHT="50"
                          WIDTH="116"
                          VPOS="609"
                          HPOS="821"
                          CONTENT="fit,"/>
                  <SP HEIGHT="50" WIDTH="14" VPOS="609" HPOS="937"/>
                  <String HEIGHT="50" WIDTH="29" VPOS="609" HPOS="879" CONTENT=""/>
               </TextLine>
               <TextLine ID="r1l15"
                         BASELINE="700"
                         HEIGHT="53"
                         WIDTH="622"
                         VPOS="647"
                         HPOS="291">
                  <String HEIGHT="53"
                          WIDTH="196"
                          VPOS="647"
                          HPOS="275"
                          CONTENT="Socratis"/>
                  <SP HEIGHT="53" WIDTH="16" VPOS="647" HPOS="471"/>
                  <String HEIGHT="53"
                          WIDTH="246"
                          VPOS="647"
                          HPOS="422"
                          CONTENT="constantia,"/>
                  <SP HEIGHT="53" WIDTH="16" VPOS="647" HPOS="667"/>
                  <String HEIGHT="53"
                          WIDTH="164"
                          VPOS="647"
                          HPOS="618"
                          CONTENT="enonis"/>
                  <SP HEIGHT="53" WIDTH="16" VPOS="647" HPOS="782"/>
                  <String HEIGHT="53"
                          WIDTH="196"
                          VPOS="647"
                          HPOS="717"
                          CONTENT="moderatio,"/>
               </TextLine>
               <TextLine ID="r1l16"
                         BASELINE="739"
                         HEIGHT="47"
                         WIDTH="463"
                         VPOS="692"
                         HPOS="300">
                  <String HEIGHT="47"
                          WIDTH="119"
                          VPOS="692"
                          HPOS="287"
                          CONTENT="nihil"/>
                  <SP HEIGHT="47" WIDTH="13" VPOS="692" HPOS="406"/>
                  <String HEIGHT="47"
                          WIDTH="106"
                          VPOS="692"
                          HPOS="366"
                          CONTENT="nisi"/>
                  <SP HEIGHT="47" WIDTH="13" VPOS="692" HPOS="472"/>
                  <String HEIGHT="47"
                          WIDTH="159"
                          VPOS="692"
                          HPOS="432"
                          CONTENT="carnales"/>
                  <SP HEIGHT="47" WIDTH="13" VPOS="692" HPOS="591"/>
                  <String HEIGHT="47"
                          WIDTH="159"
                          VPOS="692"
                          HPOS="551"
                          CONTENT="adfectus"/>
                  <SP HEIGHT="47" WIDTH="13" VPOS="692" HPOS="710"/>
                  <String HEIGHT="47"
                          WIDTH="119"
                          VPOS="692"
                          HPOS="670"
                          CONTENT="sunt,"/>
                  <SP HEIGHT="47" WIDTH="13" VPOS="692" HPOS="789"/>
                  <String HEIGHT="47" WIDTH="26" VPOS="692" HPOS="737" CONTENT=""/>
               </TextLine>
               <TextLine ID="r1l18"
                         BASELINE="787"
                         HEIGHT="56"
                         WIDTH="594"
                         VPOS="731"
                         HPOS="311">
                  <String HEIGHT="56" WIDTH="74" VPOS="731" HPOS="296" CONTENT="⁋"/>
                  <SP HEIGHT="56" WIDTH="15" VPOS="731" HPOS="370"/>
                  <String HEIGHT="56"
                          WIDTH="134"
                          VPOS="731"
                          HPOS="326"
                          CONTENT="Semel"/>
                  <SP HEIGHT="56" WIDTH="15" VPOS="731" HPOS="460"/>
                  <String HEIGHT="56" WIDTH="89" VPOS="731" HPOS="415" CONTENT="in"/>
                  <SP HEIGHT="56" WIDTH="15" VPOS="731" HPOS="504"/>
                  <String HEIGHT="56"
                          WIDTH="178"
                          VPOS="731"
                          HPOS="460"
                          CONTENT="Epistola"/>
                  <SP HEIGHT="56" WIDTH="15" VPOS="731" HPOS="638"/>
                  <String HEIGHT="56"
                          WIDTH="149"
                          VPOS="731"
                          HPOS="593"
                          CONTENT="priore"/>
                  <SP HEIGHT="56" WIDTH="15" VPOS="731" HPOS="742"/>
                  <String HEIGHT="56" WIDTH="89" VPOS="731" HPOS="697" CONTENT="ad"/>
                  <SP HEIGHT="56" WIDTH="15" VPOS="731" HPOS="786"/>
                  <String HEIGHT="56"
                          WIDTH="178"
                          VPOS="731"
                          HPOS="727"
                          CONTENT="Corinthios"/>
               </TextLine>
               <TextLine ID="r1l19"
                         BASELINE="824"
                         HEIGHT="41"
                         WIDTH="609"
                         VPOS="783"
                         HPOS="304">
                  <String HEIGHT="41"
                          WIDTH="172"
                          VPOS="783"
                          HPOS="288"
                          CONTENT="uocauit"/>
                  <SP HEIGHT="41" WIDTH="16" VPOS="783" HPOS="460"/>
                  <String HEIGHT="41"
                          WIDTH="156"
                          VPOS="783"
                          HPOS="413"
                          CONTENT="Paulus"/>
                  <SP HEIGHT="41" WIDTH="16" VPOS="783" HPOS="569"/>
                  <String HEIGHT="41"
                          WIDTH="172"
                          VPOS="783"
                          HPOS="523"
                          CONTENT="Iuxntoν"/>
                  <SP HEIGHT="41" WIDTH="16" VPOS="783" HPOS="694"/>
                  <String HEIGHT="41"
                          WIDTH="172"
                          VPOS="783"
                          HPOS="648"
                          CONTENT="animale"/>
                  <SP HEIGHT="41" WIDTH="16" VPOS="783" HPOS="819"/>
                  <String HEIGHT="41"
                          WIDTH="156"
                          VPOS="783"
                          HPOS="757"
                          CONTENT="rationis"/>
               </TextLine>
               <TextLine ID="r1l20"
                         BASELINE="869"
                         HEIGHT="54"
                         WIDTH="460"
                         VPOS="815"
                         HPOS="300">
                  <String HEIGHT="54"
                          WIDTH="129"
                          VPOS="815"
                          HPOS="286"
                          CONTENT="opus,"/>
                  <SP HEIGHT="54" WIDTH="14" VPOS="815" HPOS="415"/>
                  <String HEIGHT="54" WIDTH="86" VPOS="815" HPOS="372" CONTENT="ut"/>
                  <SP HEIGHT="54" WIDTH="14" VPOS="815" HPOS="458"/>
                  <String HEIGHT="54"
                          WIDTH="244"
                          VPOS="815"
                          HPOS="415"
                          CONTENT="philosophicas"/>
                  <SP HEIGHT="54" WIDTH="14" VPOS="815" HPOS="659"/>
                  <String HEIGHT="54"
                          WIDTH="158"
                          VPOS="815"
                          HPOS="602"
                          CONTENT="uirtutes."/>
               </TextLine>
               <TextLine ID="line_1606525230981_767"
                         BASELINE="920"
                         HEIGHT="65"
                         WIDTH="627"
                         VPOS="855"
                         HPOS="286">
                  <String HEIGHT="65" WIDTH="78" VPOS="855" HPOS="270" CONTENT="⁋"/>
                  <SP HEIGHT="65" WIDTH="16" VPOS="855" HPOS="349"/>
                  <String HEIGHT="65"
                          WIDTH="141"
                          VPOS="855"
                          HPOS="302"
                          CONTENT="Atque"/>
                  <SP HEIGHT="65" WIDTH="16" VPOS="855" HPOS="443"/>
                  <String HEIGHT="65"
                          WIDTH="157"
                          VPOS="855"
                          HPOS="396"
                          CONTENT="ibidem"/>
                  <SP HEIGHT="65" WIDTH="16" VPOS="855" HPOS="552"/>
                  <String HEIGHT="65"
                          WIDTH="141"
                          VPOS="855"
                          HPOS="505"
                          CONTENT="palam"/>
                  <SP HEIGHT="65" WIDTH="16" VPOS="855" HPOS="647"/>
                  <String HEIGHT="65" WIDTH="110" VPOS="855" HPOS="600" CONTENT="est"/>
                  <SP HEIGHT="65" WIDTH="16" VPOS="855" HPOS="709"/>
                  <String HEIGHT="65"
                          WIDTH="172"
                          VPOS="855"
                          HPOS="662"
                          CONTENT="damnari"/>
                  <SP HEIGHT="65" WIDTH="16" VPOS="855" HPOS="835"/>
                  <String HEIGHT="65"
                          WIDTH="141"
                          VPOS="855"
                          HPOS="772"
                          CONTENT="peccati"/>
               </TextLine>
               <TextLine ID="r1l22"
                         BASELINE="950"
                         HEIGHT="50"
                         WIDTH="151"
                         VPOS="900"
                         HPOS="305">
                  <String HEIGHT="50" WIDTH="82" VPOS="900" HPOS="291" CONTENT="To"/>
                  <SP HEIGHT="50" WIDTH="14" VPOS="900" HPOS="374"/>
                  <String HEIGHT="50"
                          WIDTH="137"
                          VPOS="900"
                          HPOS="319"
                          CONTENT="Auxntou."/>
               </TextLine>
               <TextLine ID="r1l24"
                         BASELINE="996"
                         HEIGHT="72"
                         WIDTH="603"
                         VPOS="924"
                         HPOS="309">
                  <String HEIGHT="72" WIDTH="79" VPOS="924" HPOS="293" CONTENT="⁋"/>
                  <SP HEIGHT="72" WIDTH="16" VPOS="924" HPOS="372"/>
                  <String HEIGHT="72"
                          WIDTH="143"
                          VPOS="924"
                          HPOS="325"
                          CONTENT="Alias"/>
                  <SP HEIGHT="72" WIDTH="16" VPOS="924" HPOS="468"/>
                  <String HEIGHT="72"
                          WIDTH="175"
                          VPOS="924"
                          HPOS="420"
                          CONTENT="nunquam"/>
                  <SP HEIGHT="72" WIDTH="16" VPOS="924" HPOS="595"/>
                  <String HEIGHT="72" WIDTH="111" VPOS="924" HPOS="547" CONTENT="non"/>
                  <SP HEIGHT="72" WIDTH="16" VPOS="924" HPOS="658"/>
                  <String HEIGHT="72"
                          WIDTH="143"
                          VPOS="924"
                          HPOS="611"
                          CONTENT="uocat"/>
                  <SP HEIGHT="72" WIDTH="16" VPOS="924" HPOS="753"/>
                  <String HEIGHT="72"
                          WIDTH="143"
                          VPOS="924"
                          HPOS="706"
                          CONTENT="canem"/>
                  <SP HEIGHT="72" WIDTH="16" VPOS="924" HPOS="849"/>
                  <String HEIGHT="72"
                          WIDTH="127"
                          VPOS="924"
                          HPOS="785"
                          CONTENT="quidod"/>
               </TextLine>
               <TextLine ID="r1l25"
                         BASELINE="1044"
                         HEIGHT="61"
                         WIDTH="612"
                         VPOS="983"
                         HPOS="295">
                  <String HEIGHT="61" WIDTH="90" VPOS="983" HPOS="280" CONTENT="in"/>
                  <SP HEIGHT="61" WIDTH="15" VPOS="983" HPOS="370"/>
                  <String HEIGHT="61"
                          WIDTH="149"
                          VPOS="983"
                          HPOS="325"
                          CONTENT="nobis,"/>
                  <SP HEIGHT="61" WIDTH="15" VPOS="983" HPOS="474"/>
                  <String HEIGHT="61"
                          WIDTH="209"
                          VPOS="983"
                          HPOS="429"
                          CONTENT="quantumuis"/>
                  <SP HEIGHT="61" WIDTH="15" VPOS="983" HPOS="638"/>
                  <String HEIGHT="61" WIDTH="90" VPOS="983" HPOS="594" CONTENT="in"/>
                  <SP HEIGHT="61" WIDTH="15" VPOS="983" HPOS="683"/>
                  <String HEIGHT="61"
                          WIDTH="164"
                          VPOS="983"
                          HPOS="638"
                          CONTENT="speciem"/>
                  <SP HEIGHT="61" WIDTH="15" VPOS="983" HPOS="803"/>
                  <String HEIGHT="61"
                          WIDTH="134"
                          VPOS="983"
                          HPOS="758"
                          CONTENT="bonum"/>
                  <SP HEIGHT="61" WIDTH="15" VPOS="983" HPOS="892"/>
                  <String HEIGHT="61"
                          WIDTH="75"
                          VPOS="983"
                          HPOS="832"
                          CONTENT="ui"
                          SUBS_TYPE="HypPart1"
                          SUBS_CONTENT="uideatur,"/>
                  <HYP CONTENT="-"/>
               </TextLine>
               <TextLine ID="line_1606525230982_771"
                         BASELINE="1072"
                         HEIGHT="45"
                         WIDTH="619"
                         VPOS="1027"
                         HPOS="286">
                  <String HEIGHT="45"
                          WIDTH="155"
                          VPOS="1027"
                          HPOS="272"
                          CONTENT="deatur,"
                          SUBS_TYPE="HypPart2"
                          SUBS_CONTENT="uideatur,"/>
                  <SP HEIGHT="45" WIDTH="14" VPOS="1027" HPOS="427"/>
                  <String HEIGHT="45"
                          WIDTH="127"
                          VPOS="1027"
                          HPOS="384"
                          CONTENT="citra"/>
                  <SP HEIGHT="45" WIDTH="14" VPOS="1027" HPOS="511"/>
                  <String HEIGHT="45"
                          WIDTH="169"
                          VPOS="1027"
                          HPOS="469"
                          CONTENT="spiritus"/>
                  <SP HEIGHT="45" WIDTH="14" VPOS="1027" HPOS="638"/>
                  <String HEIGHT="45"
                          WIDTH="141"
                          VPOS="1027"
                          HPOS="596"
                          CONTENT="sancti"/>
                  <SP HEIGHT="45" WIDTH="14" VPOS="1027" HPOS="736"/>
                  <String HEIGHT="45"
                          WIDTH="141"
                          VPOS="1027"
                          HPOS="694"
                          CONTENT="operam"/>
                  <SP HEIGHT="45" WIDTH="14" VPOS="1027" HPOS="835"/>
                  <String HEIGHT="45"
                          WIDTH="113"
                          VPOS="1027"
                          HPOS="792"
                          CONTENT="fit,"/>
                  <SP HEIGHT="45" WIDTH="14" VPOS="1027" HPOS="905"/>
                  <String HEIGHT="45" WIDTH="56" VPOS="1027" HPOS="849" CONTENT="ut"/>
               </TextLine>
               <TextLine ID="line_1606525230983_773"
                         BASELINE="1121"
                         HEIGHT="53"
                         WIDTH="627"
                         VPOS="1068"
                         HPOS="286">
                  <String HEIGHT="53"
                          WIDTH="182"
                          VPOS="1068"
                          HPOS="270"
                          CONTENT="adparet"/>
                  <SP HEIGHT="53" WIDTH="17" VPOS="1068" HPOS="451"/>
                  <String HEIGHT="53" WIDTH="99" VPOS="1068" HPOS="401" CONTENT="in"/>
                  <SP HEIGHT="53" WIDTH="17" VPOS="1068" HPOS="501"/>
                  <String HEIGHT="53"
                          WIDTH="132"
                          VPOS="1068"
                          HPOS="451"
                          CONTENT="cap."/>
                  <SP HEIGHT="53" WIDTH="17" VPOS="1068" HPOS="583"/>
                  <String HEIGHT="53"
                          WIDTH="165"
                          VPOS="1068"
                          HPOS="534"
                          CONTENT="octauo"/>
                  <SP HEIGHT="53" WIDTH="17" VPOS="1068" HPOS="699"/>
                  <String HEIGHT="53" WIDTH="99" VPOS="1068" HPOS="649" CONTENT="ad"/>
                  <SP HEIGHT="53" WIDTH="17" VPOS="1068" HPOS="748"/>
                  <String HEIGHT="53"
                          WIDTH="198"
                          VPOS="1068"
                          HPOS="699"
                          CONTENT="Romanos,"/>
                  <SP HEIGHT="53" WIDTH="17" VPOS="1068" HPOS="897"/>
                  <String HEIGHT="53" WIDTH="83" VPOS="1068" HPOS="831" CONTENT="cum"/>
               </TextLine>
            </TextBlock>
         </PrintSpace>
      </Page>
   </Layout>
</alto>
