<?xml version="1.0" encoding="UTF-8"?>
<alto xmlns:xsi="http://www.w3.org/2001/XMLSchema-instance"
      xmlns="http://www.loc.gov/standards/alto/ns-v2#"
      xmlns:page="http://schema.primaresearch.org/PAGE/gts/pagecontent/2013-07-15"
      xsi:schemaLocation="http://www.loc.gov/standards/alto/ns-v2# http://www.loc.gov/standards/alto/alto.xsd">
   <Description>
      <MeasurementUnit>pixel</MeasurementUnit>
      <OCRProcessing ID="IdOcr">
         <ocrProcessingStep>
            <processingDateTime>2020-12-02T20:02:01.853-05:00</processingDateTime>
            <processingSoftware>
               <softwareCreator>READ COOP</softwareCreator>
               <softwareName>Transkribus</softwareName>
            </processingSoftware>
         </ocrProcessingStep>
      </OCRProcessing>
   </Description>
   <Tags/>
   <Layout>
      <Page ID="Page1" PHYSICAL_IMG_NR="1" HEIGHT="1385" WIDTH="1000">
         <TopMargin HEIGHT="0" WIDTH="1000" VPOS="0" HPOS="0"/>
         <LeftMargin HEIGHT="1385" WIDTH="0" VPOS="0" HPOS="0"/>
         <RightMargin HEIGHT="1385" WIDTH="0" VPOS="0" HPOS="1000"/>
         <BottomMargin HEIGHT="0" WIDTH="1000" VPOS="1385" HPOS="0"/>
         <PrintSpace HEIGHT="1385" WIDTH="1000" VPOS="0" HPOS="0">
            <TextBlock ID="r1" HEIGHT="996" WIDTH="620" VPOS="134" HPOS="100">
               <Shape>
                  <Polygon POINTS="100,134 100,1130 720,1130 720,134"/>
               </Shape>
               <TextLine ID="r1l1"
                         BASELINE="166"
                         HEIGHT="56"
                         WIDTH="604"
                         VPOS="110"
                         HPOS="96">
                  <String HEIGHT="56"
                          WIDTH="197"
                          VPOS="110"
                          HPOS="82"
                          CONTENT="disputare,"/>
                  <SP HEIGHT="56" WIDTH="14" VPOS="110" HPOS="279"/>
                  <String HEIGHT="56"
                          WIDTH="155"
                          VPOS="110"
                          HPOS="236"
                          CONTENT="Perinde"/>
                  <SP HEIGHT="56" WIDTH="14" VPOS="110" HPOS="391"/>
                  <String HEIGHT="56"
                          WIDTH="126"
                          VPOS="110"
                          HPOS="349"
                          CONTENT="atque"/>
                  <SP HEIGHT="56" WIDTH="14" VPOS="110" HPOS="475"/>
                  <String HEIGHT="56" WIDTH="84" VPOS="110" HPOS="433" CONTENT="in"/>
                  <SP HEIGHT="56" WIDTH="14" VPOS="110" HPOS="517"/>
                  <String HEIGHT="56"
                          WIDTH="169"
                          VPOS="110"
                          HPOS="475"
                          CONTENT="Epistola"/>
                  <SP HEIGHT="56" WIDTH="14" VPOS="110" HPOS="644"/>
                  <String HEIGHT="56" WIDTH="84" VPOS="110" HPOS="602" CONTENT="ad"/>
                  <SP HEIGHT="56" WIDTH="14" VPOS="110" HPOS="686"/>
                  <String HEIGHT="56"
                          WIDTH="70"
                          VPOS="110"
                          HPOS="630"
                          CONTENT="Ca"
                          SUBS_TYPE="HypPart1"
                          SUBS_CONTENT="Calatas"/>
                  <HYP CONTENT="-"/>
               </TextLine>
               <TextLine ID="r1l2"
                         BASELINE="210"
                         HEIGHT="46"
                         WIDTH="606"
                         VPOS="164"
                         HPOS="99">
                  <String HEIGHT="46"
                          WIDTH="124"
                          VPOS="164"
                          HPOS="85"
                          CONTENT="latas"
                          SUBS_TYPE="HypPart2"
                          SUBS_CONTENT="Calatas"/>
                  <SP HEIGHT="46" WIDTH="14" VPOS="164" HPOS="209"/>
                  <String HEIGHT="46"
                          WIDTH="179"
                          VPOS="164"
                          HPOS="168"
                          CONTENT="recensuit"/>
                  <SP HEIGHT="46" WIDTH="14" VPOS="164" HPOS="347"/>
                  <String HEIGHT="46"
                          WIDTH="152"
                          VPOS="164"
                          HPOS="306"
                          CONTENT="fructus"/>
                  <SP HEIGHT="46" WIDTH="14" VPOS="164" HPOS="457"/>
                  <String HEIGHT="46"
                          WIDTH="124"
                          VPOS="164"
                          HPOS="416"
                          CONTENT="canis"/>
                  <SP HEIGHT="46" WIDTH="14" VPOS="164" HPOS="540"/>
                  <String HEIGHT="46"
                          WIDTH="193"
                          VPOS="164"
                          HPOS="498"
                          CONTENT="Apostolus,"/>
                  <SP HEIGHT="46" WIDTH="14" VPOS="164" HPOS="691"/>
                  <String HEIGHT="46" WIDTH="69" VPOS="164" HPOS="636" CONTENT="sed"/>
               </TextLine>
               <TextLine ID="r1l3"
                         BASELINE="258"
                         HEIGHT="47"
                         WIDTH="610"
                         VPOS="211"
                         HPOS="95">
                  <String HEIGHT="47" WIDTH="113" VPOS="211" HPOS="81" CONTENT="illa"/>
                  <SP HEIGHT="47" WIDTH="14" VPOS="211" HPOS="194"/>
                  <String HEIGHT="47" WIDTH="99" VPOS="211" HPOS="152" CONTENT="per"/>
                  <SP HEIGHT="47" WIDTH="14" VPOS="211" HPOS="251"/>
                  <String HEIGHT="47" WIDTH="85" VPOS="211" HPOS="208" CONTENT="se"/>
                  <SP HEIGHT="47" WIDTH="14" VPOS="211" HPOS="294"/>
                  <String HEIGHT="47"
                          WIDTH="156"
                          VPOS="211"
                          HPOS="251"
                          CONTENT="quisque"/>
                  <SP HEIGHT="47" WIDTH="14" VPOS="211" HPOS="407"/>
                  <String HEIGHT="47"
                          WIDTH="227"
                          VPOS="211"
                          HPOS="365"
                          CONTENT="deprehendet."/>
                  <SP HEIGHT="47" WIDTH="14" VPOS="211" HPOS="592"/>
                  <String HEIGHT="47"
                          WIDTH="170"
                          VPOS="211"
                          HPOS="535"
                          CONTENT="Christiano"/>
               </TextLine>
               <TextLine ID="r1l4"
                         BASELINE="297"
                         HEIGHT="55"
                         WIDTH="619"
                         VPOS="242"
                         HPOS="104">
                  <String HEIGHT="55"
                          WIDTH="127"
                          VPOS="242"
                          HPOS="90"
                          CONTENT="satis"/>
                  <SP HEIGHT="55" WIDTH="14" VPOS="242" HPOS="217"/>
                  <String HEIGHT="55" WIDTH="98" VPOS="242" HPOS="174" CONTENT="est"/>
                  <SP HEIGHT="55" WIDTH="14" VPOS="242" HPOS="273"/>
                  <String HEIGHT="55"
                          WIDTH="141"
                          VPOS="242"
                          HPOS="231"
                          CONTENT="scire,"/>
                  <SP HEIGHT="55" WIDTH="14" VPOS="242" HPOS="371"/>
                  <String HEIGHT="55"
                          WIDTH="127"
                          VPOS="242"
                          HPOS="329"
                          CONTENT="omnia"/>
                  <SP HEIGHT="55" WIDTH="14" VPOS="242" HPOS="456"/>
                  <String HEIGHT="55"
                          WIDTH="155"
                          VPOS="242"
                          HPOS="414"
                          CONTENT="naturae"/>
                  <SP HEIGHT="55" WIDTH="14" VPOS="242" HPOS="568"/>
                  <String HEIGHT="55"
                          WIDTH="141"
                          VPOS="242"
                          HPOS="526"
                          CONTENT="opera,"/>
                  <SP HEIGHT="55" WIDTH="14" VPOS="242" HPOS="667"/>
                  <String HEIGHT="55"
                          WIDTH="113"
                          VPOS="242"
                          HPOS="610"
                          CONTENT="omnese"/>
               </TextLine>
               <TextLine ID="r1l5"
                         BASELINE="341"
                         HEIGHT="55"
                         WIDTH="605"
                         VPOS="286"
                         HPOS="99">
                  <String HEIGHT="55"
                          WIDTH="168"
                          VPOS="286"
                          HPOS="82"
                          CONTENT="uirium"/>
                  <SP HEIGHT="55" WIDTH="17" VPOS="286" HPOS="250"/>
                  <String HEIGHT="55"
                          WIDTH="218"
                          VPOS="286"
                          HPOS="200"
                          CONTENT="humanarum"/>
                  <SP HEIGHT="55" WIDTH="17" VPOS="286" HPOS="418"/>
                  <String HEIGHT="55"
                          WIDTH="202"
                          VPOS="286"
                          HPOS="368"
                          CONTENT="adfectus"/>
                  <SP HEIGHT="55" WIDTH="17" VPOS="286" HPOS="570"/>
                  <String HEIGHT="55" WIDTH="84" VPOS="286" HPOS="519" CONTENT="&amp;"/>
                  <SP HEIGHT="55" WIDTH="17" VPOS="286" HPOS="603"/>
                  <String HEIGHT="55"
                          WIDTH="168"
                          VPOS="286"
                          HPOS="536"
                          CONTENT="connatus"/>
               </TextLine>
               <TextLine ID="r1l6"
                         BASELINE="385"
                         HEIGHT="56"
                         WIDTH="614"
                         VPOS="329"
                         HPOS="102">
                  <String HEIGHT="56" WIDTH="109" VPOS="329" HPOS="88" CONTENT="esse"/>
                  <SP HEIGHT="56" WIDTH="14" VPOS="329" HPOS="198"/>
                  <String HEIGHT="56"
                          WIDTH="164"
                          VPOS="329"
                          HPOS="157"
                          CONTENT="peccata."/>
                  <SP HEIGHT="56" WIDTH="14" VPOS="329" HPOS="320"/>
                  <String HEIGHT="56" WIDTH="96" VPOS="329" HPOS="279" CONTENT="Iam"/>
                  <SP HEIGHT="56" WIDTH="14" VPOS="329" HPOS="375"/>
                  <String HEIGHT="56"
                          WIDTH="109"
                          VPOS="329"
                          HPOS="334"
                          CONTENT="quis"/>
                  <SP HEIGHT="56" WIDTH="14" VPOS="329" HPOS="443"/>
                  <String HEIGHT="56"
                          WIDTH="164"
                          VPOS="329"
                          HPOS="402"
                          CONTENT="adfectus"/>
                  <SP HEIGHT="56" WIDTH="14" VPOS="329" HPOS="566"/>
                  <String HEIGHT="56"
                          WIDTH="123"
                          VPOS="329"
                          HPOS="525"
                          CONTENT="omnes"/>
                  <SP HEIGHT="56" WIDTH="14" VPOS="329" HPOS="648"/>
                  <String HEIGHT="56"
                          WIDTH="123"
                          VPOS="329"
                          HPOS="593"
                          CONTENT="queati."/>
               </TextLine>
               <TextLine ID="r1l7"
                         BASELINE="426"
                         HEIGHT="56"
                         WIDTH="615"
                         VPOS="370"
                         HPOS="105">
                  <String HEIGHT="56"
                          WIDTH="210"
                          VPOS="370"
                          HPOS="90"
                          CONTENT="recensere?"/>
                  <SP HEIGHT="56" WIDTH="15" VPOS="370" HPOS="300"/>
                  <String HEIGHT="56" WIDTH="90" VPOS="370" HPOS="255" CONTENT="si"/>
                  <SP HEIGHT="56" WIDTH="15" VPOS="370" HPOS="345"/>
                  <String HEIGHT="56"
                          WIDTH="150"
                          VPOS="370"
                          HPOS="300"
                          CONTENT="genera"/>
                  <SP HEIGHT="56" WIDTH="15" VPOS="370" HPOS="450"/>
                  <String HEIGHT="56"
                          WIDTH="180"
                          VPOS="370"
                          HPOS="405"
                          CONTENT="uiciorum"/>
                  <SP HEIGHT="56" WIDTH="15" VPOS="370" HPOS="585"/>
                  <String HEIGHT="56" WIDTH="90" VPOS="370" HPOS="540" CONTENT="ab"/>
                  <SP HEIGHT="56" WIDTH="15" VPOS="370" HPOS="630"/>
                  <String HEIGHT="56"
                          WIDTH="150"
                          VPOS="370"
                          HPOS="570"
                          CONTENT="adfecti"
                          SUBS_TYPE="HypPart1"
                          SUBS_CONTENT="adfectibus,"/>
                  <HYP CONTENT="-"/>
               </TextLine>
               <TextLine ID="r1l8"
                         BASELINE="462"
                         HEIGHT="49"
                         WIDTH="607"
                         VPOS="413"
                         HPOS="111">
                  <String HEIGHT="49"
                          WIDTH="113"
                          VPOS="413"
                          HPOS="97"
                          CONTENT="bus,"
                          SUBS_TYPE="HypPart2"
                          SUBS_CONTENT="adfectibus,"/>
                  <SP HEIGHT="49" WIDTH="14" VPOS="413" HPOS="210"/>
                  <String HEIGHT="49" WIDTH="85" VPOS="413" HPOS="167" CONTENT="id"/>
                  <SP HEIGHT="49" WIDTH="14" VPOS="413" HPOS="252"/>
                  <String HEIGHT="49"
                          WIDTH="113"
                          VPOS="413"
                          HPOS="210"
                          CONTENT="quod"/>
                  <SP HEIGHT="49" WIDTH="14" VPOS="413" HPOS="323"/>
                  <String HEIGHT="49"
                          WIDTH="127"
                          VPOS="413"
                          HPOS="280"
                          CONTENT="fieri"/>
                  <SP HEIGHT="49" WIDTH="14" VPOS="413" HPOS="407"/>
                  <String HEIGHT="49"
                          WIDTH="141"
                          VPOS="413"
                          HPOS="365"
                          CONTENT="debet,"/>
                  <SP HEIGHT="49" WIDTH="14" VPOS="413" HPOS="506"/>
                  <String HEIGHT="49"
                          WIDTH="212"
                          VPOS="413"
                          HPOS="464"
                          CONTENT="aestimemus."/>
                  <SP HEIGHT="49" WIDTH="14" VPOS="413" HPOS="676"/>
                  <String HEIGHT="49"
                          WIDTH="99"
                          VPOS="413"
                          HPOS="619"
                          CONTENT="Alio"
                          SUBS_TYPE="HypPart1"
                          SUBS_CONTENT="Alioqui"/>
                  <HYP CONTENT="-"/>
               </TextLine>
               <TextLine ID="r1l9"
                         BASELINE="511"
                         HEIGHT="56"
                         WIDTH="599"
                         VPOS="455"
                         HPOS="107">
                  <String HEIGHT="56"
                          WIDTH="113"
                          VPOS="455"
                          HPOS="91"
                          CONTENT="qui"
                          SUBS_TYPE="HypPart2"
                          SUBS_CONTENT="Alioqui"/>
                  <SP HEIGHT="56" WIDTH="16" VPOS="455" HPOS="204"/>
                  <String HEIGHT="56" WIDTH="113" VPOS="455" HPOS="156" CONTENT="qui"/>
                  <SP HEIGHT="56" WIDTH="16" VPOS="455" HPOS="269"/>
                  <String HEIGHT="56"
                          WIDTH="194"
                          VPOS="455"
                          HPOS="220"
                          CONTENT="uirtutum"/>
                  <SP HEIGHT="56" WIDTH="16" VPOS="455" HPOS="415"/>
                  <String HEIGHT="56" WIDTH="81" VPOS="455" HPOS="366" CONTENT="&amp;"/>
                  <SP HEIGHT="56" WIDTH="16" VPOS="455" HPOS="447"/>
                  <String HEIGHT="56"
                          WIDTH="194"
                          VPOS="455"
                          HPOS="398"
                          CONTENT="uiciorum"/>
                  <SP HEIGHT="56" WIDTH="16" VPOS="455" HPOS="593"/>
                  <String HEIGHT="56"
                          WIDTH="162"
                          VPOS="455"
                          HPOS="544"
                          CONTENT="formas"/>
                  <SP HEIGHT="56" WIDTH="16" VPOS="455" HPOS="706"/>
                  <String HEIGHT="56" WIDTH="65" VPOS="455" HPOS="641" CONTENT="ab"/>
               </TextLine>
               <TextLine ID="r1l10"
                         BASELINE="551"
                         HEIGHT="49"
                         WIDTH="606"
                         VPOS="502"
                         HPOS="104">
                  <String HEIGHT="49"
                          WIDTH="171"
                          VPOS="502"
                          HPOS="88"
                          CONTENT="externa"/>
                  <SP HEIGHT="49" WIDTH="16" VPOS="502" HPOS="259"/>
                  <String HEIGHT="49"
                          WIDTH="155"
                          VPOS="502"
                          HPOS="213"
                          CONTENT="specie"/>
                  <SP HEIGHT="49" WIDTH="16" VPOS="502" HPOS="368"/>
                  <String HEIGHT="49"
                          WIDTH="155"
                          VPOS="502"
                          HPOS="322"
                          CONTENT="operum"/>
                  <SP HEIGHT="49" WIDTH="16" VPOS="502" HPOS="477"/>
                  <String HEIGHT="49"
                          WIDTH="249"
                          VPOS="502"
                          HPOS="430"
                          CONTENT="aestimarunt,"/>
                  <SP HEIGHT="49" WIDTH="16" VPOS="502" HPOS="679"/>
                  <String HEIGHT="49"
                          WIDTH="93"
                          VPOS="502"
                          HPOS="617"
                          CONTENT="quo"
                          SUBS_TYPE="HypPart1"
                          SUBS_CONTENT="quoties"/>
                  <HYP CONTENT="-"/>
               </TextLine>
               <TextLine ID="r1l11"
                         BASELINE="595"
                         HEIGHT="55"
                         WIDTH="608"
                         VPOS="540"
                         HPOS="102">
                  <String HEIGHT="55"
                          WIDTH="106"
                          VPOS="540"
                          HPOS="89"
                          CONTENT="ties"
                          SUBS_TYPE="HypPart2"
                          SUBS_CONTENT="quoties"/>
                  <SP HEIGHT="55" WIDTH="13" VPOS="540" HPOS="195"/>
                  <String HEIGHT="55" WIDTH="93" VPOS="540" HPOS="155" CONTENT="pro"/>
                  <SP HEIGHT="55" WIDTH="13" VPOS="540" HPOS="247"/>
                  <String HEIGHT="55"
                          WIDTH="185"
                          VPOS="540"
                          HPOS="208"
                          CONTENT="uirtutibus"/>
                  <SP HEIGHT="55" WIDTH="13" VPOS="540" HPOS="393"/>
                  <String HEIGHT="55"
                          WIDTH="132"
                          VPOS="540"
                          HPOS="353"
                          CONTENT="uitia,"/>
                  <SP HEIGHT="55" WIDTH="13" VPOS="540" HPOS="485"/>
                  <String HEIGHT="55" WIDTH="93" VPOS="540" HPOS="446" CONTENT="pro"/>
                  <SP HEIGHT="55" WIDTH="13" VPOS="540" HPOS="538"/>
                  <String HEIGHT="55"
                          WIDTH="132"
                          VPOS="540"
                          HPOS="499"
                          CONTENT="uiciis"/>
                  <SP HEIGHT="55" WIDTH="13" VPOS="540" HPOS="631"/>
                  <String HEIGHT="55"
                          WIDTH="132"
                          VPOS="540"
                          HPOS="578"
                          CONTENT="uirtutes"/>
               </TextLine>
               <TextLine ID="r1l12"
                         BASELINE="634"
                         HEIGHT="54"
                         WIDTH="601"
                         VPOS="580"
                         HPOS="110">
                  <String HEIGHT="54"
                          WIDTH="234"
                          VPOS="580"
                          HPOS="93"
                          CONTENT="prodidere?"/>
                  <SP HEIGHT="54" WIDTH="17" VPOS="580" HPOS="327"/>
                  <String HEIGHT="54"
                          WIDTH="184"
                          VPOS="580"
                          HPOS="277"
                          CONTENT="Proinde"/>
                  <SP HEIGHT="54" WIDTH="17" VPOS="580" HPOS="461"/>
                  <String HEIGHT="54"
                          WIDTH="250"
                          VPOS="580"
                          HPOS="410"
                          CONTENT="relinquemus"/>
                  <SP HEIGHT="54" WIDTH="17" VPOS="580" HPOS="661"/>
                  <String HEIGHT="54"
                          WIDTH="117"
                          VPOS="580"
                          HPOS="594"
                          CONTENT="horum"/>
               </TextLine>
               <TextLine ID="r1l13"
                         BASELINE="681"
                         HEIGHT="63"
                         WIDTH="419"
                         VPOS="618"
                         HPOS="107">
                  <String HEIGHT="63"
                          WIDTH="162"
                          VPOS="618"
                          HPOS="93"
                          CONTENT="iudicium"/>
                  <SP HEIGHT="63" WIDTH="14" VPOS="618" HPOS="256"/>
                  <String HEIGHT="63" WIDTH="95" VPOS="618" HPOS="215" CONTENT="suo"/>
                  <SP HEIGHT="63" WIDTH="14" VPOS="618" HPOS="310"/>
                  <String HEIGHT="63"
                          WIDTH="162"
                          VPOS="618"
                          HPOS="269"
                          CONTENT="cuiusque"/>
                  <SP HEIGHT="63" WIDTH="14" VPOS="618" HPOS="431"/>
                  <String HEIGHT="63"
                          WIDTH="149"
                          VPOS="618"
                          HPOS="377"
                          CONTENT="spiritui."/>
               </TextLine>
               <TextLine ID="r1l14"
                         BASELINE="769"
                         HEIGHT="75"
                         WIDTH="294"
                         VPOS="694"
                         HPOS="254">
                  <String HEIGHT="75" WIDTH="160" VPOS="694" HPOS="227" CONTENT="D."/>
                  <SP HEIGHT="75" WIDTH="27" VPOS="694" HPOS="388"/>
                  <String HEIGHT="75" WIDTH="134" VPOS="694" HPOS="307" CONTENT="E"/>
                  <SP HEIGHT="75" WIDTH="27" VPOS="694" HPOS="441"/>
                  <String HEIGHT="75" WIDTH="134" VPOS="694" HPOS="361" CONTENT="E"/>
                  <SP HEIGHT="75" WIDTH="27" VPOS="694" HPOS="495"/>
                  <String HEIGHT="75" WIDTH="160" VPOS="694" HPOS="414" CONTENT="EO"/>
                  <SP HEIGHT="75" WIDTH="27" VPOS="694" HPOS="575"/>
                  <String HEIGHT="75" WIDTH="80" VPOS="694" HPOS="468" CONTENT="E"/>
               </TextLine>
               <TextLine ID="r1l15"
                         BASELINE="846"
                         HEIGHT="64"
                         WIDTH="618"
                         VPOS="782"
                         HPOS="103">
                  <String HEIGHT="64" WIDTH="75" VPOS="782" HPOS="88" CONTENT="â‹"/>
                  <SP HEIGHT="64" WIDTH="15" VPOS="782" HPOS="163"/>
                  <String HEIGHT="64"
                          WIDTH="136"
                          VPOS="782"
                          HPOS="118"
                          CONTENT="Eocus"/>
                  <SP HEIGHT="64" WIDTH="15" VPOS="782" HPOS="254"/>
                  <String HEIGHT="64" WIDTH="90" VPOS="782" HPOS="209" CONTENT="de"/>
                  <SP HEIGHT="64" WIDTH="15" VPOS="782" HPOS="299"/>
                  <String HEIGHT="64"
                          WIDTH="166"
                          VPOS="782"
                          HPOS="254"
                          CONTENT="legibus"/>
                  <SP HEIGHT="64" WIDTH="15" VPOS="782" HPOS="420"/>
                  <String HEIGHT="64" WIDTH="106" VPOS="782" HPOS="374" CONTENT="non"/>
                  <SP HEIGHT="64" WIDTH="15" VPOS="782" HPOS="480"/>
                  <String HEIGHT="64"
                          WIDTH="136"
                          VPOS="782"
                          HPOS="435"
                          CONTENT="paulo"/>
                  <SP HEIGHT="64" WIDTH="15" VPOS="782" HPOS="570"/>
                  <String HEIGHT="64"
                          WIDTH="166"
                          VPOS="782"
                          HPOS="525"
                          CONTENT="clarius"/>
                  <SP HEIGHT="64" WIDTH="15" VPOS="782" HPOS="691"/>
                  <String HEIGHT="64"
                          WIDTH="90"
                          VPOS="782"
                          HPOS="631"
                          CONTENT="ape"
                          SUBS_TYPE="HypPart1"
                          SUBS_CONTENT="aperiet"/>
                  <HYP CONTENT="-"/>
               </TextLine>
               <TextLine ID="r1l16"
                         BASELINE="880"
                         HEIGHT="40"
                         WIDTH="603"
                         VPOS="840"
                         HPOS="111">
                  <String HEIGHT="40"
                          WIDTH="112"
                          VPOS="840"
                          HPOS="97"
                          CONTENT="riet"
                          SUBS_TYPE="HypPart2"
                          SUBS_CONTENT="aperiet"/>
                  <SP HEIGHT="40" WIDTH="14" VPOS="840" HPOS="209"/>
                  <String HEIGHT="40" WIDTH="98" VPOS="840" HPOS="167" CONTENT="uim"/>
                  <SP HEIGHT="40" WIDTH="14" VPOS="840" HPOS="265"/>
                  <String HEIGHT="40"
                          WIDTH="210"
                          VPOS="840"
                          HPOS="223"
                          CONTENT="rationemque"/>
                  <SP HEIGHT="40" WIDTH="14" VPOS="840" HPOS="434"/>
                  <String HEIGHT="40"
                          WIDTH="168"
                          VPOS="840"
                          HPOS="391"
                          CONTENT="peccati,"/>
                  <SP HEIGHT="40" WIDTH="14" VPOS="840" HPOS="560"/>
                  <String HEIGHT="40"
                          WIDTH="168"
                          VPOS="840"
                          HPOS="518"
                          CONTENT="siquidem"/>
                  <SP HEIGHT="40" WIDTH="14" VPOS="840" HPOS="686"/>
                  <String HEIGHT="40"
                          WIDTH="84"
                          VPOS="840"
                          HPOS="630"
                          CONTENT="pec"
                          SUBS_TYPE="HypPart1"
                          SUBS_CONTENT="peccati"/>
                  <HYP CONTENT="-"/>
               </TextLine>
               <TextLine ID="r1l17"
                         BASELINE="923"
                         HEIGHT="50"
                         WIDTH="601"
                         VPOS="873"
                         HPOS="113">
                  <String HEIGHT="50"
                          WIDTH="105"
                          VPOS="873"
                          HPOS="100"
                          CONTENT="cati"
                          SUBS_TYPE="HypPart2"
                          SUBS_CONTENT="peccati"/>
                  <SP HEIGHT="50" WIDTH="13" VPOS="873" HPOS="204"/>
                  <String HEIGHT="50"
                          WIDTH="157"
                          VPOS="873"
                          HPOS="165"
                          CONTENT="cognitio"/>
                  <SP HEIGHT="50" WIDTH="13" VPOS="873" HPOS="322"/>
                  <String HEIGHT="50" WIDTH="91" VPOS="873" HPOS="283" CONTENT="lex"/>
                  <SP HEIGHT="50" WIDTH="13" VPOS="873" HPOS="374"/>
                  <String HEIGHT="50"
                          WIDTH="105"
                          VPOS="873"
                          HPOS="335"
                          CONTENT="esse"/>
                  <SP HEIGHT="50" WIDTH="13" VPOS="873" HPOS="440"/>
                  <String HEIGHT="50"
                          WIDTH="157"
                          VPOS="873"
                          HPOS="400"
                          CONTENT="dicitur."/>
                  <SP HEIGHT="50" WIDTH="13" VPOS="873" HPOS="557"/>
                  <String HEIGHT="50"
                          WIDTH="131"
                          VPOS="873"
                          HPOS="518"
                          CONTENT="Quare,"/>
                  <SP HEIGHT="50" WIDTH="13" VPOS="873" HPOS="649"/>
                  <String HEIGHT="50" WIDTH="78" VPOS="873" HPOS="609" CONTENT="si"/>
                  <SP HEIGHT="50" WIDTH="13" VPOS="873" HPOS="688"/>
                  <String HEIGHT="50" WIDTH="78" VPOS="873" HPOS="636" CONTENT="quid"/>
               </TextLine>
               <TextLine ID="r1l18"
                         BASELINE="962"
                         HEIGHT="44"
                         WIDTH="599"
                         VPOS="918"
                         HPOS="114">
                  <String HEIGHT="44"
                          WIDTH="169"
                          VPOS="918"
                          HPOS="101"
                          CONTENT="superiori"/>
                  <SP HEIGHT="44" WIDTH="13" VPOS="918" HPOS="270"/>
                  <String HEIGHT="44"
                          WIDTH="104"
                          VPOS="918"
                          HPOS="231"
                          CONTENT="loco"/>
                  <SP HEIGHT="44" WIDTH="13" VPOS="918" HPOS="335"/>
                  <String HEIGHT="44"
                          WIDTH="130"
                          VPOS="918"
                          HPOS="296"
                          CONTENT="deesse"/>
                  <SP HEIGHT="44" WIDTH="13" VPOS="918" HPOS="427"/>
                  <String HEIGHT="44"
                          WIDTH="182"
                          VPOS="918"
                          HPOS="387"
                          CONTENT="uidebitur,"/>
                  <SP HEIGHT="44" WIDTH="13" VPOS="918" HPOS="570"/>
                  <String HEIGHT="44"
                          WIDTH="143"
                          VPOS="918"
                          HPOS="531"
                          CONTENT="sarciet"/>
                  <SP HEIGHT="44" WIDTH="13" VPOS="918" HPOS="674"/>
                  <String HEIGHT="44"
                          WIDTH="104"
                          VPOS="918"
                          HPOS="635"
                          CONTENT="hic,"/>
                  <SP HEIGHT="44" WIDTH="13" VPOS="918" HPOS="739"/>
                  <String HEIGHT="44" WIDTH="26" VPOS="918" HPOS="687" CONTENT=""/>
               </TextLine>
               <TextLine ID="r1l19"
                         BASELINE="1003"
                         HEIGHT="47"
                         WIDTH="615"
                         VPOS="956"
                         HPOS="110">
                  <String HEIGHT="47" WIDTH="82" VPOS="956" HPOS="96" CONTENT="ni"/>
                  <SP HEIGHT="47" WIDTH="14" VPOS="956" HPOS="178"/>
                  <String HEIGHT="47"
                          WIDTH="150"
                          VPOS="956"
                          HPOS="137"
                          CONTENT="fallor,"/>
                  <SP HEIGHT="47" WIDTH="14" VPOS="956" HPOS="288"/>
                  <String HEIGHT="47" WIDTH="96" VPOS="956" HPOS="247" CONTENT="qui"/>
                  <SP HEIGHT="47" WIDTH="14" VPOS="956" HPOS="342"/>
                  <String HEIGHT="47"
                          WIDTH="178"
                          VPOS="956"
                          HPOS="301"
                          CONTENT="sequitur."/>
                  <SP HEIGHT="47" WIDTH="14" VPOS="956" HPOS="479"/>
                  <String HEIGHT="47"
                          WIDTH="164"
                          VPOS="956"
                          HPOS="438"
                          CONTENT="Quanquam"/>
                  <SP HEIGHT="47" WIDTH="14" VPOS="956" HPOS="602"/>
                  <String HEIGHT="47" WIDTH="96" VPOS="956" HPOS="561" CONTENT="non"/>
                  <SP HEIGHT="47" WIDTH="14" VPOS="956" HPOS="657"/>
                  <String HEIGHT="47" WIDTH="96" VPOS="956" HPOS="616" CONTENT="hoc"/>
                  <SP HEIGHT="47" WIDTH="14" VPOS="956" HPOS="711"/>
                  <String HEIGHT="47" WIDTH="68" VPOS="956" HPOS="657" CONTENT="agi"/>
               </TextLine>
               <TextLine ID="r1l20"
                         BASELINE="1044"
                         HEIGHT="51"
                         WIDTH="605"
                         VPOS="993"
                         HPOS="116">
                  <String HEIGHT="51" WIDTH="92" VPOS="993" HPOS="103" CONTENT="mus"/>
                  <SP HEIGHT="51" WIDTH="13" VPOS="993" HPOS="195"/>
                  <String HEIGHT="51" WIDTH="79" VPOS="993" HPOS="155" CONTENT="ut"/>
                  <SP HEIGHT="51" WIDTH="13" VPOS="993" HPOS="234"/>
                  <String HEIGHT="51"
                          WIDTH="132"
                          VPOS="993"
                          HPOS="195"
                          CONTENT="omnia,"/>
                  <SP HEIGHT="51" WIDTH="13" VPOS="993" HPOS="326"/>
                  <String HEIGHT="51"
                          WIDTH="105"
                          VPOS="993"
                          HPOS="287"
                          CONTENT="quae"/>
                  <SP HEIGHT="51" WIDTH="13" VPOS="993" HPOS="392"/>
                  <String HEIGHT="51" WIDTH="79" VPOS="993" HPOS="353" CONTENT="de"/>
                  <SP HEIGHT="51" WIDTH="13" VPOS="993" HPOS="432"/>
                  <String HEIGHT="51"
                          WIDTH="158"
                          VPOS="993"
                          HPOS="392"
                          CONTENT="singulis"/>
                  <SP HEIGHT="51" WIDTH="13" VPOS="993" HPOS="550"/>
                  <String HEIGHT="51"
                          WIDTH="158"
                          VPOS="993"
                          HPOS="511"
                          CONTENT="fortasse"/>
                  <SP HEIGHT="51" WIDTH="13" VPOS="993" HPOS="668"/>
                  <String HEIGHT="51"
                          WIDTH="105"
                          VPOS="993"
                          HPOS="616"
                          CONTENT="capiti"/>
               </TextLine>
               <TextLine ID="r1l21"
                         BASELINE="1084"
                         HEIGHT="42"
                         WIDTH="603"
                         VPOS="1042"
                         HPOS="122">
                  <String HEIGHT="42"
                          WIDTH="101"
                          VPOS="1042"
                          HPOS="108"
                          CONTENT="bus"/>
                  <SP HEIGHT="42" WIDTH="14" VPOS="1042" HPOS="208"/>
                  <String HEIGHT="42"
                          WIDTH="115"
                          VPOS="1042"
                          HPOS="165"
                          CONTENT="dici"/>
                  <SP HEIGHT="42" WIDTH="14" VPOS="1042" HPOS="280"/>
                  <String HEIGHT="42"
                          WIDTH="144"
                          VPOS="1042"
                          HPOS="237"
                          CONTENT="queant"/>
                  <SP HEIGHT="42" WIDTH="14" VPOS="1042" HPOS="380"/>
                  <String HEIGHT="42"
                          WIDTH="230"
                          VPOS="1042"
                          HPOS="337"
                          CONTENT="coaceruemus,"/>
                  <SP HEIGHT="42" WIDTH="14" VPOS="1042" HPOS="567"/>
                  <String HEIGHT="42"
                          WIDTH="101"
                          VPOS="1042"
                          HPOS="524"
                          CONTENT="sed"/>
                  <SP HEIGHT="42" WIDTH="14" VPOS="1042" HPOS="625"/>
                  <String HEIGHT="42"
                          WIDTH="158"
                          VPOS="1042"
                          HPOS="567"
                          CONTENT="nomencla"
                          SUBS_TYPE="HypPart1"
                          SUBS_CONTENT="nomenclaturam"/>
                  <HYP CONTENT="-"/>
               </TextLine>
               <TextLine ID="r1l22"
                         BASELINE="1130"
                         HEIGHT="51"
                         WIDTH="594"
                         VPOS="1079"
                         HPOS="120">
                  <String HEIGHT="51"
                          WIDTH="119"
                          VPOS="1079"
                          HPOS="107"
                          CONTENT="turam"
                          SUBS_TYPE="HypPart2"
                          SUBS_CONTENT="nomenclaturam"/>
                  <SP HEIGHT="51" WIDTH="13" VPOS="1079" HPOS="226"/>
                  <String HEIGHT="51"
                          WIDTH="132"
                          VPOS="1079"
                          HPOS="186"
                          CONTENT="tantum"/>
                  <SP HEIGHT="51" WIDTH="13" VPOS="1079" HPOS="318"/>
                  <String HEIGHT="51"
                          WIDTH="251"
                          VPOS="1079"
                          HPOS="278"
                          CONTENT="communissimorum"/>
                  <SP HEIGHT="51" WIDTH="13" VPOS="1079" HPOS="529"/>
                  <String HEIGHT="51"
                          WIDTH="145"
                          VPOS="1079"
                          HPOS="490"
                          CONTENT="locorum"/>
                  <SP HEIGHT="51" WIDTH="13" VPOS="1079" HPOS="635"/>
                  <String HEIGHT="51"
                          WIDTH="132"
                          VPOS="1079"
                          HPOS="582"
                          CONTENT="facimus."/>
               </TextLine>
            </TextBlock>
         </PrintSpace>
      </Page>
   </Layout>
</alto>
