1000 1385
100 104 157 59 Eegum
204 104 157 59 autem
309 104 140 59 quae
397 104 192 59 proprie
537 104 105 59 ad
572 104 157 59 hominem

105 149 182 63 pertinent,
248 149 104 63 haec
313 149 156 63 uidentur
431 149 104 63 esse
496 149 130 63 capita
587 149 104 63 quae
639 149 91 63 subie

95 207 132 43 cimus.

107 234 115 58 Deus
179 234 173 58 colendus
308 234 115 58 est.

108 268 126 61 Quia
187 268 188 61 nascimur
328 268 94 61 in
375 268 173 61 quandam
501 268 141 61 uitae
579 268 157 61 societa-

103 321 122 50 tem,
179 321 122 50 nemo
255 321 183 50 ledendus
392 321 122 50 est.

116 361 152 52 Poscit
222 361 152 52 humana
328 361 197 52 societas,
480 361 91 52 ut
526 361 167 52 omnibus
632 361 106 52 rebus

106 414 257 44 communiter
290 414 166 44 utamur.

106 443 82 56 â‹
138 443 164 56 Primam
253 443 147 56 legem
351 443 98 56 de
400 443 180 56 colendo
531 443 114 56 deo
580 443 147 56 accepi-

108 489 116 47 mus
175 489 99 47 ex
224 489 149 47 primo
323 489 132 47 cap.
406 489 99 47 ad
456 489 198 47 Romanos,
605 489 116 47 ubi
654 489 83 47 non

110 536 139 47 dubium
208 536 111 47 est,
277 536 111 47 quin
347 536 125 47 inter
431 536 181 47 naturales
570 536 139 47 leges,
667 536 98 47 eam

108 565 200 61 recenseat
261 565 215 61 Apostolus,
430 565 107 61 cum
491 565 169 61 inquit,
614 565 123 61 deum
676 565 61 61 de

111 611 197 51 clarasse
258 611 181 51 omnibus
390 611 214 51 hominibus
538 611 197 51 maiestatem

108 656 128 48 suam
188 656 225 48 conditione
365 656 80 48 &
397 656 305 48 administratione
638 656 96 48 uni-

113 691 203 56 uersitatis
272 691 145 56 mundi.
373 691 101 56 Sed
431 691 87 56 ut
474 691 145 56 possit
561 691 174 56 syllogismo

118 735 154 51 humano
225 735 169 51 colligi
348 735 123 51 esse
425 735 138 51 deum,
518 735 169 51 curiosi
625 735 108 51 magis

123 782 110 40 est
186 782 125 40 quam
264 782 110 40 pii
327 782 220 40 disputare,
500 782 157 40 maxime
610 782 110 40 cum
657 782 78 40 ra-

115 822 130 50 tioni
201 822 159 50 humanae
317 822 101 50 non
375 822 101 50 sit
433 822 145 50 tutum,
534 822 87 50 de
578 822 145 50 tantis
665 822 72 50 re-

116 856 107 70 bus
177 856 198 70 argutari,
329 856 91 70 ut
375 856 137 70 huius
466 856 198 70 compendii
603 856 137 70 princi-

115 902 131 67 pio
171 902 150 67 monui.

158 934 153 62 Secundam
273 934 115 62 lege,
350 934 89 62 qua
401 934 153 62 cauetur,
516 934 77 62 ne
554 934 102 62 quis
618 934 153 62 ledatur,

120 977 96 60 non
175 977 137 60 dubium
271 977 96 60 est
326 977 123 60 tolli
408 977 82 60 ex
449 977 233 60 necessitudine
627 977 123 60 communi

126 1037 95 41 qua
181 1037 122 41 omnes
262 1037 230 41 oibsdeuincti,
451 1037 203 41 copulatique
600 1037 149 41 nascimur,

116 1076 82 58 ut
157 1076 178 58 scriptura
295 1076 151 58 indicat
404 1076 96 58 cum
459 1076 123 58 inqt,
541 1076 96 58 Non
582 1076 165 58 conuenire,
