1000 1385
264 94 97 47 ut
312 94 130 47 homo
393 94 227 47 solitarius
572 94 162 47 degat,
685 94 113 47 sed
734 94 162 47 addendum

269 138 77 54 ci
308 138 102 54 esse
372 138 154 54 auxilium
487 138 128 54 uitae.
576 138 115 54 lubet
653 138 128 54 itaque
743 138 90 54 lex
794 138 77 54 ne
819 138 77 54 quis

261 177 168 56 ledatur,
387 177 98 56 hoc
443 177 112 56 est,
513 177 84 56 ut
555 177 168 56 certatim
681 177 126 56 inter
765 177 98 56 nos
807 177 84 56 ame-

264 226 106 52 mus
325 226 152 52 omnes,
431 226 91 52 ut
477 226 258 52 beneuolentiam
689 226 167 52 nostram
796 226 91 52 stu-

264 260 98 66 dio
320 260 70 66 &
348 260 154 66 officio
460 260 126 66 omnes
544 260 224 66 experiantur.
726 260 140 66 Itaque
810 260 84 66 haec

264 300 106 66 lex
324 300 242 66 complectitur
521 300 182 66 diuinas,
657 300 91 66 ne
703 300 121 66 quem
763 300 121 66 oecida

265 345 120 51 mus,
340 345 90 51 ne
385 345 180 51 rapiamus
520 345 150 51 aliena
625 345 75 51 &
640 345 150 51 similes.

265 392 73 54 â‹
295 392 87 54 Si
338 392 146 54 dicas,
440 392 102 54 cur
499 392 146 54 igitur
601 392 233 54 Magisrtatus,
775 392 117 54 sontes

262 427 228 51 occidunt?
438 427 245 51 Respondeo.
630 427 175 51 Quando
753 427 175 51 quidem

267 476 85 41 ea
309 476 99 41 est
366 476 127 41 rerum
450 476 183 41 humanarum
592 476 183 41 conditio,
733 476 85 41 ex
775 476 99 41 quo
817 476 85 41 pro-

264 515 157 47 lapsus
374 515 126 47 Adam
453 515 173 47 inussit
578 515 141 47 nobis
672 515 173 47 omnibus
782 515 110 47 notam

273 565 161 41 peccati,
393 565 81 41 ut
434 565 121 41 saepe
514 565 67 41 a
541 565 121 41 malis
622 565 107 41 boni
689 565 188 41 laedantur,
823 565 67 41 ad-

270 600 177 41 nitendum
403 600 118 41 esse
477 600 147 41 humano
580 600 147 41 generi
683 600 88 41 ut
727 600 103 41 lex
786 600 88 41 de
815 600 74 41 non

267 639 162 49 laedendo
389 639 81 49 in
430 639 162 49 plurimis
551 639 216 49 conseruetur,
727 639 149 49 ideoque
821 639 68 49 co-

265 687 200 43 hercendos,
422 687 228 43 refrenandos,
607 687 228 43 tollendosque
793 687 114 43 esse
850 687 43 43 e

263 731 154 41 medio,
370 731 108 41 qui
432 731 185 41 publicam
571 731 139 41 pacem
663 731 262 41 interturbant,

272 770 102 47 qui
331 770 203 47 innocentes
490 770 174 47 laedunt,
621 770 102 47 quo
679 770 145 47 plures
766 770 131 47 seruari

266 807 156 52 possint,
383 807 156 52 sublatis
500 807 91 52 iis
552 807 91 52 qui
604 807 182 52 laeserant.
747 807 117 52 Manet
812 807 78 52 lex,

268 851 142 48 neminem
371 851 129 48 laede.
462 851 77 48 At
500 851 77 48 si
539 851 129 48 laesus
629 851 155 48 quispiam
745 851 129 48 fuerit
823 851 64 48 iam

265 892 102 49 hoc
324 892 161 49 agendum
441 892 117 49 est,
514 892 88 49 ne
558 892 146 49 plures
660 892 205 49 laedantur,
806 892 88 49 tol-

269 931 179 58 lendusque
407 931 82 58 is
448 931 96 58 qui
503 931 151 58 laesit.
613 931 137 58 Pluris
709 931 96 58 est
750 931 151 58 uniuersam

264 972 241 59 multitudinem
460 972 166 59 seruare
580 972 120 59 quam
655 972 135 59 unum,
746 972 105 59 aut
791 972 105 59 alte-

266 1019 116 40 rum,
338 1019 116 40 ideo
410 1019 174 40 tollitur
541 1019 101 40 is,
598 1019 101 40 qui
656 1019 130 40 malum
729 1019 159 40 uniuersae

273 1062 230 57 multitudini
457 1062 107 57 uno
518 1062 107 57 aut
580 1062 154 57 altero
687 1062 184 57 fatinore
810 1062 92 57 mali
