1000 1385
258 90 191 64 ⁋Tertium
401 90 223 64 praeceptum
576 90 159 64 iubet,
687 90 95 64 ut
719 90 159 64 sabbatum

260 153 248 46 sanctificetur,
467 153 83 46 ut
508 153 152 46 uacemus
618 153 69 46 a
646 153 152 46 nostris
742 153 138 46 operibus

258 193 109 44 hoc
321 193 125 44 est,
399 193 93 44 ut
445 193 187 44 patiamur
585 193 93 44 ac
632 193 218 44 tolleremus
788 193 93 44 opus

259 233 115 43 dei,
331 233 274 43 mortificationem
562 233 159 43 nostri.
677 233 144 43 Primum
764 233 115 43 exigit

262 273 149 52 fidem,
367 273 179 52 Secundum
501 273 149 52 laudem
605 273 164 52 nominis
725 273 119 52 dei.
784 273 90 52 Ter-

262 312 126 53 tium,
346 312 225 53 tollerantiam
529 312 140 53 operum
627 312 98 53 dei
683 312 84 53 in
725 312 140 53 nobis.
810 312 70 53 Hoc

260 362 194 45 praeceptum
413 362 83 45 in
454 362 139 45 primis
551 362 166 45 uiolant,
676 362 97 45 qui
718 362 166 45 praedicant

265 395 124 52 opera
348 395 166 52 moralia,
472 395 69 52 &
500 395 138 52 liberi
596 395 166 52 arbitrii
720 395 110 52 uim.
776 395 110 52 Exigit

263 441 109 51 enim
332 441 137 51 liberi
428 441 164 51 arbitrii
551 441 274 51 mortificationem,
783 441 68 51 &
797 441 82 51 popu

255 484 104 50 lus
315 484 119 50 noui
389 484 224 50 testamenti,
569 484 104 50 cum
628 484 149 50 habeat
718 484 164 50 perpetuum

260 514 185 57 sabbatum,
402 514 85 57 is
445 514 99 57 est
501 514 128 57 cuius
587 514 114 57 caro
658 514 156 57 assiduo
757 514 128 57 mortifi

259 566 140 46 catur,
357 566 168 46 spiritus
483 566 224 46 uiuificatur.
666 566 210 46 Ignorantque
820 566 70 46 tum

260 610 162 41 sabbatum
381 610 94 41 tum
435 610 256 41 Christianismum,
651 610 108 41 isti
718 610 135 41 liberi
799 610 81 41 arbi

259 645 105 43 trii
325 645 197 43 adsertores,
482 645 66 43 &
509 645 145 43 inimici
614 645 131 43 crucis
706 645 158 43 Christi,
811 645 79 43 suis

260 687 81 48 se
301 687 177 48 operibus,
437 687 109 48 suis
505 687 177 48 conatibus
641 687 244 48 iustificantes.
831 687 54 48 Ex

258 730 148 54 emplum
362 730 118 54 eius
435 730 192 54 sequuntur
583 730 103 54 qui
642 730 89 54 in
686 730 162 54 sabbato
789 730 89 54 lig-

258 769 88 55 na
302 769 221 55 collegetat.
479 769 162 55 Numeri.
582 769 74 55 xv.

262 811 71 55 ⁋
290 811 127 55 Vides
375 811 142 55 itaque
474 811 113 55 tria
545 811 198 55 praecepta,
701 811 99 55 Deo
743 811 142 55 fidendum

263 850 139 59 esse,
355 850 201 59 Eaudandum
510 850 124 59 esse
587 850 139 59 deum,
680 850 77 59 &
695 850 201 59 tollerandum

261 907 120 36 eius
336 907 120 36 opus
411 907 90 36 in
456 907 150 36 nobis,
561 907 225 36 comprehendi
742 907 105 36 hac
787 907 90 36 sen-

258 934 165 56 tentia,
378 934 150 56 dilige
483 934 120 56 deum
558 934 90 56 ex
603 934 120 56 toto
678 934 135 56 corde
768 934 105 56 &c.
813 934 75 56 Nam

263 980 89 49 qui
314 980 89 49 sic
365 980 152 49 diligit,
479 980 76 49 is
517 980 102 49 haud
581 980 114 49 dubie
657 980 127 49 fidit,
745 980 127 49 timet,
822 980 63 49 lau

257 1023 109 48 dat,
325 1023 190 48 toleratque
475 1023 218 48 ardentissimo
652 1023 163 48 spititu.
774 1023 95 48 Non
815 1023 68 48 in-

244 1065 149 50 gitui
344 1065 199 50 exponere
493 1065 166 50 legem,
609 1065 99 50 id
659 1065 133 50 enim
742 1065 116 50 quo
792 1065 99 50 modo
