1000 1385
306 83 89 70 lis
357 83 179 70 prudentiae
498 83 140 70 diluere
600 83 153 70 conort?r
714 83 89 70 cum
765 83 115 70 fieri
829 83 115 70 nequeat

308 144 130 44 unquam
399 144 78 44 ut
438 144 130 44 probet
529 144 104 44 lege
594 144 143 44 diuinam
699 144 104 44 nisi
764 144 91 44 qui
803 144 130 44 spiritua

306 181 95 49 lis
361 181 108 49 est.
428 181 122 49 Quid,
509 181 95 49 cur
563 181 203 49 praeceperit
726 181 162 49 Christus
847 181 95 49 non
888 181 54 49 in

306 219 179 55 telliges,
444 219 82 55 ni
485 219 137 55 libeat
581 219 151 55 facere.
691 219 206 55 Imposuerunt
842 219 96 55 etiam

314 267 186 47 huiusmodi
457 267 172 47 carnales
586 267 172 47 argutiae
715 267 201 47 sophistis,
858 267 72 47 cum

311 302 120 52 parum
391 302 133 52 ciuile
484 302 173 52 uideretur
617 302 133 52 omnium
710 302 107 52 opes
777 302 93 52 ita
817 302 120 52 uulgari

314 350 79 43 ut
353 350 92 43 non
406 350 145 43 liceret
512 350 158 43 uidicare
631 350 106 43 suum
696 350 145 43 cuique.
789 350 145 43 Inhumanum

311 388 107 52 etiam
382 388 166 52 habebatur,
513 388 130 52 ignauis
608 388 130 52 fructui
703 388 95 52 esse
762 388 119 52 ocium,
845 388 71 52 si
869 388 59 52 ali

307 432 110 52 enis
376 432 124 52 opibs
459 432 110 52 frui
528 432 110 52 tuto
597 432 166 52 possent.
721 432 110 52 Hinc
790 432 69 52 e
804 432 124 52 praecep

307 474 89 50 tis
358 474 152 50 consilia
472 474 114 50 facta
548 474 114 50 sunt,
624 474 63 50 &
649 474 139 50 recepta
750 474 89 50 est
788 474 139 50 pestilen-

305 516 156 45 tissima
418 516 156 45 opinio,
532 516 99 45 non
589 516 128 45 posse
674 516 99 45 res
730 516 170 45 publicas
844 516 85 45 admi

303 553 164 51 nistrari
426 553 123 51 iuxta
508 553 205 51 Euangelium,
672 553 123 51 quasi
754 553 109 51 tale
808 553 123 51 aliquid

305 604 204 48 tradiderit
465 604 189 48 Christus,
611 604 116 48 quod
684 604 87 48 ad
727 604 175 48 pauculos
844 604 87 48 tan-

309 633 110 61 tum
372 633 204 61 monachos,
529 633 78 61 &
560 633 110 61 non
623 633 157 61 potius
732 633 94 61 ad
764 633 172 61 uniuersum

304 680 131 52 genus
392 680 160 52 humanum
508 680 204 52 pertineat.
668 680 116 52 Quid
741 680 116 52 enim
799 680 131 52 oportet

314 728 110 41 esse
383 728 178 41 communius
520 728 192 41 Euangelio,
671 728 110 41 quod
739 728 164 41 Christus
849 728 82 41 uni-

311 768 127 49 uersae
400 768 140 49 naturae
502 768 178 49 praedicari
642 768 140 49 iussit.
744 768 127 49 Diluit
833 768 115 49 autem
897 768 38 49 &

306 812 168 50 Augusti.
432 812 84 50 in
474 812 168 50 Epistola
600 812 84 50 ad
642 812 224 50 Marcellinum,
824 812 112 50 quae
880 812 56 50 in

308 852 145 46 ordine
410 852 247 46 Augustiniatum
613 852 189 46 Epistolax
759 852 145 46 quinta
846 852 87 46 est.

305 884 103 53 hoc
364 884 133 53 genus
453 884 177 53 carnales
585 884 192 53 calumnias
732 884 177 53 aduersus
850 884 74 53 le-

311 936 84 45 ge
353 936 98 45 qua
409 936 168 45 uindicta
535 936 210 45 prohibetur.
703 936 126 45 Porro
787 936 98 45 non
829 936 98 45 uetat

300 971 162 48 scelera
418 971 147 48 puniri
521 971 74 48 a
550 971 265 48 magistratibus,
771 971 118 48 Immo
845 971 88 48 hi
874 971 59 48 ge

304 1021 122 45 runt
380 1021 168 45 gladium
503 1021 92 45 ad
549 1021 199 45 terrendos
702 1021 153 45 malos,
809 1021 92 45 ut
839 1021 92 45 Apo-

301 1047 131 60 stolus
393 1047 92 60 Ro.
445 1047 118 60 xiii:
524 1047 131 60 dicit,
615 1047 92 60 sed
668 1047 118 60 uetat
747 1047 79 60 ne
786 1047 92 60 nos
825 1047 105 60 priua-

308 1097 114 52 tim,
379 1097 199 52 cupiditate
535 1097 199 52 uindictae,
691 1097 128 52 mutuo
762 1097 156 52 conficia
