1000 1385
304 120 73 72 ⁋
334 120 232 72 Ceremoniales
522 120 87 72 de
566 120 160 72 ritibus
682 120 261 72 sacrificiorum,
885 120 58 72 de

311 176 137 56 dierum
407 176 205 56 discrimine,
571 176 82 56 de
612 176 178 56 uestibus,
749 176 82 56 de
790 176 178 56 uictimis,

310 220 128 46 deque
395 220 99 46 hoc
452 220 128 46 genus
537 220 114 46 alis
608 220 142 46 pditae
708 220 128 46 sunt.
793 220 85 46 In
821 220 114 46 quibus

308 267 111 38 non
372 267 159 38 dubium
483 267 111 38 est
547 267 127 38 quin
627 267 127 38 sint
706 267 207 38 adumbrata
849 267 80 38 my-

310 304 145 44 steria
412 304 204 44 Euangelii,
572 304 87 44 ut
616 304 131 44 docet
703 304 175 44 Epistola
834 304 87 44 ad
863 304 73 44 He-

310 346 160 52 braeos,
427 346 116 52 Item
499 346 116 52 loci
572 346 160 52 aliquot
688 346 87 52 ad
732 346 218 52 Corinthios,
891 346 44 52 &

311 383 179 56 testantur
449 383 110 56 idem
518 383 207 56 prophetatum
684 383 152 56 literae
794 383 166 56 alicubi,

304 429 103 54 qui
363 429 118 54 fere
437 429 133 54 typos
526 429 133 54 legis
615 429 192 54 Qxαγαριαs
762 429 89 54 ad
792 429 133 54 euange-

309 476 125 41 lica
388 476 188 41 mysteria
529 476 266 41 accomodatunt.
748 476 157 41 Qualia
842 476 94 41 sunt

309 517 87 45 in
353 517 160 45 psalmis
469 517 189 45 pleraque.
615 517 160 45 Proinde
731 517 87 45 in
775 517 102 45 hoc
819 517 116 45 genere

313 562 211 44 requirendae
482 562 112 44 sunt
552 562 211 44 allegoriae,
720 562 98 44 sed
762 562 169 44 prudenter.

317 601 99 51 Nam
373 601 99 51 hic
430 601 169 51 plusquam
556 601 197 51 pueriliter
712 601 183 51 ineptiunt
838 601 99 51 etiam

310 639 132 44 magni
398 639 132 44 saepe
486 639 190 44 auctores.
632 639 102 44 Nec
691 639 220 44 allegoricam
852 639 73 44 in-

313 682 206 50 pretationem
478 682 178 50 admittunt
615 682 110 50 nisi
684 682 124 50 ritus
766 682 69 50 &
794 682 137 50 facta,
876 682 55 50 in

306 726 99 46 hoc
362 726 170 46 prodita,
490 726 85 46 ut
532 726 142 46 essent
632 726 127 46 signa
717 726 156 46 aliarum
816 726 113 46 rerum,

311 764 77 47 ut
350 764 181 47 sacrificia
492 764 207 47 pontificatus
660 764 155 47 Eeuitici
776 764 77 47 in
815 764 90 47 hoc
854 764 77 47 pro-

313 811 106 43 dita
379 811 119 43 sunt,
458 811 79 43 ut
498 811 132 43 essent
591 811 119 43 signa
670 811 185 43 sacerdocii
803 811 132 43 Christi.

311 846 89 51 Iam
362 846 203 51 infoeliciter
527 846 165 51 tractabit
654 846 191 51 allegorias,
807 846 102 51 nisi
870 846 89 51 qui

312 885 176 48 uniuersae
448 885 190 48 scripturae
597 885 217 48 peritissimus
773 885 108 48 est.
828 885 108 48 Facile

307 928 128 52 autem
392 928 184 52 iudicabit
534 928 184 52 spiritus,
676 928 113 52 immo
747 928 142 52 sensus
832 928 99 52 commu

301 968 112 47 nis,
371 968 168 47 quatenus
497 968 70 47 &
525 968 84 47 in
567 968 112 47 quam
638 968 140 47 partem
736 968 140 47 liceat
820 968 112 47 allego

301 1016 105 45 riis
367 1016 105 45 uti.
432 1016 92 45 Nec
485 1016 118 45 illae
563 1016 118 45 parum
642 1016 171 45 conducunt
773 1016 79 45 ad
800 1016 131 45 intelli-

301 1051 160 53 gendam
413 1051 112 53 uim
477 1051 112 53 tum
541 1051 144 53 legis
637 1051 112 53 tum
701 1051 208 53 Euangeli,
845 1051 80 53 mo-

301 1101 92 51 do
347 1101 185 51 apposite
485 1101 231 51 tractentur.
670 1101 92 51 ld
716 1101 123 51 quod
778 1101 154 51 ostendit
