1000 1385
294 126 194 69 testatibus
447 126 236 69 sublimioribus
641 126 153 69 subdita
752 126 97 69 sit
808 126 97 69 non
850 126 69 69 est

305 178 97 53 eni
361 178 166 53 potestas
485 178 111 53 nisi
555 178 69 53 a
582 178 111 53 deo.
652 178 111 53 Quae
721 178 111 53 uero
790 178 111 53 sunt
846 178 69 53 po-

302 220 164 47 testates,
428 220 63 47 a
454 220 88 47 deo
504 220 164 47 ordinatae
630 220 113 47 sunt.
706 220 126 47 ltaque
794 220 88 47 qui
832 220 88 47 resi-

297 262 91 52 tit
349 262 181 52 potestati,
491 262 91 52 dei
543 262 194 52 ondinationi
698 262 168 52 resistit.
827 262 91 52 Qui
866 262 52 52 au

297 307 91 42 tem
349 307 181 42 resistunt,
491 307 103 42 ipsi
556 307 103 42 sibi
620 307 194 42 damnationem
763 307 155 42 acquirunt.

298 348 101 43 Nam
355 348 188 43 principes
500 348 101 43 non
558 348 116 43 sunt
630 348 145 43 timori
732 348 116 43 boni
790 348 130 43 operis,

298 389 91 52 sed
350 389 117 52 mali.
428 389 91 52 Nam
479 389 207 52 magistratuum
648 389 65 52 &
674 389 117 52 legum
752 389 155 52 ciuilium
855 389 65 52 non

299 429 94 47 est
352 429 121 47 aliud
433 429 174 47 officium,
567 429 107 47 nisi
634 429 134 47 punire
727 429 67 47 &
754 429 134 47 arcere
835 429 80 47 iniu

301 466 115 46 rias.
378 466 77 46 In
416 466 90 46 hoc
468 466 179 46 sanciuntur
609 466 115 46 leges
685 466 77 46 de
724 466 115 46 rerum
788 466 128 46 diuisio-

299 512 97 49 ne,
355 512 83 49 de
396 512 209 49 contrahendi
563 512 153 49 formis,
675 512 83 49 de
716 512 139 49 poenis
800 512 111 49 malefi

301 554 140 57 ciorum.
403 554 89 57 Dei
454 554 102 57 enim
518 554 153 57 minister
632 554 89 57 est
683 554 204 57 magisrtatus,
836 554 89 57 ultor

302 596 79 40 ad
341 596 106 40 iram
408 596 79 40 ei
447 596 93 40 qui
500 596 198 40 deliquerit.
659 596 119 40 Porro
738 596 93 40 non
791 596 119 40 licet
857 596 66 40 ma-

298 635 81 58 ig
338 635 162 58 istratui
460 635 162 58 statuete
581 635 162 58 aduetsus
703 635 95 58 ius
757 635 162 58 diuinum,
865 635 68 58 nec

295 678 205 47 obtemperari
460 678 164 47 aduersus
583 678 96 47 ius
638 678 151 47 diuinum
747 678 137 47 debet.
829 678 96 47 iuxta

298 721 127 41 illud
382 721 85 41 in
425 721 127 41 actis
509 721 225 41 Apostolicis.
693 721 155 41 Oportet
805 721 99 41 deo
848 721 70 41 ma-

293 759 98 47 gis
349 759 154 47 obedire
461 759 112 47 quam
531 759 196 47 hominibus.
684 759 84 47 Et
726 759 84 47 ex
768 759 98 47 hac
810 759 112 47 sentem

310 800 95 54 tia
365 800 135 54 facile
459 800 190 54 aestimabit
608 800 149 54 prudens
717 800 149 54 lector,
812 800 108 54 quate-

299 840 105 60 nus
359 840 164 60 humanis
478 840 164 60 legibus
598 840 164 60 obnoxii
718 840 150 60 simus.
807 840 105 60 Dice-

299 879 116 58 imus
372 879 131 58 autem
459 879 131 58 infra
546 879 102 58 ubi
604 879 87 58 de
648 879 160 58 hominum
750 879 174 58 conditione

307 924 144 47 agetur,
412 924 158 47 fortasse
530 924 79 47 de
569 924 223 47 magistratibus
740 924 105 47 plura.

294 970 67 53 â‹
320 970 107 53 Quid
387 970 120 53 autem
467 970 80 53 de
507 970 200 53 pontificiis
667 970 173 53 legibuss?
787 970 133 53 quatenus

304 1015 185 46 pontifices
449 1015 158 46 statuunt
568 1015 79 46 de
607 1015 145 46 litibus
713 1015 66 46 &
739 1015 145 46 iudicis
832 1015 92 46 plane

300 1057 129 41 mundi
386 1057 187 41 principes
529 1057 144 41 agunt.
630 1057 158 41 alioqui
745 1057 115 41 quod
817 1057 86 41 ad
845 1057 72 41 li-

306 1092 97 64 tes
362 1092 69 64 &
389 1092 153 64 iudicia
500 1092 194 64 pertinebat
653 1092 69 64 &
681 1092 125 64 ipsos
750 1092 167 64 sacerdotes
