1000 1385
279 103 150 62 bufdam
384 103 165 62 uiuendi
504 103 195 62 generibus
653 103 150 62 addita
758 103 105 62 est
803 103 105 62 into-

292 158 167 49 lerabilis
420 158 154 49 sarcina,
536 158 192 49 Coelibatus,
689 158 154 49 actumque
805 158 77 49 de
830 158 77 49 coe-

283 202 147 51 libatu
386 202 118 51 est,
460 202 132 51 etiam
548 202 88 51 in
592 202 147 51 Nicena
695 202 162 51 synodo,
797 202 118 51 Quidau

284 241 89 48 tem
335 241 89 48 per
386 241 89 48 eam
437 241 191 48 traditionem
590 241 166 48 profectum
718 241 102 48 sit,
782 241 115 48 nihil
845 241 77 48 atti

292 282 95 53 net
347 282 163 53 referre,
469 282 136 53 quando
564 282 95 53 non
618 282 108 53 alio
686 282 163 53 consilio
794 282 122 53 uulgari

292 328 178 41 libidines
429 328 219 41 indulgentius
608 328 178 41 potuerte.
745 328 82 41 In
786 328 110 41 cap.
841 328 82 41 vii.

298 361 83 58 ad
340 361 152 58 Corint.
451 361 97 58 ubi
506 361 83 58 de
548 361 208 58 uirginitate
714 361 166 58 disserit
825 361 83 58 Pau-

294 411 107 40 lus,
360 411 120 40 nihil
440 411 120 40 audet
520 411 200 40 praecipere,
680 411 80 40 ne
720 411 147 40 laqueum
813 411 107 40 iniice

295 448 106 47 ret,
361 448 145 47 uultque
466 448 92 47 hoc
519 448 145 47 deligi,
625 448 92 47 per
677 448 106 47 quod
743 448 145 47 possint
836 448 79 47 ser-

300 496 105 42 uire
365 496 92 42 deo
418 496 131 42 absque
509 496 105 42 ulla
575 496 222 42 distractione,
758 496 65 42 &
784 496 157 42 assiduo,

298 533 205 54 tVγραγίαδραή
464 533 77 54 Qα
503 533 115 54 ugsue
580 533 77 54 om
618 533 141 54 &Tφρααί
720 533 115 54 αSαφ.
797 533 90 54 sic
835 533 77 54 enim

295 573 131 48 inqut
382 573 203 48 Apostolus,
541 573 87 48 at
585 573 102 48 qui
643 573 131 48 minus
730 573 174 48 adsidui,
846 573 73 48 seu

298 616 201 54 ὑὑγρααδρoi
456 616 129 54 sunt,
542 616 101 54 qui
600 616 216 54 uehementius
772 616 72 54 a
801 616 101 54 deo
844 616 72 54 di-

296 661 197 45 uelluntur,
451 661 127 45 quam,
535 661 113 45 quos
605 661 127 45 urunt
690 661 155 45 fiammae
788 661 127 45 canmis.

301 701 109 51 Haec
370 701 205 51 prospiciens
533 701 136 51 Paulus
629 701 95 51 non
683 701 177 51 praecipit
806 701 109 51 coeli-

299 743 152 45 batum,
405 743 121 45 immo
481 743 76 45 &
511 743 91 45 ad
556 743 197 45 Timotheum
708 743 197 45 scribens,
844 743 76 45 do-

300 780 167 45 ctrinam
421 780 228 45 daemoniorum
603 780 137 45 uocat
694 780 228 45 traditionem
861 780 61 45 de

299 828 195 43 coelibatu.
452 828 125 43 Vicit
536 828 139 43 Satan,
633 828 70 43 &
661 828 153 43 recepta
772 828 97 43 lex
828 828 111 43 est,
883 828 42 43 &

299 859 173 64 uulgata
425 859 94 64 in
472 859 110 64 tot
535 859 173 64 hominum
661 859 157 64 millia
772 859 142 64 magna
850 859 79 64 cum

300 912 165 47 pernicie
424 912 96 47 rei
465 912 193 47 Christianae.

305 942 86 63 ⁋I
348 942 100 63 Iam
405 942 72 63 &
433 942 215 63 Eucharistia
605 942 172 63 ablegata
734 942 100 63 est
791 942 86 63 ad
820 942 100 63 pecu-

300 996 141 45 liare
394 996 173 45 quoddam
520 996 141 45 genus
614 996 188 45 hominum,
755 996 94 45 ad
787 996 141 45 sacerdo

299 1038 127 47 tes,
378 1038 79 47 &
410 1038 111 47 qui
473 1038 190 47 communis
616 1038 127 47 esse
695 1038 174 47 uolebat
805 1038 127 47 omnium

301 1076 155 60 piorum
409 1076 202 60 Christus,
564 1076 109 60 iam
626 1076 155 60 asolis
719 1076 217 60 sacerdotibus
