1000 1385
317 89 105 55 ris,
382 89 105 55 quam
448 89 170 55 suauiter,
578 89 105 55 quam
644 89 131 55 blande
735 89 144 55 erudiat
840 89 118 55 pios,

317 137 83 45 ut
359 137 124 45 nihil
441 137 124 45 aliud
524 137 124 45 agat,
607 137 124 45 quam,
690 137 83 45 ut
731 137 179 45 saluemur.
855 137 83 45 Tota

319 179 162 47 scriptura
443 179 112 47 alias
518 179 87 47 lex
568 179 100 47 est,
631 179 112 47 alias
705 179 187 47 Euangelium,
843 179 87 47 Ribri

328 224 112 44 Mosi
398 224 126 44 alias
482 224 112 44 lege
551 224 167 44 tradunt,
677 224 126 44 alias
747 224 181 44 Euangelium,

326 265 135 40 deoque
420 265 189 40 Euangelium
568 265 121 40 intra
649 265 121 40 ipsam
730 265 121 40 etiam
811 265 108 40 lege
865 265 54 40 ab

322 297 113 47 ditum
398 297 101 47 est.
461 297 101 47 Quid
524 297 101 47 enim
586 297 113 47 magis
662 297 189 47 Euangelicum
800 297 126 47 reperias

316 339 102 47 quam
380 339 166 47 promissio
508 339 102 47 illa
572 339 102 47 est,
635 339 102 47 quam
699 339 153 47 spiritus
814 339 102 47 dei,
865 339 64 47 pro

313 386 172 46 &coAαγίδ
442 386 129 46 primi
528 386 187 46 praecepti
672 386 187 46 subiecit.
801 386 129 46 Faciens

315 431 229 48 misericordiam
503 431 81 48 in
544 431 135 48 millia
638 431 94 48 his
692 431 94 48 qui
746 431 162 48 diligunt
854 431 67 48 me,

316 466 71 45 &
344 466 200 45 custodiunt
501 466 185 45 praecepta
644 466 114 45 mea.
715 466 86 45 Et
758 466 114 45 uide
829 466 86 45 ex
858 466 71 45 le-

315 510 195 50 gislatore
465 510 135 50 Mose,
555 510 165 50 quomodo
675 510 240 50 Euangelista,
855 510 75 50 hoc

316 547 103 57 est,
381 547 142 57 gratiae
484 547 65 57 &
510 547 220 57 misericordiae
691 547 129 57 praeco
781 547 129 57 subito
858 547 65 57 fa-

314 588 110 50 ctus
383 588 110 50 sit?
452 588 96 50 cum
507 588 138 50 inquit
603 588 83 50 in
645 588 124 50 Exodo
727 588 110 50 cap.
782 588 138 50 xxxiiii:

313 627 197 60 Dominator
465 627 152 60 domine
571 627 137 60 deus,
662 627 197 60 miserator
814 627 76 60 &
829 627 91 60 cle-

298 680 69 45 o
326 680 125 45 mens,
409 680 153 45 patiens
520 680 69 45 &
548 680 139 45 multae
645 680 236 45 miserationis,
839 680 83 45 ac
867 680 69 45 ue-

318 719 105 40 rax,
384 719 92 40 qui
436 719 158 40 custodis
554 719 223 40 misericondiam
738 719 79 40 in
777 719 144 40 millia,
869 719 66 40 qui

313 751 124 50 aufers
399 751 186 50 inquitatem,
548 751 74 50 et
586 751 149 50 scelera,
697 751 112 50 atque
772 751 149 50 peccata,
871 751 62 50 nul

313 797 137 49 lusque
409 797 110 49 apud
478 797 82 49 te
519 797 96 49 per
574 797 82 49 se
615 797 164 49 innocens
738 797 110 49 est.
807 797 82 49 Da
848 797 82 49 in
875 797 55 49 om

314 841 123 42 nibus
396 841 109 42 noui
465 841 192 42 testamenti
615 841 164 42 literis,
738 841 123 42 magis
807 841 123 42 Euange-

315 882 120 48 licam
395 882 187 48 contionem.
542 882 80 48 Et
582 882 80 48 ad
622 882 107 48 hunc
689 882 120 48 modum
769 882 120 48 alias
836 882 80 48 lege

311 918 124 52 alias
394 918 193 52 Euangelium
546 918 152 52 Mosaici
657 918 124 52 libri
740 918 152 52 docent.
836 918 97 52 Nihil

310 963 92 49 iam
362 963 79 49 de
402 963 144 49 figuris
507 963 144 49 loquor,
611 963 92 49 sed
664 963 79 49 de
703 963 105 49 iis,
769 963 105 49 quae
834 963 118 49 palam

308 1008 127 43 litera
397 1008 102 43 prae
461 1008 76 43 se
499 1008 114 43 fert.
575 1008 89 43 Nam
626 1008 102 43 illa
689 1008 178 43 potissimum
816 1008 114 43 spectam

319 1048 72 56 da
355 1048 108 56 sunt.
427 1048 157 56 Historiae
548 1048 132 56 sacrae,
644 1048 108 56 alias
716 1048 120 56 legum,
801 1048 108 56 alias
861 1048 72 56 euam
