1000 1385
117 104 193 56 faciendae
265 104 133 56 legis
354 104 119 56 uim,
429 104 119 56 unde
503 104 163 56 peccati
607 104 133 56 gratiam

118 146 165 62 petas,
233 146 181 62 quomodo
364 146 247 62 labascentem
562 146 165 62 animum
661 146 82 62 ad-

114 192 195 47 uersus
251 192 234 47 demonem,
427 192 195 47 camem,
563 192 98 47 &
583 192 156 47 mundum

113 236 178 52 erigas,
242 236 178 52 quomodo
372 236 211 52 adflictam
518 236 227 52 conscientiam

115 269 198 55 consoleris.
273 269 158 55 Scilicet
391 269 105 55 ista
457 269 132 55 docent
550 269 198 55 scholastici
694 269 40 55 e

114 314 148 51 Paulus
218 314 89 51 in
262 314 178 51 Epistola
395 314 118 51 quam
470 314 163 51 Romanis
588 314 178 51 dicauit,

118 351 117 54 cum
185 351 217 54 doctrinae
352 351 251 54 Christianae
536 351 201 54 Compendium

109 391 234 54 conscriberet,
302 391 96 54 num
357 391 83 54 de
398 391 179 54 mysteriis
536 391 206 54 trinitatis,
687 391 55 54 de

115 439 121 47 modo
190 439 271 47 incarnationis,
416 439 90 47 de
462 439 196 47 creatione
597 439 136 47 actiua,

114 483 77 48 &
144 483 201 48 creatione
299 483 170 48 passiua
423 483 310 48 philosophabatur?
671 483 62 48 At

115 519 110 51 quid
184 519 124 51 agit?
267 519 124 51 certe
350 519 83 51 de
391 519 124 51 lege,
474 519 166 51 peccato,
598 519 152 51 gratia,
695 519 41 51 e

120 563 141 53 quibus
218 563 127 53 locis
303 563 127 53 solis
387 563 155 53 Christi
500 563 169 53 cognitio
612 563 127 53 pendet.

116 603 148 55 Quoties
223 603 135 55 Paulus
318 603 135 55 optare
412 603 81 55 se
452 603 162 55 testatur
573 603 162 55 fidelib.
681 603 54 55 lo

110 641 187 52 cupletem
251 641 171 52 Christi
375 641 249 52 cognitionem,
563 641 171 52 Praeuide-

116 688 96 51 bat
171 688 109 51 enim
239 688 123 51 fore,
321 688 82 51 ut
362 688 164 51 relictis
485 688 205 51 salutaribus
636 688 109 51 locis,

115 724 144 46 animos
215 724 245 46 conuerteremus
417 724 86 46 ad
460 724 173 46 frigidas
590 724 72 46 &
604 724 130 46 alienas

112 766 70 51 a
140 766 154 51 Christo
252 766 252 51 disputationes.
462 766 140 51 Itaque
560 766 98 51 nos
616 766 154 51 aliquam

121 806 217 55 delineabimus
298 806 122 55 eorum
379 806 149 55 locorum
488 806 163 55 rationem
610 806 95 55 qui
651 806 95 55 Chri-

114 839 117 55 stum
188 839 117 55 tibi
261 839 220 55 commendent,
437 839 103 55 qui
496 839 235 55 conscientiam
672 839 73 55 con

115 886 162 47 firment,
237 886 95 47 qui
291 886 135 47 animum
386 886 162 47 aduersus
508 886 149 47 Satanam
603 886 135 47 erigunt.

116 937 153 42 Plerique
231 937 115 42 locos
308 937 153 42 uittutum
423 937 64 42 &
449 937 128 42 uiciog
538 937 102 42 trum
602 937 77 42 in
628 937 102 42 scrip-

117 974 121 49 turis
197 974 188 49 requitunt,
344 974 94 49 sed
398 974 80 49 ea
438 974 188 49 obseruatio
572 974 161 49 philosophi

116 1012 85 60 ca
158 1012 127 60 magis
243 1012 113 60 est,
314 1012 113 60 quam
385 1012 212 60 Christiana.
554 1012 113 60 Quod
625 1012 99 60 cur
667 1012 71 60 ita

105 1056 150 62 dicam,
210 1056 135 62 paulo
300 1056 120 62 post
360 1056 195 62 intelliges.
