1000 1385
291 86 177 74 pE
379 86 325 74 HoMTNIS
586 86 266 74 VIRIEVS

393 149 147 50 adeoque
500 149 80 50 de
540 149 134 50 libero
620 149 147 50 arbitrio.

256 190 89 46 â‹i
301 190 193 46 Scripsere
449 190 89 46 de
494 190 149 46 libero
598 190 178 46 arbitrio
717 190 178 46 Augustinus

265 231 72 46 &
293 231 202 46 Dernardus,
452 231 72 46 &
481 231 115 46 ille
553 231 144 46 quidem
654 231 101 46 sua
697 231 187 46 posteriori-

273 267 100 50 bus
330 267 143 50 libris
430 267 114 50 quos
502 267 172 50 aduersus
630 267 200 50 Pelagianos
774 267 114 50 edidit

273 310 233 56 multipliciter
465 310 219 56 retractauit.
643 310 178 56 Sernardus
780 310 96 56 non
821 310 69 56 est

275 354 150 48 similis
384 354 109 48 sui,
453 354 109 48 Sunt
521 354 95 48 hac
575 354 82 48 de
616 354 82 48 re
657 354 123 48 etiam
739 354 109 48 apud
794 354 95 48 grae-

273 394 98 51 cos
329 394 154 51 quaedam
441 394 98 51 sed
497 394 168 51 sparsim.
624 394 112 51 Ego,
694 394 140 51 quando
778 394 112 51 quidem

269 439 110 54 non
332 439 157 54 sequar
442 439 173 54 hominum
568 439 220 54 opiniones,
741 439 79 54 &
757 439 141 54 simpli-

269 481 186 51 cissime,
409 481 78 51 &
440 481 218 51 planissime
611 481 109 51 rem
673 481 186 51 exponam,
798 481 93 51 quam

270 523 121 43 fere
346 523 227 43 obscuratunt
527 523 166 43 autores
648 523 106 43 tum
709 523 166 43 ueteres
814 523 76 43 tum

266 563 124 50 noui,
349 563 110 50 quia
418 563 96 50 sic
473 563 275 50 interpretabantur
707 563 207 50 scripturas,

263 604 94 42 ut
310 604 141 42 simul
404 604 172 42 uellent
529 604 141 42 tamen
623 604 188 42 rationis
748 604 141 42 humanae

267 637 145 62 iuditio
372 637 198 62 satisfieti.
530 637 119 62 Parum
609 637 132 62 ciuile
702 637 171 62 uidebatur
820 637 66 62 do-

265 684 134 50 cere,
354 684 208 50 necessario
518 684 163 50 peccare
636 684 178 50 hominem,
755 684 134 50 crudele

271 725 210 45 uidebatur,
436 725 210 45 reprehendi
601 725 225 45 uoluntatem,
781 725 90 45 si
811 725 75 45 non

262 770 133 53 posset
355 770 80 53 se
394 770 66 53 a
421 770 119 53 uicio
500 770 80 53 ad
540 770 159 53 uirtutem
660 770 199 53 conuertere.
805 770 80 53 ldeo

263 813 75 50 &
293 813 135 50 plura
383 813 166 50 uiribus
504 813 181 50 humanis,
639 813 120 50 quam
714 813 105 50 par
775 813 135 50 erat,

258 853 183 38 tribuere,
398 853 70 38 &
427 853 112 38 mite
497 853 183 38 uariarunt
637 853 98 38 cum
693 853 169 38 rationis
806 853 70 38 iu-

264 892 119 50 ditio
343 892 158 50 uiderent
462 892 132 50 ubique
554 892 172 50 refragari
686 892 198 50 scripturas.
831 892 53 50 Et

260 936 91 51 in
305 936 106 51 hoc
366 936 151 51 quidem
472 936 136 51 loco,
562 936 106 51 cum
623 936 166 51 prorsus
729 936 151 51 Christia

253 983 94 35 na
300 983 188 35 doctrina
442 983 78 35 a
473 983 251 35 philosophia,
677 983 78 35 &
708 983 157 35 humana
803 983 78 35 ra-

256 1018 125 55 tione
339 1018 208 55 dissentiat,
505 1018 125 55 tamen
588 1018 138 55 sensim
685 1018 166 55 irrepsit
796 1018 83 55 phi-

252 1056 175 61 losophia
384 1056 88 61 in
428 1056 277 61 Christianismum,
661 1056 73 61 &
690 1056 175 61 receptum
807 1056 73 61 est
