1000 1386
270 84 190 72 Epistolas
417 84 132 72 Pauli
505 84 117 72 ons,
578 84 88 72 in
622 84 146 72 quibus
724 84 117 72 fere
783 84 117 72 primum

274 150 83 54 de
316 150 152 54 ratione
426 150 179 54 Euangelii
564 150 179 54 disserit,
702 150 138 54 postea
785 150 110 54 parae-

273 185 119 66 neses
339 185 185 66 praescribit.

391 213 164 66 DE
473 213 164 66 VI
527 213 219 66 EEoIS.

270 261 204 68 Euangelium
431 261 102 68 non
489 261 117 68 esse
562 261 131 68 lege,
649 261 102 68 sed
693 261 204 68 promissionem

266 310 158 58 gratiae
381 310 173 58 diximus,
510 310 115 58 nunc
582 310 187 58 superest,
726 310 86 58 ut
769 310 115 58 quae
827 310 72 58 le-

266 361 111 52 gis,
335 361 111 52 quae
405 361 180 52 Euangelii
543 361 97 52 uis
599 361 111 52 sit,
668 361 166 52 utcunque
779 361 111 52 docea-

265 395 121 51 mus.
340 395 106 51 Nam
401 395 121 51 hinc
477 395 136 51 legis
567 395 76 51 &
598 395 197 51 Euangelii
734 395 166 51 discrimen

272 441 143 52 aliqua
372 441 86 52 ex
415 441 129 52 parte
500 441 171 52 cognosci
629 441 171 52 poterit.
757 441 86 52 Ac
786 441 114 52 princi

272 476 93 60 pio
325 476 133 60 quidem
418 476 80 60 de
458 476 80 60 ui
498 476 120 60 legis
578 476 133 60 uariat
671 476 187 60 scriptura,
818 476 80 60 ab
845 476 53 60 hu

265 528 114 43 mana
336 528 171 43 ratione,
465 528 186 43 Scriptura
607 528 114 43 lege
679 528 129 43 uocat
750 528 143 43 uirtutem

268 563 118 58 irae,
346 563 157 58 peccati,
464 563 157 58 sceptrum
581 563 183 58 exactoris,
725 563 144 58 fulmen,
817 563 78 58 toni

261 607 124 46 tru.
338 607 139 46 Ratio
431 607 170 46 humana,
555 607 248 46 emendationem
740 607 155 46 uiciorum

267 646 73 45 &
296 646 189 45 doctrinam
441 646 174 45 uiuendi.
571 646 102 45 Sic
629 646 116 45 enim
702 646 131 45 uocat
774 646 116 45 Cicero

271 692 81 49 de
311 692 162 49 legibus.
432 692 81 49 Et
473 692 121 49 nihil
553 692 121 49 uulgo
634 692 162 49 laudibus
755 692 121 49 legum
823 692 67 49 ce-

262 733 163 48 lebratius
388 733 100 48 est,
450 733 75 48 ut
488 733 113 48 carni
563 733 125 48 uideri
650 733 125 48 possit
738 733 113 48 etiam
800 733 88 48 insa-

264 778 108 45 nire
332 778 149 45 Paulus,
440 778 95 45 cum
495 778 162 45 uirtutem
616 778 149 45 peccati
725 778 108 45 lege
779 778 108 45 uocat.

260 817 96 55 Sic
315 817 138 55 Iudaei
412 817 138 55 lohan.
508 817 96 55 ix.
563 817 96 55 cum
618 817 83 55 se
659 817 124 55 Moses
728 817 165 55 discipulos

262 857 224 53 profitentur,
444 857 182 53 agnoscere
584 857 168 53 Christum
710 857 154 53 nolunt.
808 857 84 53 Pro-

260 900 117 50 inde
334 900 88 50 ut
378 900 88 50 de
422 900 88 50 ui
466 900 132 50 legis
554 900 147 50 exacte
656 900 220 50 disputemus,
818 900 73 50 duo

266 939 163 51 hominum
385 939 149 51 genera
489 939 134 51 inter
578 939 89 51 se
608 939 193 51 conferamus.

280 979 99 57 lEx
336 979 127 57 primo
421 979 141 57 genere
520 979 113 57 sunt
590 979 99 57 qui
646 979 127 57 legem
717 979 169 57 carnaliter

267 1026 213 45 intelligunt,
439 1026 93 45 nec
493 1026 159 45 sentiunt
612 1026 146 45 exigere
705 1026 186 45 impossibilia

262 1065 127 54 caeci,
351 1065 89 54 qui
402 1065 89 54 nec
453 1065 165 54 peccatum,
580 1065 89 54 nec
631 1065 114 54 lege,
707 1065 89 54 nec
745 1065 140 54 iustitiam
