1000 1385
289 112 111 55 agit
359 112 111 55 lex,
428 112 97 55 sed
484 112 111 55 ipsi
553 112 153 55 quandam
664 112 125 55 legis
747 112 153 55 umbram,
845 112 69 55 um-

300 161 92 60 bra
352 161 105 60 quad
418 161 66 60 i
445 161 210 60 hypocriticae
616 161 171 60 iustitiae
747 161 171 60 refetunt.
865 161 53 60 In

296 209 95 49 his
351 209 108 49 uere
418 209 81 49 ac
459 209 122 49 pprie
540 209 95 49 lex
594 209 108 49 agit
662 209 135 49 quibus
743 209 163 49 ostenditur

297 253 170 44 peccatum.
427 253 78 44 Qd
467 253 104 44 quia
532 253 104 44 uere
597 253 104 44 fit,
662 253 65 44 a
688 253 91 44 deo
740 253 104 44 fit,
806 253 65 44 &
819 253 91 44 uocat

296 289 90 54 hoc
347 289 102 54 opus
411 289 179 54 scriptura,
552 289 166 54 iudicium,
680 289 102 54 iram
744 289 102 54 dei,
795 289 115 54 futorem

293 333 100 55 dei,
355 333 174 55 adspectum,
492 333 124 55 uultum
579 333 100 55 irae
641 333 87 55 &c.
691 333 112 55 Psal.
766 333 112 55 xcvi.
828 333 87 55 Iudi-

305 366 104 60 cium
370 366 169 60 correctio
500 366 117 60 sedis
578 366 117 60 eius,
656 366 117 60 Ignis
734 366 104 60 ante
799 366 117 60 ipsum
864 366 52 60 p-

297 408 130 60 cedet,
388 408 65 60 &
414 408 195 60 inssammabit
570 408 78 60 in
609 408 156 60 circuitu
726 408 156 60 inimicos
843 408 104 60 eis,

297 462 193 47 Alluxerunt
449 462 151 47 fulgura
559 462 110 47 eius
627 462 110 47 orbi
696 462 151 47 terrae,
806 462 124 47 uidit
875 462 41 47 &

301 499 144 47 commota
406 499 92 47 est
458 499 131 47 terra.
550 499 131 47 Montes
642 499 118 47 sicut
720 499 105 47 cera
773 499 144 47 fiuxetunt

299 532 63 63 a
325 532 113 63 facie
400 532 101 63 dni,
463 532 63 63 a
488 532 113 63 facie
563 532 101 63 duni
626 532 101 63 omis
689 532 126 63 terra.
777 532 113 63 Psal.
840 532 75 63 Ixxv

293 575 77 55 De
332 575 115 55 caelo
408 575 140 55 auditum
510 575 140 55 secisti
612 575 166 55 iudicium,
740 575 115 55 terra
803 575 115 55 tremuit

290 614 69 54 &
318 614 167 54 quieuit.
443 614 83 54 Et
485 614 153 54 Sachat.
596 614 111 54 iii.
665 614 139 54 Sileat
762 614 125 54 omnis
832 614 83 54 caro

300 662 60 54 a
324 662 109 54 facie
397 662 109 54 duni.
469 662 97 54 Esa.
529 662 85 54 xi.
578 662 157 54 Percutiet
699 662 121 54 terram
783 662 109 54 uirga
844 662 72 54 oris

293 707 105 47 sui,
359 707 66 47 &
385 707 105 47 spit
450 707 79 47 tu
490 707 158 47 labiorum
608 707 131 47 suorum
700 707 197 47 interficiet
844 707 66 47 im-

296 741 113 59 pium.
372 741 150 59 Abacule.
484 741 100 59 iii.
547 741 138 59 Aspexit
647 741 63 59 &
672 741 163 59 dissoluit
797 741 138 59 gentes,

291 781 72 57 &
319 781 130 57 contr
406 781 86 57 ti
449 781 115 57 sunt
521 781 144 57 montes
622 781 158 57 seculi.
737 781 144 57 Quanum
824 781 86 57 quid

290 823 146 56 attinet
396 823 119 56 multa
475 823 186 56 congerere,
621 823 93 56 cum
674 823 106 56 haec
741 823 119 56 plane
807 823 106 56 altera

298 865 175 54 cripturae
432 865 108 54 pars
499 865 108 54 sit,
566 865 94 54 Rex
620 865 67 54 &
647 865 121 54 legis
728 865 108 54 opus
782 865 134 54 occidere

288 904 71 56 &
316 904 170 56 damnare,
444 904 184 56 ostendere
585 904 156 56 radicem
699 904 156 56 peccati
798 904 113 56 nostri

291 958 68 48 &
319 958 203 48 confundere.
481 958 189 48 Mortificat
629 958 95 48 non
683 958 176 48 auaritiam
805 958 108 48 tantum

294 995 103 52 aut
353 995 205 52 libidinem,
514 995 103 52 sed
573 995 132 52 caput
661 995 147 52 omnium
763 995 132 52 malor
837 995 73 52 amo

297 1027 96 58 rem
352 1027 151 58 nostri,
462 1027 164 58 iudicium
585 1027 178 58 rationis,
721 1027 68 58 &
749 1027 137 58 qdquid
831 1027 82 58 boni

292 1077 108 50 sibi
359 1077 148 50 uidetur
467 1077 135 50 habere
561 1077 148 50 natura.
669 1077 94 50 Hic
723 1077 175 50 adparebit
845 1077 67 50 qua

290 1115 154 71 puteant
402 1115 168 71 uirtutes
528 1115 168 71 morales,
654 1115 112 71 quam
724 1115 112 71 sint
780 1115 140 71 pollutus
