1000 1385
81 88 166 59 menstruo
205 88 152 59 pannus,
316 88 179 59 iustitiae
454 88 193 59 sanctorum.
592 88 110 59 Quando

88 133 142 55 quidem
187 133 128 55 etiam
272 133 128 55 Mosen
357 133 184 55 exclamare
499 133 184 55 oportuit.
627 133 71 55 Co-

87 174 88 57 ram
137 174 75 57 te
174 174 75 57 ne
212 174 150 57 innocens
324 174 125 57 quidem
412 174 88 57 est
462 174 163 57 innocens.
587 174 75 57 Et
612 174 88 57 Naum,

94 207 153 66 Mundans
206 207 98 66 non
261 207 140 66 faciet
359 207 209 66 innocentem.
527 207 84 66 Et
568 207 140 66 Dauid,
652 207 56 66 Ne

91 255 125 57 intres
179 255 75 57 in
217 255 151 57 iudicium
330 255 88 57 cum
380 255 113 57 seruo
455 255 100 57 tuo.
518 255 88 57 Et,
568 255 100 57 Dmne
631 255 75 57 ne
656 255 50 57 in

92 307 133 45 futore
185 307 93 45 tuo
238 307 133 45 arguas
332 307 93 45 me.
385 307 80 45 Et
425 307 147 45 Esaiae.
532 307 160 45 xxxviii.
638 307 67 45 Exe

97 337 124 53 hias,
180 337 124 53 Quasi
263 337 97 53 leo
318 337 180 53 contriuit
456 337 111 53 omna
525 337 111 53 ossa
594 337 111 53 mea.
650 337 55 53 Et

97 382 85 46 hoc
146 382 85 46 est
194 382 98 46 quod
255 382 171 46 parcissime
390 382 122 46 dixit,
475 382 73 46 ut
512 382 110 46 solet
585 382 110 46 omnia
646 382 61 46 lo-

89 431 148 44 hannes.
196 431 94 44 Per
250 431 121 44 Mosen
331 431 94 44 lex
384 431 108 44 data
452 431 108 44 est,
519 431 94 44 gra
573 431 67 44 &
586 431 121 44 ueritas

91 473 97 47 per
146 473 138 47 Ihesum
243 473 166 47 Christum
367 473 124 47 facta
450 473 111 47 est.
519 473 152 47 Veritas
616 473 83 47 hypo

91 508 133 54 crisi,
184 508 133 54 gratia
277 508 133 54 furori
370 508 93 54 dei
423 508 173 54 opponitur
556 508 146 54 Proinde
649 508 66 54 cum

100 555 93 50 per
153 555 133 50 Ihesum
246 555 160 50 Christum
366 555 146 50 gratia,
472 555 80 50 id
512 555 106 50 est,
566 555 146 50 misericog

101 589 93 58 dia
154 589 67 58 &
181 589 120 58 fauor
261 589 93 58 dei
314 589 133 58 partus
407 589 107 58 sit,
474 589 67 58 &
500 589 120 58 uerax
580 589 80 58 in
607 589 93 58 conde

99 628 89 54 nio
150 628 165 54 iusticia,
277 628 140 54 necesse
379 628 89 54 est
430 628 76 54 ut
468 628 89 54 lex
519 628 178 54 hypocrisis
646 628 64 54 tan

94 674 88 55 tum
145 674 126 55 auctor
233 674 101 55 sit,
296 674 88 55 cum
347 674 152 55 cohercet
461 674 139 55 inuitos
562 674 63 55 &
574 674 139 55 frementes

89 719 167 51 aduersus
214 719 125 51 deum,
298 719 70 51 &
326 719 125 51 irae,
409 719 97 51 cum
465 719 139 51 damnat
562 719 97 51 nos
618 719 125 51 reos.

97 754 64 60 â‹
123 754 89 60 Sic
174 754 114 60 Pauls
250 754 76 60 ad
288 754 89 60 Ro.
339 754 102 60 vii.
402 754 89 60 ubi
453 754 76 60 de
491 754 76 60 ui
529 754 114 60 legis
593 754 114 60 diligen

95 794 150 58 tissime
205 794 191 58 disseruit.
355 794 164 58 Peccatum
478 794 96 58 non
532 794 150 58 cognoui
628 794 82 58 nisi

90 841 87 54 per
139 841 111 54 lege.
213 841 87 54 Nam
263 841 235 54 concupiscentiam
461 841 173 54 nesciebam,
597 841 99 54 nisi
646 841 62 54 lex

99 893 147 43 diceret.
209 893 86 43 Non
258 893 197 43 concupisces.
418 893 98 43 ldem
480 893 98 43 cap.
541 893 98 43 iii.
602 893 86 43 per
639 893 74 43 lege

97 933 152 51 cognitio
211 933 152 51 peccati,
325 933 114 51 quisi
401 933 127 51 dicat,
490 933 177 51 hypocritis
616 933 89 51 falso

101 971 176 49 persuasum,
240 971 126 49 parari
328 971 101 49 lege
390 971 176 49 iusticiam,
529 971 88 49 cum
579 971 88 49 lex
617 971 101 49 tantum

97 1008 176 50 ostendat
230 1008 132 50 cordi
318 1008 191 50 peccatum.
465 1008 147 50 Deinde
553 1008 162 50 occasione

86 1053 191 48 accepta
225 1053 208 48 peccatum
381 1053 122 48 per
450 1053 208 48 mandatum
607 1053 104 48 in
642 1053 69 48 me

95 1097 164 66 operatum
218 1097 96 66 est
273 1097 123 66 omnem
355 1097 273 66 concupiscentiam.
587 1097 82 66 ld
628 1097 109 66 est,
