<?xml version="1.0" encoding="UTF-8"?>
<alto xmlns:xsi="http://www.w3.org/2001/XMLSchema-instance"
      xmlns="http://www.loc.gov/standards/alto/ns-v2#"
      xmlns:page="http://schema.primaresearch.org/PAGE/gts/pagecontent/2013-07-15"
      xsi:schemaLocation="http://www.loc.gov/standards/alto/ns-v2# http://www.loc.gov/standards/alto/alto.xsd">
   <Description>
      <MeasurementUnit>pixel</MeasurementUnit>
      <OCRProcessing ID="IdOcr">
         <ocrProcessingStep>
            <processingDateTime>2020-12-02T20:02:10.112-05:00</processingDateTime>
            <processingSoftware>
               <softwareCreator>READ COOP</softwareCreator>
               <softwareName>Transkribus</softwareName>
            </processingSoftware>
         </ocrProcessingStep>
      </OCRProcessing>
   </Description>
   <Tags/>
   <Layout>
      <Page ID="Page1" PHYSICAL_IMG_NR="1" HEIGHT="1385" WIDTH="1000">
         <TopMargin HEIGHT="0" WIDTH="1000" VPOS="0" HPOS="0"/>
         <LeftMargin HEIGHT="1385" WIDTH="0" VPOS="0" HPOS="0"/>
         <RightMargin HEIGHT="1385" WIDTH="0" VPOS="0" HPOS="1000"/>
         <BottomMargin HEIGHT="0" WIDTH="1000" VPOS="1385" HPOS="0"/>
         <PrintSpace HEIGHT="1385" WIDTH="1000" VPOS="0" HPOS="0">
            <TextBlock ID="TextRegion_1606527645728_1646"
                       HEIGHT="1009"
                       WIDTH="613"
                       VPOS="106"
                       HPOS="109">
               <Shape>
                  <Polygon POINTS="109,106 722,106 722,1115 109,1115"/>
               </Shape>
               <TextLine ID="r1l2"
                         BASELINE="157"
                         HEIGHT="61"
                         WIDTH="605"
                         VPOS="96"
                         HPOS="110">
                  <String HEIGHT="61" WIDTH="90" VPOS="96" HPOS="97" CONTENT="la."/>
                  <SP HEIGHT="61" WIDTH="13" VPOS="96" HPOS="187"/>
                  <String HEIGHT="61" WIDTH="90" VPOS="96" HPOS="149" CONTENT="Hic"/>
                  <SP HEIGHT="61" WIDTH="13" VPOS="96" HPOS="239"/>
                  <String HEIGHT="61" WIDTH="103" VPOS="96" HPOS="200" CONTENT="enim"/>
                  <SP HEIGHT="61" WIDTH="13" VPOS="96" HPOS="303"/>
                  <String HEIGHT="61"
                          WIDTH="167"
                          VPOS="96"
                          HPOS="264"
                          CONTENT="adspectus"/>
                  <SP HEIGHT="61" WIDTH="13" VPOS="96" HPOS="432"/>
                  <String HEIGHT="61" WIDTH="90" VPOS="96" HPOS="393" CONTENT="est"/>
                  <SP HEIGHT="61" WIDTH="13" VPOS="96" HPOS="483"/>
                  <String HEIGHT="61"
                          WIDTH="142"
                          VPOS="96"
                          HPOS="445"
                          CONTENT="gratiae"/>
                  <SP HEIGHT="61" WIDTH="13" VPOS="96" HPOS="586"/>
                  <String HEIGHT="61" WIDTH="64" VPOS="96" HPOS="548" CONTENT="&amp;"/>
                  <SP HEIGHT="61" WIDTH="13" VPOS="96" HPOS="612"/>
                  <String HEIGHT="61"
                          WIDTH="154"
                          VPOS="96"
                          HPOS="561"
                          CONTENT="misericor"
                          SUBS_TYPE="HypPart1"
                          SUBS_CONTENT="misericordiae"/>
                  <HYP CONTENT="-"/>
               </TextLine>
               <TextLine ID="r1l3"
                         BASELINE="206"
                         HEIGHT="53"
                         WIDTH="592"
                         VPOS="153"
                         HPOS="116">
                  <String HEIGHT="53"
                          WIDTH="101"
                          VPOS="153"
                          HPOS="103"
                          CONTENT="diae"
                          SUBS_TYPE="HypPart2"
                          SUBS_CONTENT="misericordiae"/>
                  <SP HEIGHT="53" WIDTH="13" VPOS="153" HPOS="204"/>
                  <String HEIGHT="53"
                          WIDTH="101"
                          VPOS="153"
                          HPOS="166"
                          CONTENT="dei."/>
                  <SP HEIGHT="53" WIDTH="13" VPOS="153" HPOS="267"/>
                  <String HEIGHT="53"
                          WIDTH="113"
                          VPOS="153"
                          HPOS="229"
                          CONTENT="Sicut"/>
                  <SP HEIGHT="53" WIDTH="13" VPOS="153" HPOS="343"/>
                  <String HEIGHT="53"
                          WIDTH="113"
                          VPOS="153"
                          HPOS="305"
                          CONTENT="aheni"/>
                  <SP HEIGHT="53" WIDTH="13" VPOS="153" HPOS="418"/>
                  <String HEIGHT="53"
                          WIDTH="164"
                          VPOS="153"
                          HPOS="381"
                          CONTENT="serpentis"/>
                  <SP HEIGHT="53" WIDTH="13" VPOS="153" HPOS="544"/>
                  <String HEIGHT="53"
                          WIDTH="176"
                          VPOS="153"
                          HPOS="506"
                          CONTENT="conspectus"/>
                  <SP HEIGHT="53" WIDTH="13" VPOS="153" HPOS="683"/>
                  <String HEIGHT="53"
                          WIDTH="76"
                          VPOS="153"
                          HPOS="632"
                          CONTENT="ser"
                          SUBS_TYPE="HypPart1"
                          SUBS_CONTENT="seruabat,"/>
                  <HYP CONTENT="-"/>
               </TextLine>
               <TextLine ID="r1l4"
                         BASELINE="240"
                         HEIGHT="49"
                         WIDTH="604"
                         VPOS="191"
                         HPOS="111">
                  <String HEIGHT="49"
                          WIDTH="137"
                          VPOS="191"
                          HPOS="97"
                          CONTENT="uabat,"
                          SUBS_TYPE="HypPart2"
                          SUBS_CONTENT="seruabat,"/>
                  <SP HEIGHT="49" WIDTH="14" VPOS="191" HPOS="235"/>
                  <String HEIGHT="49" WIDTH="96" VPOS="191" HPOS="193" CONTENT="ita"/>
                  <SP HEIGHT="49" WIDTH="14" VPOS="191" HPOS="289"/>
                  <String HEIGHT="49"
                          WIDTH="178"
                          VPOS="191"
                          HPOS="248"
                          CONTENT="seruantur"/>
                  <SP HEIGHT="49" WIDTH="14" VPOS="191" HPOS="427"/>
                  <String HEIGHT="49" WIDTH="96" VPOS="191" HPOS="386" CONTENT="qui"/>
                  <SP HEIGHT="49" WIDTH="14" VPOS="191" HPOS="482"/>
                  <String HEIGHT="49"
                          WIDTH="151"
                          VPOS="191"
                          HPOS="440"
                          CONTENT="defixos"/>
                  <SP HEIGHT="49" WIDTH="14" VPOS="191" HPOS="591"/>
                  <String HEIGHT="49" WIDTH="82" VPOS="191" HPOS="550" CONTENT="in"/>
                  <SP HEIGHT="49" WIDTH="14" VPOS="191" HPOS="633"/>
                  <String HEIGHT="49"
                          WIDTH="137"
                          VPOS="191"
                          HPOS="578"
                          CONTENT="Christum"/>
               </TextLine>
               <TextLine ID="r1l5"
                         BASELINE="288"
                         HEIGHT="52"
                         WIDTH="603"
                         VPOS="236"
                         HPOS="104">
                  <String HEIGHT="52"
                          WIDTH="131"
                          VPOS="236"
                          HPOS="91"
                          CONTENT="oculos"/>
                  <SP HEIGHT="52" WIDTH="13" VPOS="236" HPOS="222"/>
                  <String HEIGHT="52"
                          WIDTH="118"
                          VPOS="236"
                          HPOS="183"
                          CONTENT="fidei"/>
                  <SP HEIGHT="52" WIDTH="13" VPOS="236" HPOS="301"/>
                  <String HEIGHT="52"
                          WIDTH="144"
                          VPOS="236"
                          HPOS="261"
                          CONTENT="habent."/>
                  <SP HEIGHT="52" WIDTH="13" VPOS="236" HPOS="405"/>
                  <String HEIGHT="52"
                          WIDTH="131"
                          VPOS="236"
                          HPOS="366"
                          CONTENT="Iohan."/>
                  <SP HEIGHT="52" WIDTH="13" VPOS="236" HPOS="497"/>
                  <String HEIGHT="52"
                          WIDTH="105"
                          VPOS="236"
                          HPOS="458"
                          CONTENT="iii."/>
                  <SP HEIGHT="52" WIDTH="13" VPOS="236" HPOS="563"/>
                  <String HEIGHT="52"
                          WIDTH="105"
                          VPOS="236"
                          HPOS="523"
                          CONTENT="ldeo"/>
                  <SP HEIGHT="52" WIDTH="13" VPOS="236" HPOS="628"/>
                  <String HEIGHT="52"
                          WIDTH="131"
                          VPOS="236"
                          HPOS="576"
                          CONTENT="aptissi"
                          SUBS_TYPE="HypPart1"
                          SUBS_CONTENT="aptissimo"/>
                  <HYP CONTENT="-"/>
               </TextLine>
               <TextLine ID="r1l6"
                         BASELINE="323"
                         HEIGHT="45"
                         WIDTH="607"
                         VPOS="278"
                         HPOS="106">
                  <String HEIGHT="45"
                          WIDTH="96"
                          VPOS="278"
                          HPOS="90"
                          CONTENT="mo"
                          SUBS_TYPE="HypPart2"
                          SUBS_CONTENT="aptissimo"/>
                  <SP HEIGHT="45" WIDTH="16" VPOS="278" HPOS="186"/>
                  <String HEIGHT="45"
                          WIDTH="160"
                          VPOS="278"
                          HPOS="138"
                          CONTENT="nomine"/>
                  <SP HEIGHT="45" WIDTH="16" VPOS="278" HPOS="298"/>
                  <String HEIGHT="45"
                          WIDTH="192"
                          VPOS="278"
                          HPOS="250"
                          CONTENT="uαγίδlon"/>
                  <SP HEIGHT="45" WIDTH="16" VPOS="278" HPOS="441"/>
                  <String HEIGHT="45"
                          WIDTH="192"
                          VPOS="278"
                          HPOS="394"
                          CONTENT="dixerunt"/>
                  <SP HEIGHT="45" WIDTH="16" VPOS="278" HPOS="585"/>
                  <String HEIGHT="45"
                          WIDTH="208"
                          VPOS="278"
                          HPOS="537"
                          CONTENT="Apostoli,"/>
                  <SP HEIGHT="45" WIDTH="16" VPOS="278" HPOS="745"/>
                  <String HEIGHT="45" WIDTH="32" VPOS="278" HPOS="681" CONTENT=""/>
               </TextLine>
               <TextLine ID="r1l7"
                         BASELINE="365"
                         HEIGHT="44"
                         WIDTH="607"
                         VPOS="321"
                         HPOS="112">
                  <String HEIGHT="44"
                          WIDTH="148"
                          VPOS="321"
                          HPOS="97"
                          CONTENT="laetum"/>
                  <SP HEIGHT="44" WIDTH="15" VPOS="321" HPOS="245"/>
                  <String HEIGHT="44"
                          WIDTH="178"
                          VPOS="321"
                          HPOS="201"
                          CONTENT="nuncium."/>
                  <SP HEIGHT="44" WIDTH="15" VPOS="321" HPOS="378"/>
                  <String HEIGHT="44" WIDTH="104" VPOS="321" HPOS="334" CONTENT="Nam"/>
                  <SP HEIGHT="44" WIDTH="15" VPOS="321" HPOS="438"/>
                  <String HEIGHT="44" WIDTH="74" VPOS="321" HPOS="393" CONTENT="&amp;"/>
                  <SP HEIGHT="44" WIDTH="15" VPOS="321" HPOS="467"/>
                  <String HEIGHT="44"
                          WIDTH="148"
                          VPOS="321"
                          HPOS="423"
                          CONTENT="graeci"/>
                  <SP HEIGHT="44" WIDTH="15" VPOS="321" HPOS="571"/>
                  <String HEIGHT="44"
                          WIDTH="133"
                          VPOS="321"
                          HPOS="527"
                          CONTENT="uulgo"/>
                  <SP HEIGHT="44" WIDTH="15" VPOS="321" HPOS="660"/>
                  <String HEIGHT="44"
                          WIDTH="118"
                          VPOS="321"
                          HPOS="601"
                          CONTENT="euoxe"
                          SUBS_TYPE="HypPart1"
                          SUBS_CONTENT="euoxeAl&amp;,"/>
                  <HYP CONTENT="-"/>
               </TextLine>
               <TextLine ID="r1l8"
                         BASELINE="403"
                         HEIGHT="42"
                         WIDTH="598"
                         VPOS="361"
                         HPOS="111">
                  <String HEIGHT="42"
                          WIDTH="109"
                          VPOS="361"
                          HPOS="97"
                          CONTENT="Al&amp;,"
                          SUBS_TYPE="HypPart2"
                          SUBS_CONTENT="euoxeAl&amp;,"/>
                  <SP HEIGHT="42" WIDTH="14" VPOS="361" HPOS="206"/>
                  <String HEIGHT="42"
                          WIDTH="163"
                          VPOS="361"
                          HPOS="165"
                          CONTENT="uocarunt"/>
                  <SP HEIGHT="42" WIDTH="14" VPOS="361" HPOS="328"/>
                  <String HEIGHT="42"
                          WIDTH="150"
                          VPOS="361"
                          HPOS="288"
                          CONTENT="nuncia,"/>
                  <SP HEIGHT="42" WIDTH="14" VPOS="361" HPOS="437"/>
                  <String HEIGHT="42"
                          WIDTH="163"
                          VPOS="361"
                          HPOS="396"
                          CONTENT="preconia"/>
                  <SP HEIGHT="42" WIDTH="14" VPOS="361" HPOS="560"/>
                  <String HEIGHT="42"
                          WIDTH="150"
                          VPOS="361"
                          HPOS="519"
                          CONTENT="publica"/>
                  <SP HEIGHT="42" WIDTH="14" VPOS="361" HPOS="668"/>
                  <String HEIGHT="42"
                          WIDTH="95"
                          VPOS="361"
                          HPOS="614"
                          CONTENT="rerum"/>
               </TextLine>
               <TextLine ID="r1l9"
                         BASELINE="449"
                         HEIGHT="43"
                         WIDTH="605"
                         VPOS="406"
                         HPOS="105">
                  <String HEIGHT="43" WIDTH="118" VPOS="406" HPOS="90" CONTENT="bene"/>
                  <SP HEIGHT="43" WIDTH="15" VPOS="406" HPOS="208"/>
                  <String HEIGHT="43"
                          WIDTH="192"
                          VPOS="406"
                          HPOS="164"
                          CONTENT="gestarum."/>
                  <SP HEIGHT="43" WIDTH="15" VPOS="406" HPOS="356"/>
                  <String HEIGHT="43"
                          WIDTH="133"
                          VPOS="406"
                          HPOS="312"
                          CONTENT="Sicut"/>
                  <SP HEIGHT="43" WIDTH="15" VPOS="406" HPOS="444"/>
                  <String HEIGHT="43" WIDTH="103" VPOS="406" HPOS="400" CONTENT="est"/>
                  <SP HEIGHT="43" WIDTH="15" VPOS="406" HPOS="503"/>
                  <String HEIGHT="43"
                          WIDTH="118"
                          VPOS="406"
                          HPOS="459"
                          CONTENT="apud"/>
                  <SP HEIGHT="43" WIDTH="15" VPOS="406" HPOS="577"/>
                  <String HEIGHT="43"
                          WIDTH="207"
                          VPOS="406"
                          HPOS="533"
                          CONTENT="Isocratem,"/>
                  <SP HEIGHT="43" WIDTH="15" VPOS="406" HPOS="740"/>
                  <String HEIGHT="43" WIDTH="30" VPOS="406" HPOS="680" CONTENT=""/>
               </TextLine>
               <TextLine ID="r1l10"
                         BASELINE="496"
                         HEIGHT="57"
                         WIDTH="410"
                         VPOS="439"
                         HPOS="110">
                  <String HEIGHT="57" WIDTH="106" VPOS="439" HPOS="95" CONTENT="dig"/>
                  <SP HEIGHT="57" WIDTH="15" VPOS="439" HPOS="201"/>
                  <String HEIGHT="57"
                          WIDTH="121"
                          VPOS="439"
                          HPOS="156"
                          CONTENT="idum"/>
                  <SP HEIGHT="57" WIDTH="15" VPOS="439" HPOS="277"/>
                  <String HEIGHT="57"
                          WIDTH="167"
                          VPOS="439"
                          HPOS="231"
                          CONTENT="SαααNαα"/>
                  <SP HEIGHT="57" WIDTH="15" VPOS="439" HPOS="399"/>
                  <String HEIGHT="57"
                          WIDTH="182"
                          VPOS="439"
                          HPOS="338"
                          CONTENT="ρααγVδiα"/>
               </TextLine>
               <TextLine ID="r1l11"
                         BASELINE="533"
                         HEIGHT="52"
                         WIDTH="324"
                         VPOS="481"
                         HPOS="246">
                  <String HEIGHT="52" WIDTH="135" VPOS="481" HPOS="219" CONTENT="D"/>
                  <SP HEIGHT="52" WIDTH="27" VPOS="481" HPOS="354"/>
                  <String HEIGHT="52" WIDTH="162" VPOS="481" HPOS="273" CONTENT="E."/>
                  <SP HEIGHT="52" WIDTH="27" VPOS="481" HPOS="435"/>
                  <String HEIGHT="52"
                          WIDTH="243"
                          VPOS="481"
                          HPOS="327"
                          CONTENT="ORATIA."/>
               </TextLine>
               <TextLine ID="r1l12"
                         BASELINE="584"
                         HEIGHT="56"
                         WIDTH="596"
                         VPOS="528"
                         HPOS="115">
                  <String HEIGHT="56"
                          WIDTH="142"
                          VPOS="528"
                          HPOS="101"
                          CONTENT="⁋Sicut"/>
                  <SP HEIGHT="56" WIDTH="14" VPOS="528" HPOS="243"/>
                  <String HEIGHT="56" WIDTH="99" VPOS="528" HPOS="200" CONTENT="lex"/>
                  <SP HEIGHT="56" WIDTH="14" VPOS="528" HPOS="299"/>
                  <String HEIGHT="56"
                          WIDTH="156"
                          VPOS="528"
                          HPOS="257"
                          CONTENT="peccati"/>
                  <SP HEIGHT="56" WIDTH="14" VPOS="528" HPOS="413"/>
                  <String HEIGHT="56"
                          WIDTH="170"
                          VPOS="528"
                          HPOS="370"
                          CONTENT="cognitio"/>
                  <SP HEIGHT="56" WIDTH="14" VPOS="528" HPOS="541"/>
                  <String HEIGHT="56"
                          WIDTH="114"
                          VPOS="528"
                          HPOS="498"
                          CONTENT="est,"/>
                  <SP HEIGHT="56" WIDTH="14" VPOS="528" HPOS="612"/>
                  <String HEIGHT="56" WIDTH="99" VPOS="528" HPOS="569" CONTENT="ita"/>
                  <SP HEIGHT="56" WIDTH="14" VPOS="528" HPOS="668"/>
                  <String HEIGHT="56"
                          WIDTH="99"
                          VPOS="528"
                          HPOS="612"
                          CONTENT="Euan"
                          SUBS_TYPE="HypPart1"
                          SUBS_CONTENT="Euanlium"/>
                  <HYP CONTENT="-"/>
               </TextLine>
               <TextLine ID="r1l13"
                         BASELINE="616"
                         HEIGHT="45"
                         WIDTH="605"
                         VPOS="571"
                         HPOS="107">
                  <String HEIGHT="45"
                          WIDTH="101"
                          VPOS="571"
                          HPOS="94"
                          CONTENT="lium"
                          SUBS_TYPE="HypPart2"
                          SUBS_CONTENT="Euanlium"/>
                  <SP HEIGHT="45" WIDTH="13" VPOS="571" HPOS="195"/>
                  <String HEIGHT="45"
                          WIDTH="164"
                          VPOS="571"
                          HPOS="157"
                          CONTENT="promissio"/>
                  <SP HEIGHT="45" WIDTH="13" VPOS="571" HPOS="321"/>
                  <String HEIGHT="45"
                          WIDTH="139"
                          VPOS="571"
                          HPOS="283"
                          CONTENT="gratiae"/>
                  <SP HEIGHT="45" WIDTH="13" VPOS="571" HPOS="422"/>
                  <String HEIGHT="45" WIDTH="63" VPOS="571" HPOS="384" CONTENT="&amp;"/>
                  <SP HEIGHT="45" WIDTH="13" VPOS="571" HPOS="447"/>
                  <String HEIGHT="45"
                          WIDTH="176"
                          VPOS="571"
                          HPOS="410"
                          CONTENT="iustitiae."/>
                  <SP HEIGHT="45" WIDTH="13" VPOS="571" HPOS="586"/>
                  <String HEIGHT="45"
                          WIDTH="139"
                          VPOS="571"
                          HPOS="548"
                          CONTENT="Proinde"/>
                  <SP HEIGHT="45" WIDTH="13" VPOS="571" HPOS="687"/>
                  <String HEIGHT="45" WIDTH="76" VPOS="571" HPOS="636" CONTENT="quia"/>
               </TextLine>
               <TextLine ID="r1l14"
                         BASELINE="654"
                         HEIGHT="51"
                         WIDTH="598"
                         VPOS="603"
                         HPOS="109">
                  <String HEIGHT="51" WIDTH="83" VPOS="603" HPOS="95" CONTENT="de"/>
                  <SP HEIGHT="51" WIDTH="14" VPOS="603" HPOS="179"/>
                  <String HEIGHT="51"
                          WIDTH="125"
                          VPOS="603"
                          HPOS="137"
                          CONTENT="uerbo"/>
                  <SP HEIGHT="51" WIDTH="14" VPOS="603" HPOS="262"/>
                  <String HEIGHT="51"
                          WIDTH="153"
                          VPOS="603"
                          HPOS="220"
                          CONTENT="gratiae"/>
                  <SP HEIGHT="51" WIDTH="14" VPOS="603" HPOS="373"/>
                  <String HEIGHT="51" WIDTH="70" VPOS="603" HPOS="332" CONTENT="&amp;"/>
                  <SP HEIGHT="51" WIDTH="14" VPOS="603" HPOS="401"/>
                  <String HEIGHT="51"
                          WIDTH="195"
                          VPOS="603"
                          HPOS="359"
                          CONTENT="iustitiae,"/>
                  <SP HEIGHT="51" WIDTH="14" VPOS="603" HPOS="554"/>
                  <String HEIGHT="51"
                          WIDTH="125"
                          VPOS="603"
                          HPOS="512"
                          CONTENT="nempe"/>
                  <SP HEIGHT="51" WIDTH="14" VPOS="603" HPOS="637"/>
                  <String HEIGHT="51" WIDTH="83" VPOS="603" HPOS="596" CONTENT="de"/>
                  <SP HEIGHT="51" WIDTH="14" VPOS="603" HPOS="679"/>
                  <String HEIGHT="51"
                          WIDTH="83"
                          VPOS="603"
                          HPOS="624"
                          CONTENT="Eua"
                          SUBS_TYPE="HypPart1"
                          SUBS_CONTENT="Euagelio"/>
                  <HYP CONTENT="-"/>
               </TextLine>
               <TextLine ID="r1l15"
                         BASELINE="705"
                         HEIGHT="56"
                         WIDTH="599"
                         VPOS="649"
                         HPOS="109">
                  <String HEIGHT="56"
                          WIDTH="125"
                          VPOS="649"
                          HPOS="95"
                          CONTENT="gelio"
                          SUBS_TYPE="HypPart2"
                          SUBS_CONTENT="Euagelio"/>
                  <SP HEIGHT="56" WIDTH="14" VPOS="649" HPOS="220"/>
                  <String HEIGHT="56"
                          WIDTH="139"
                          VPOS="649"
                          HPOS="179"
                          CONTENT="dictum"/>
                  <SP HEIGHT="56" WIDTH="14" VPOS="649" HPOS="318"/>
                  <String HEIGHT="56"
                          WIDTH="111"
                          VPOS="649"
                          HPOS="276"
                          CONTENT="est,"/>
                  <SP HEIGHT="56" WIDTH="14" VPOS="649" HPOS="388"/>
                  <String HEIGHT="56" WIDTH="98" VPOS="649" HPOS="346" CONTENT="hic"/>
                  <SP HEIGHT="56" WIDTH="14" VPOS="649" HPOS="443"/>
                  <String HEIGHT="56"
                          WIDTH="209"
                          VPOS="649"
                          HPOS="402"
                          CONTENT="subiciendae"/>
                  <SP HEIGHT="56" WIDTH="14" VPOS="649" HPOS="610"/>
                  <String HEIGHT="56"
                          WIDTH="111"
                          VPOS="649"
                          HPOS="569"
                          CONTENT="sunt"/>
                  <SP HEIGHT="56" WIDTH="14" VPOS="649" HPOS="680"/>
                  <String HEIGHT="56"
                          WIDTH="84"
                          VPOS="649"
                          HPOS="624"
                          CONTENT="gra"
                          SUBS_TYPE="HypPart1"
                          SUBS_CONTENT="gratiae"/>
                  <HYP CONTENT="-"/>
               </TextLine>
               <TextLine ID="r1l16"
                         BASELINE="741"
                         HEIGHT="51"
                         WIDTH="602"
                         VPOS="690"
                         HPOS="112">
                  <String HEIGHT="51"
                          WIDTH="105"
                          VPOS="690"
                          HPOS="99"
                          CONTENT="tiae"
                          SUBS_TYPE="HypPart2"
                          SUBS_CONTENT="gratiae"/>
                  <SP HEIGHT="51" WIDTH="13" VPOS="690" HPOS="204"/>
                  <String HEIGHT="51" WIDTH="65" VPOS="690" HPOS="164" CONTENT="&amp;"/>
                  <SP HEIGHT="51" WIDTH="13" VPOS="690" HPOS="230"/>
                  <String HEIGHT="51"
                          WIDTH="249"
                          VPOS="690"
                          HPOS="191"
                          CONTENT="iustificationis"/>
                  <SP HEIGHT="51" WIDTH="13" VPOS="690" HPOS="439"/>
                  <String HEIGHT="51"
                          WIDTH="170"
                          VPOS="690"
                          HPOS="400"
                          CONTENT="formulae."/>
                  <SP HEIGHT="51" WIDTH="13" VPOS="690" HPOS="570"/>
                  <String HEIGHT="51" WIDTH="92" VPOS="690" HPOS="531" CONTENT="Nam"/>
                  <SP HEIGHT="51" WIDTH="13" VPOS="690" HPOS="622"/>
                  <String HEIGHT="51" WIDTH="92" VPOS="690" HPOS="583" CONTENT="ita"/>
                  <SP HEIGHT="51" WIDTH="13" VPOS="690" HPOS="675"/>
                  <String HEIGHT="51"
                          WIDTH="92"
                          VPOS="690"
                          HPOS="622"
                          CONTENT="Euan"
                          SUBS_TYPE="HypPart1"
                          SUBS_CONTENT="Euangelii"/>
                  <HYP CONTENT="-"/>
               </TextLine>
               <TextLine ID="r1l17"
                         BASELINE="792"
                         HEIGHT="56"
                         WIDTH="497"
                         VPOS="736"
                         HPOS="114">
                  <String HEIGHT="56"
                          WIDTH="121"
                          VPOS="736"
                          HPOS="101"
                          CONTENT="gelii"
                          SUBS_TYPE="HypPart2"
                          SUBS_CONTENT="Euangelii"/>
                  <SP HEIGHT="56" WIDTH="13" VPOS="736" HPOS="221"/>
                  <String HEIGHT="56"
                          WIDTH="121"
                          VPOS="736"
                          HPOS="181"
                          CONTENT="ratio"/>
                  <SP HEIGHT="56" WIDTH="13" VPOS="736" HPOS="302"/>
                  <String HEIGHT="56"
                          WIDTH="148"
                          VPOS="736"
                          HPOS="262"
                          CONTENT="plenius"/>
                  <SP HEIGHT="56" WIDTH="13" VPOS="736" HPOS="410"/>
                  <String HEIGHT="56"
                          WIDTH="161"
                          VPOS="736"
                          HPOS="369"
                          CONTENT="cognosci"/>
                  <SP HEIGHT="56" WIDTH="13" VPOS="736" HPOS="530"/>
                  <String HEIGHT="56"
                          WIDTH="134"
                          VPOS="736"
                          HPOS="477"
                          CONTENT="poterit."/>
               </TextLine>
               <TextLine ID="r1l18"
                         BASELINE="834"
                         HEIGHT="58"
                         WIDTH="600"
                         VPOS="776"
                         HPOS="114">
                  <String HEIGHT="58" WIDTH="84" VPOS="776" HPOS="100" CONTENT="⁋i"/>
                  <SP HEIGHT="58" WIDTH="14" VPOS="776" HPOS="184"/>
                  <String HEIGHT="58" WIDTH="98" VPOS="776" HPOS="142" CONTENT="Hic"/>
                  <SP HEIGHT="58" WIDTH="14" VPOS="776" HPOS="240"/>
                  <String HEIGHT="58"
                          WIDTH="112"
                          VPOS="776"
                          HPOS="198"
                          CONTENT="uero"/>
                  <SP HEIGHT="58" WIDTH="14" VPOS="776" HPOS="309"/>
                  <String HEIGHT="58"
                          WIDTH="140"
                          VPOS="776"
                          HPOS="267"
                          CONTENT="merito"/>
                  <SP HEIGHT="58" WIDTH="14" VPOS="776" HPOS="407"/>
                  <String HEIGHT="58"
                          WIDTH="112"
                          VPOS="776"
                          HPOS="365"
                          CONTENT="quis"/>
                  <SP HEIGHT="58" WIDTH="14" VPOS="776" HPOS="477"/>
                  <String HEIGHT="58"
                          WIDTH="195"
                          VPOS="776"
                          HPOS="435"
                          CONTENT="expostulet"/>
                  <SP HEIGHT="58" WIDTH="14" VPOS="776" HPOS="630"/>
                  <String HEIGHT="58" WIDTH="98" VPOS="776" HPOS="588" CONTENT="cum"/>
                  <SP HEIGHT="58" WIDTH="14" VPOS="776" HPOS="686"/>
                  <String HEIGHT="58" WIDTH="84" VPOS="776" HPOS="630" CONTENT="scho"/>
               </TextLine>
               <TextLine ID="r1l19"
                         BASELINE="869"
                         HEIGHT="51"
                         WIDTH="600"
                         VPOS="818"
                         HPOS="114">
                  <String HEIGHT="51"
                          WIDTH="181"
                          VPOS="818"
                          HPOS="100"
                          CONTENT="lasticis,"/>
                  <SP HEIGHT="51" WIDTH="14" VPOS="818" HPOS="281"/>
                  <String HEIGHT="51" WIDTH="98" VPOS="818" HPOS="240" CONTENT="qui"/>
                  <SP HEIGHT="51" WIDTH="14" VPOS="818" HPOS="337"/>
                  <String HEIGHT="51"
                          WIDTH="126"
                          VPOS="818"
                          HPOS="295"
                          CONTENT="sacro"/>
                  <SP HEIGHT="51" WIDTH="14" VPOS="818" HPOS="421"/>
                  <String HEIGHT="51"
                          WIDTH="140"
                          VPOS="818"
                          HPOS="379"
                          CONTENT="sancto"/>
                  <SP HEIGHT="51" WIDTH="14" VPOS="818" HPOS="519"/>
                  <String HEIGHT="51"
                          WIDTH="167"
                          VPOS="818"
                          HPOS="477"
                          CONTENT="uocabulo"/>
                  <SP HEIGHT="51" WIDTH="14" VPOS="818" HPOS="644"/>
                  <String HEIGHT="51"
                          WIDTH="126"
                          VPOS="818"
                          HPOS="588"
                          CONTENT="gratiae"/>
               </TextLine>
               <TextLine ID="r1l20"
                         BASELINE="908"
                         HEIGHT="49"
                         WIDTH="607"
                         VPOS="859"
                         HPOS="111">
                  <String HEIGHT="49" WIDTH="94" VPOS="859" HPOS="98" CONTENT="tam"/>
                  <SP HEIGHT="49" WIDTH="13" VPOS="859" HPOS="192"/>
                  <String HEIGHT="49"
                          WIDTH="121"
                          VPOS="859"
                          HPOS="151"
                          CONTENT="foede"/>
                  <SP HEIGHT="49" WIDTH="13" VPOS="859" HPOS="273"/>
                  <String HEIGHT="49"
                          WIDTH="121"
                          VPOS="859"
                          HPOS="232"
                          CONTENT="abusi"/>
                  <SP HEIGHT="49" WIDTH="13" VPOS="859" HPOS="354"/>
                  <String HEIGHT="49"
                          WIDTH="121"
                          VPOS="859"
                          HPOS="313"
                          CONTENT="sunt,"/>
                  <SP HEIGHT="49" WIDTH="13" VPOS="859" HPOS="435"/>
                  <String HEIGHT="49" WIDTH="94" VPOS="859" HPOS="394" CONTENT="cum"/>
                  <SP HEIGHT="49" WIDTH="13" VPOS="859" HPOS="489"/>
                  <String HEIGHT="49" WIDTH="94" VPOS="859" HPOS="448" CONTENT="pro"/>
                  <SP HEIGHT="49" WIDTH="13" VPOS="859" HPOS="543"/>
                  <String HEIGHT="49"
                          WIDTH="189"
                          VPOS="859"
                          HPOS="502"
                          CONTENT="qualitate,"/>
                  <SP HEIGHT="49" WIDTH="13" VPOS="859" HPOS="691"/>
                  <String HEIGHT="49" WIDTH="81" VPOS="859" HPOS="637" CONTENT="quae"/>
               </TextLine>
               <TextLine ID="r1l21"
                         BASELINE="954"
                         HEIGHT="53"
                         WIDTH="605"
                         VPOS="901"
                         HPOS="110">
                  <String HEIGHT="53" WIDTH="109" VPOS="901" HPOS="94" CONTENT="sit"/>
                  <SP HEIGHT="53" WIDTH="16" VPOS="901" HPOS="203"/>
                  <String HEIGHT="53" WIDTH="93" VPOS="901" HPOS="157" CONTENT="in"/>
                  <SP HEIGHT="53" WIDTH="16" VPOS="901" HPOS="250"/>
                  <String HEIGHT="53"
                          WIDTH="155"
                          VPOS="901"
                          HPOS="203"
                          CONTENT="animis"/>
                  <SP HEIGHT="53" WIDTH="16" VPOS="901" HPOS="358"/>
                  <String HEIGHT="53"
                          WIDTH="202"
                          VPOS="901"
                          HPOS="312"
                          CONTENT="sanctorum"/>
                  <SP HEIGHT="53" WIDTH="16" VPOS="901" HPOS="513"/>
                  <String HEIGHT="53"
                          WIDTH="202"
                          VPOS="901"
                          HPOS="467"
                          CONTENT="usurpant,"/>
                  <SP HEIGHT="53" WIDTH="16" VPOS="901" HPOS="668"/>
                  <String HEIGHT="53" WIDTH="78" VPOS="901" HPOS="622" CONTENT="&amp;"/>
                  <SP HEIGHT="53" WIDTH="16" VPOS="901" HPOS="699"/>
                  <String HEIGHT="53"
                          WIDTH="78"
                          VPOS="901"
                          HPOS="637"
                          CONTENT="pn"
                          SUBS_TYPE="HypPart1"
                          SUBS_CONTENT="pnguissime"/>
                  <HYP CONTENT="-"/>
               </TextLine>
               <TextLine ID="r1l22"
                         BASELINE="993"
                         HEIGHT="46"
                         WIDTH="598"
                         VPOS="947"
                         HPOS="112">
                  <String HEIGHT="46"
                          WIDTH="171"
                          VPOS="947"
                          HPOS="98"
                          CONTENT="guissime"
                          SUBS_TYPE="HypPart2"
                          SUBS_CONTENT="pnguissime"/>
                  <SP HEIGHT="46" WIDTH="14" VPOS="947" HPOS="269"/>
                  <String HEIGHT="46"
                          WIDTH="142"
                          VPOS="947"
                          HPOS="226"
                          CONTENT="omnium"/>
                  <SP HEIGHT="46" WIDTH="14" VPOS="947" HPOS="368"/>
                  <String HEIGHT="46"
                          WIDTH="199"
                          VPOS="947"
                          HPOS="326"
                          CONTENT="Thomistae,"/>
                  <SP HEIGHT="46" WIDTH="14" VPOS="947" HPOS="525"/>
                  <String HEIGHT="46" WIDTH="100" VPOS="947" HPOS="482" CONTENT="qui"/>
                  <SP HEIGHT="46" WIDTH="14" VPOS="947" HPOS="582"/>
                  <String HEIGHT="46"
                          WIDTH="185"
                          VPOS="947"
                          HPOS="525"
                          CONTENT="qualitatem,"/>
               </TextLine>
               <TextLine ID="r1l23"
                         BASELINE="1040"
                         HEIGHT="58"
                         WIDTH="598"
                         VPOS="982"
                         HPOS="116">
                  <String HEIGHT="58"
                          WIDTH="156"
                          VPOS="982"
                          HPOS="103"
                          CONTENT="gratiam,"/>
                  <SP HEIGHT="58" WIDTH="13" VPOS="982" HPOS="259"/>
                  <String HEIGHT="58" WIDTH="78" VPOS="982" HPOS="220" CONTENT="in"/>
                  <SP HEIGHT="58" WIDTH="13" VPOS="982" HPOS="298"/>
                  <String HEIGHT="58"
                          WIDTH="130"
                          VPOS="982"
                          HPOS="259"
                          CONTENT="animae"/>
                  <SP HEIGHT="58" WIDTH="13" VPOS="982" HPOS="389"/>
                  <String HEIGHT="58"
                          WIDTH="130"
                          VPOS="982"
                          HPOS="350"
                          CONTENT="natura"/>
                  <SP HEIGHT="58" WIDTH="13" VPOS="982" HPOS="480"/>
                  <String HEIGHT="58"
                          WIDTH="156"
                          VPOS="982"
                          HPOS="441"
                          CONTENT="posuere,"/>
                  <SP HEIGHT="58" WIDTH="13" VPOS="982" HPOS="597"/>
                  <String HEIGHT="58"
                          WIDTH="130"
                          VPOS="982"
                          HPOS="558"
                          CONTENT="fidem,"/>
                  <SP HEIGHT="58" WIDTH="13" VPOS="982" HPOS="688"/>
                  <String HEIGHT="58" WIDTH="78" VPOS="982" HPOS="636" CONTENT="spem"/>
               </TextLine>
               <TextLine ID="r1l24"
                         BASELINE="1081"
                         HEIGHT="53"
                         WIDTH="614"
                         VPOS="1028"
                         HPOS="106">
                  <String HEIGHT="53"
                          WIDTH="187"
                          VPOS="1028"
                          HPOS="93"
                          CONTENT="caritatem,"/>
                  <SP HEIGHT="53" WIDTH="13" VPOS="1028" HPOS="280"/>
                  <String HEIGHT="53" WIDTH="80" VPOS="1028" HPOS="239" CONTENT="in"/>
                  <SP HEIGHT="53" WIDTH="13" VPOS="1028" HPOS="320"/>
                  <String HEIGHT="53"
                          WIDTH="174"
                          VPOS="1028"
                          HPOS="280"
                          CONTENT="potenciis"/>
                  <SP HEIGHT="53" WIDTH="13" VPOS="1028" HPOS="453"/>
                  <String HEIGHT="53"
                          WIDTH="147"
                          VPOS="1028"
                          HPOS="413"
                          CONTENT="animae."/>
                  <SP HEIGHT="53" WIDTH="13" VPOS="1028" HPOS="560"/>
                  <String HEIGHT="53"
                          WIDTH="120"
                          VPOS="1028"
                          HPOS="520"
                          CONTENT="Atque"/>
                  <SP HEIGHT="53" WIDTH="13" VPOS="1028" HPOS="640"/>
                  <String HEIGHT="53" WIDTH="93" VPOS="1028" HPOS="600" CONTENT="hic"/>
                  <SP HEIGHT="53" WIDTH="13" VPOS="1028" HPOS="693"/>
                  <String HEIGHT="53"
                          WIDTH="80"
                          VPOS="1028"
                          HPOS="640"
                          CONTENT="quam"/>
               </TextLine>
               <TextLine ID="r1l25"
                         BASELINE="1132"
                         HEIGHT="66"
                         WIDTH="610"
                         VPOS="1066"
                         HPOS="104">
                  <String HEIGHT="66"
                          WIDTH="172"
                          VPOS="1066"
                          HPOS="91"
                          CONTENT="aniliter,"/>
                  <SP HEIGHT="66" WIDTH="13" VPOS="1066" HPOS="263"/>
                  <String HEIGHT="66"
                          WIDTH="106"
                          VPOS="1066"
                          HPOS="223"
                          CONTENT="quam"/>
                  <SP HEIGHT="66" WIDTH="13" VPOS="1066" HPOS="329"/>
                  <String HEIGHT="66"
                          WIDTH="133"
                          VPOS="1066"
                          HPOS="290"
                          CONTENT="stulte"/>
                  <SP HEIGHT="66" WIDTH="13" VPOS="1066" HPOS="422"/>
                  <String HEIGHT="66"
                          WIDTH="212"
                          VPOS="1066"
                          HPOS="382"
                          CONTENT="digiadiantur"/>
                  <SP HEIGHT="66" WIDTH="13" VPOS="1066" HPOS="595"/>
                  <String HEIGHT="66" WIDTH="80" VPOS="1066" HPOS="555" CONTENT="de"/>
                  <SP HEIGHT="66" WIDTH="13" VPOS="1066" HPOS="634"/>
                  <String HEIGHT="66"
                          WIDTH="133"
                          VPOS="1066"
                          HPOS="581"
                          CONTENT="potencis"/>
               </TextLine>
            </TextBlock>
         </PrintSpace>
      </Page>
   </Layout>
</alto>
