1000 1385
85 112 99 67 Non
141 112 197 67 significat
296 112 113 67 ergo
367 112 155 67 gratiae
480 112 183 67 uocabulum
606 112 99 67 quali

80 166 125 50 tatem
163 166 153 50 aliquam
274 166 83 50 in
316 166 139 50 nobis,
413 166 97 50 sed
468 166 139 50 potius
565 166 125 50 ipsam
635 166 69 50 dei

75 211 207 40 uoluntatem,
241 211 97 40 seu
296 211 235 40 benetolentiam
490 211 97 40 dei
545 211 111 40 erga
600 211 83 40 nos.

86 247 71 53 â‹
114 247 142 53 Paulus
213 247 85 53 ad
256 247 99 53 Ro.
313 247 85 53 v.
355 247 198 53 distinguit
511 247 71 53 a
539 247 142 53 gratia
624 247 57 53 do

75 291 116 42 num.
148 291 87 42 Si
192 291 131 42 unius
279 291 160 42 delicto
395 291 131 42 multi
482 291 145 42 mortui
583 291 131 42 sunt,

75 332 130 49 multo
161 332 130 49 magis
248 332 144 49 gratia
349 332 115 49 dei,
421 332 72 49 &
450 332 130 49 donum
536 332 87 49 in
565 332 130 49 gratia,

85 372 98 54 ea,
141 372 112 54 quae
211 372 98 54 est
267 372 126 54 unius
351 372 154 54 hominis
462 372 112 54 lesu
532 372 168 54 Christi,
644 372 56 54 in

79 413 151 56 multos
184 413 211 56 exundauit.
350 413 166 56 Oratiam
470 413 135 56 uocat
561 413 166 56 fauorem

80 462 114 48 dei,
151 462 100 48 quo
208 462 114 48 ille
280 462 172 48 Christum
409 462 186 48 complexus
552 462 114 48 est,
623 462 72 48 &
638 462 57 48 in

79 501 189 53 Christo,
221 501 79 53 &
252 501 173 53 propter
378 501 189 53 Christum
519 501 141 53 omnes
598 501 94 53 san-

86 539 125 48 ctos.
170 539 153 48 Deinde,
281 539 111 48 quia
350 539 139 48 fauet,
448 539 97 48 non
503 539 139 48 potest
601 539 125 48 deus,

80 579 105 49 non
140 579 195 49 effundere
290 579 120 49 dona
365 579 105 49 sua
424 579 90 49 in
469 579 105 49 eos
529 579 150 49 quorum
619 579 75 49 mi-

77 622 136 46 sertus
172 622 108 46 est.
240 622 95 46 Sic
294 622 163 46 homines,
416 622 136 46 quibus
511 622 149 46 fauent,
606 622 95 46 eorum

81 669 98 44 res
137 669 182 44 adiuuant,
277 669 98 44 iis
333 669 98 44 sua
389 669 210 44 impertiunt.
556 669 126 44 Donum
626 669 70 44 ue-

81 711 77 49 ro
120 711 90 49 dei
171 711 90 49 est
222 711 102 49 ipse
286 711 154 49 spiritus
401 711 154 49 sanctus,
517 711 102 49 quem
568 711 128 49 effundit

78 752 93 48 des
131 752 80 48 in
171 752 120 48 corda
250 752 146 48 suorum.
357 752 133 48 Ioham.
450 752 93 48 xx.
503 752 199 48 Insufflauit
649 752 40 48 &

79 791 140 41 dixit,
177 791 167 41 Accipite
302 791 167 41 spiritum
428 791 167 41 sanctum.
553 791 84 41 Et
595 791 84 41 ad
623 791 70 41 Ro-

75 828 121 58 viii.
155 828 189 58 Accepistis
304 828 162 58 spiritum
425 828 189 58 adoptionis
560 828 135 58 filiorum

76 873 90 55 in
121 873 105 55 quo
181 873 181 55 clamamus
317 873 120 55 abba
392 873 151 55 pater.
497 873 135 55 Porro
573 873 120 55 spiri-

78 920 93 46 tus
131 920 133 46 sancti
224 920 120 46 opera
304 920 107 46 sunt
371 920 80 46 in
411 920 173 46 sanctorum
544 920 173 46 cordibus,

80 960 144 41 fides,
181 960 116 41 pax,
253 960 173 41 gaudium,
383 960 159 41 caritas
498 960 101 41 &c.
556 960 87 41 Ad
585 960 101 41 Cala-

68 1005 122 43 tas
137 1005 192 43 quinto,
277 1005 175 43 Petrum
400 1005 262 43 Rongobardum
592 1005 105 43 quod

75 1035 170 54 alicubi
198 1035 186 54 spiritum
337 1035 170 54 sanctum
461 1035 155 54 potius
554 1035 139 54 gratiam

72 1082 159 61 uocarit,
191 1082 106 61 quam
258 1082 213 61 Parifiensem,
430 1082 93 61 hoc
483 1082 106 61 est,
550 1082 173 61 ficticiam
