1000 1385
63 111 111 68 quia
133 111 209 68 propitiabor
300 111 195 68 iniquitati
453 111 139 68 eorum,
551 111 70 68 &
565 111 125 68 peccati

59 174 139 47 eorum
151 174 108 47 non
213 174 217 47 recordabor
368 174 155 47 amplius.

74 208 160 49 DE.
166 208 390 49 IVQTiEiCATQNE
487 208 138 49 ET
532 208 138 49 EDE.

57 248 71 55 â‹
85 248 227 55 Iustificamur
270 248 142 55 igitur
369 248 99 55 eum
426 248 213 55 mortificati
596 248 99 55 per
653 248 85 55 le

65 291 123 52 gem,
141 291 245 52 resuscitamur
341 291 138 52 uerbo
432 291 184 52 gratiae,
570 291 123 52 quae
632 291 61 52 in

68 336 158 52 Christo
183 336 172 52 promissa
312 336 115 52 est,
384 336 101 52 seu
441 336 187 52 Euangelio
570 336 115 52 condo-

71 374 124 50 nante
154 374 165 50 peccata,
277 374 69 50 &
305 374 110 50 illi
374 374 110 50 fide
443 374 206 50 adhaeremus,
594 374 96 50 nihil

70 412 200 53 dubitantes
227 412 114 53 quin
298 412 157 53 Christi
412 412 171 53 iustitia
541 412 100 53 sit
584 412 114 53 nostra

67 457 167 52 iustitia,
195 457 103 52 quin
259 457 141 52 Christi
362 457 205 52 satisfactio,
529 457 90 52 sit
580 457 154 52 expiatio

72 500 147 48 nostri,
178 500 107 48 quin
245 500 147 48 Christi
352 500 200 48 resurrectio
512 500 133 48 nostra
605 500 107 48 sit.

73 547 172 47 Preuiter
201 547 129 47 nihil
287 547 200 47 dubitantes
445 547 114 47 quin
516 547 157 47 peccata
616 547 72 47 no-

71 583 105 42 bis
131 583 195 42 condonata
281 583 135 42 sint,
371 583 75 42 &
401 583 105 42 iam
461 583 150 42 faueat
566 583 90 42 ac
596 583 105 42 benet

66 624 116 51 uelit
143 624 116 51 deus.
221 624 116 51 Nihil
298 624 129 51 igitur
388 624 129 51 operum
479 624 181 51 nostrorum,
608 624 77 51 quam

71 671 137 43 tumuis
167 671 110 43 bona
236 671 96 43 aut
291 671 192 43 uideantur,
442 671 96 43 aut
497 671 123 43 sint,
565 671 110 43 iusti-

69 704 106 50 cia
129 704 136 50 sunt.
220 704 106 50 Sed
280 704 121 50 sola
355 704 136 50 EIDES
446 704 90 50 de
476 704 211 50 misericordia

62 745 87 58 &
96 745 174 58 gratia
218 745 122 58 dei
288 745 104 58 in
340 745 139 58 lesu
409 745 296 58 ChristoIVSTITIA

66 799 110 43 est.
135 799 124 43 Atque
217 799 96 43 hoc
272 799 110 43 est,
341 799 110 43 quod
409 799 96 43 ait
464 799 178 43 propheta,
602 799 69 43 &
615 799 69 43 to-

70 833 101 47 ties
133 833 126 47 iactat
221 833 138 47 Paulus.
322 833 126 47 Iustus
410 833 75 47 ex
447 833 101 47 fide
510 833 113 47 uiuit
586 833 88 47 Ro,
623 833 63 47 uii

72 880 147 40 Iusticia
182 880 86 40 dei
231 880 86 40 per
280 880 110 40 fidem
353 880 98 40 Iesu
414 880 147 40 Christi,
524 880 73 40 id
561 880 98 40 est,
622 880 86 40 Iam

71 917 212 54 manifestata
241 917 99 54 est
297 917 99 54 non
354 917 141 54 operum
453 917 212 54 hypocrisis,
608 917 85 54 quam

74 954 105 45 pro
134 954 181 45 iusticia
270 954 166 45 homines
390 954 196 45 reputent,
540 954 105 45 sed
586 954 120 45 eiusmo

67 1001 76 46 di
105 1001 153 46 iusticia
220 1001 89 46 est
271 1001 165 46 reuelata,
398 1001 102 46 quam
461 1001 102 46 deus
525 1001 89 46 pro
563 1001 127 46 iusticia

70 1044 179 45 reputat.
204 1044 134 45 Nempe
294 1044 89 45 ea
338 1044 119 45 quae
413 1044 104 45 est
472 1044 104 45 per
532 1044 134 45 fidem
607 1044 89 45 lesu

65 1085 195 54 Christi.
211 1085 98 54 Et
260 1085 98 54 ad
309 1085 114 54 Ro.
374 1085 147 54 iiii.
472 1085 114 54 CRE
537 1085 147 54 DENTI
619 1085 81 54 re
