1000 1385
289 112 156 64 putatur
402 112 127 64 fides
487 112 85 64 ad
530 112 198 64 iustitiam.
685 112 85 64 Et
728 112 170 64 Genesis.
841 112 71 64 xv.

291 165 186 56 Credidit
431 165 171 56 Abraham
555 165 109 56 deo
617 165 78 56 &
648 165 202 56 reputatum
803 165 109 56 est
850 165 62 56 ei

288 211 84 57 ad
330 211 196 57 iustitiam,
484 211 126 57 atque
568 211 98 57 has
624 211 112 57 duas
694 211 140 57 quidem
778 211 126 57 senten-

285 251 124 46 tias,
368 251 83 46 ob
409 251 97 46 hoc
465 251 110 46 uolo
534 251 110 46 tibi
603 251 248 46 commendatiores
809 251 124 46 esse,

294 295 80 50 ut
334 295 186 50 intelligas
480 295 159 50 apposite
599 295 106 50 dici
666 295 133 50 fidem,
746 295 159 50 iusticiam.

288 336 239 40 Offenduntur
479 336 128 40 enim
559 336 112 40 hac
623 336 191 40 loquendi
766 336 144 40 forma
846 336 64 40 so

285 372 151 56 phistae,
398 372 88 56 cun
449 372 138 56 dicimus
549 372 113 56 fidem
624 372 100 56 esse
687 372 176 56 iusticiam.
825 372 88 56 Sed
863 372 50 56 ut

291 413 118 56 ndei
365 413 162 56 naturam
483 413 89 56 ac
527 413 103 56 uim
586 413 162 56 propius
690 413 221 56 contemplemur,

294 462 128 52 paulo
379 462 142 52 altius
479 462 114 52 eius
550 462 156 52 ὑπγραφή
664 462 185 52 repetenda
792 462 85 52 est.

277 496 76 51 ⁋
307 496 137 51 Satis
399 496 168 51 constat
521 496 153 51 uulgus
628 496 229 51 Sophistarum
811 496 137 51 fidem

288 544 143 55 uocare
388 544 171 55 adsensum
516 544 128 55 eorum
601 544 114 55 quae
673 544 200 55 scripturis
815 544 100 55 prodi

296 582 81 50 ta
337 582 122 50 sunt,
418 582 135 50 deinde
513 582 95 50 eam
567 582 108 50 esse
635 582 122 50 fidem
716 582 122 50 etiam
797 582 135 50 impio¬

292 628 105 45 rum.
358 628 145 45 Credere
463 628 119 45 etiam
542 628 158 45 inustos,
661 628 145 45 esseque
766 628 145 45 ociosam
858 628 53 45 in

293 672 146 41 anima
390 672 244 41 qualitatem,
586 672 195 41 communem
732 672 163 41 impiis
830 672 81 41 cum

290 709 125 52 piis.
373 709 83 52 Et
415 709 83 52 ne
457 709 97 52 non
512 709 181 52 elabantur
651 709 97 52 cum
707 709 139 52 uident
790 709 125 52 scriptu

288 747 99 55 ram
345 747 156 55 dicere,
458 747 142 55 Iustum
557 747 85 55 ex
600 747 113 55 fide
671 747 170 55 uiuerte.
799 747 113 55 Item
855 747 57 55 ex

285 790 109 53 fide
354 790 177 53 iusticiam
490 790 109 53 esse
558 790 150 53 fingunt
667 790 123 53 aliam
749 790 123 53 fidem
817 790 96 53 forma

291 833 105 49 tam,
357 833 79 49 id
396 833 105 49 est,
462 833 92 49 cum
515 833 158 49 caritate
633 833 198 49 coniunctam.
791 833 119 49 Aliam
857 833 53 49 in

287 876 149 55 formem,
396 876 81 55 id
436 876 108 55 est,
504 876 95 55 eam
558 876 108 55 quae
625 876 95 55 fit
679 876 122 55 etiam
760 876 81 55 in
787 876 122 55 impiis.

290 918 197 45 carentibus
445 918 183 45 caritate.
585 918 155 45 Adeoque
698 918 197 45 caussantur
839 918 70 45 ho-

289 962 131 44 mines
377 962 145 44 acuti,
479 962 189 44 Apostolum
624 962 131 44 falso
711 962 189 44 tribuisse
842 962 73 44 fi-

290 1001 103 54 dei,
355 1001 78 54 id
394 1001 103 54 quod
458 1001 168 54 caritatis
588 1001 116 54 erat,
665 1001 78 54 ut
704 1001 91 54 hac
756 1001 116 54 uelut
820 1001 91 54 ille-

292 1046 131 45 cebra
380 1046 88 45 ad
424 1046 131 45 fidem
511 1046 234 45 quamplurimos
701 1046 204 45 inuitatet.
847 1046 73 45 Iam

292 1080 78 71 &
324 1080 140 71 fidem
417 1080 186 71 infusam,
556 1080 78 71 &
587 1080 233 71 acquisitam,
773 1080 93 71 ac
804 1080 109 71 gene
