1000 1385
75 108 133 67 talem
164 108 74 67 &
194 108 207 67 specialem,
356 108 74 67 &
386 108 148 67 nescio
490 108 118 67 quae
549 108 148 67 portenta

80 169 189 45 uerborum
207 169 189 45 finxerunt.

84 200 76 58 ⁋
114 200 107 58 Sed
175 200 183 58 mittamus
313 200 122 58 ista
389 200 214 58 nugamenta,
557 200 107 58 nam
603 200 92 58 pau-

81 253 83 45 lo
123 253 111 45 post
192 253 193 45 coarguemus
344 253 180 45 sophistas
482 253 138 45 ipsius
579 253 97 45 rei
620 253 83 45 con-

87 293 159 48 ditione,
206 293 80 48 ut
246 293 186 48 permittant
392 293 119 48 nobis
471 293 119 48 fidem
551 293 93 48 non
604 293 119 48 esse,

81 334 91 50 id
126 334 121 50 quod
202 334 106 50 sic
263 334 121 50 ipsi
323 334 197 50 nominatunt.

87 370 69 59 ⁋
115 370 97 59 Non
170 370 152 59 obscura
281 370 97 59 uox
337 370 180 59 prophetae
475 370 111 59 est.
545 370 125 59 Dixit
614 370 83 59 insi

92 420 116 52 piens
169 420 77 52 in
208 420 116 52 corde
285 420 90 52 suo
337 420 90 52 non
388 420 90 52 est
440 420 116 52 deus.
517 420 77 52 Et
543 420 154 52 uulgatissi

85 455 95 55 mum
140 455 95 55 est
194 455 122 55 illud
275 455 135 55 Pauli.
369 455 81 55 i.
410 455 149 55 Corint.
518 455 95 55 ii.
559 455 135 55 Animalis

89 501 111 49 homo
159 501 98 49 non
214 501 167 49 percipit
340 501 84 49 ea
382 501 111 49 quae
451 501 111 49 sunt
521 501 181 49 spiritus.
646 501 56 49 Et

90 541 175 51 Exechiel.
224 541 121 51 xxix.
304 541 107 51 Meus
372 541 94 51 est
425 541 161 51 fiuuius,
546 541 67 51 &
573 541 94 51 ego
613 541 81 51 feci

92 583 160 49 meipsum.
212 583 173 49 Huiusmodi
345 583 187 49 sententiae
492 583 187 49 testantur,
625 583 67 49 car

86 624 93 58 nem
139 624 120 58 nihil
219 624 106 58 nisi
285 624 159 58 carnalia
405 624 133 58 sapere
497 624 93 58 aut
537 624 173 58 cognoscere.

91 665 102 47 Esse
155 665 115 47 deum,
232 665 90 47 dei
283 665 102 47 ira,
347 665 90 47 dei
398 665 217 47 misericordia,
564 665 141 47 spiritua-

91 708 92 50 lia
143 708 118 50 sunt,
222 708 92 50 non
275 708 145 50 possunt
380 708 132 50 igitur
472 708 66 50 a
499 708 118 50 carne
564 708 145 50 cognosci.

87 748 173 52 Proinde
213 748 157 52 quidqd
323 748 94 52 de
370 748 110 52 deo
433 748 204 52 cognoscit
574 748 141 52 natura,

97 795 101 57 sine
161 795 139 57 spiritu
262 795 89 57 dei
313 795 190 57 instaurante
464 795 63 57 &
490 795 190 57 illustrante
629 795 76 57 cor-

100 830 76 55 da
138 830 138 55 nostra,
239 830 189 55 qualecumque
390 830 101 55 sit,
453 830 138 55 frigida
553 830 126 55 opinio
642 830 101 55 est,

103 878 93 53 non
156 878 133 53 fides,
249 878 146 53 adeoque
356 878 120 53 nihil
435 878 106 53 nisi
502 878 173 53 simulatio
635 878 67 53 &
648 878 67 53 hy-

100 918 187 56 pocrisis,
244 918 187 56 ignoratio
388 918 101 56 dei
445 918 72 56 &
474 918 216 56 contemptus.
633 918 86 56 Quan

102 964 107 45 quam
169 964 107 45 hanc
236 964 121 45 ipsam
316 964 188 45 hypocrisin
463 964 94 45 non
517 964 147 45 cernant
611 964 107 45 carna-

103 997 87 63 les
152 997 124 63 oculi.
239 997 136 63 Spirits
338 997 74 63 at
376 997 112 63 omnia
450 997 174 63 diiudicat.
587 997 74 63 Et
624 997 74 63 ut
649 997 74 63 exem

105 1051 103 50 plis
169 1051 90 50 res
221 1051 141 50 agatur.
324 1051 141 50 Fidelis
426 1051 141 50 uidetur
529 1051 129 50 fuisse
619 1051 103 50 Saul
671 1051 51 50 in

99 1085 178 65 speciem,
233 1085 104 65 sed
292 1085 208 65 hypocrisin
456 1085 178 65 declarat
574 1085 149 65 euentus.
