1000 1385
88 104 118 52 sibi
162 104 162 52 quidem,
280 104 103 52 sed
339 104 133 52 aliis
427 104 221 52 remissionem
589 104 118 52 pecca-

92 144 120 58 torum
172 144 200 58 contingere.
332 144 133 58 Quaeso
425 144 107 58 enim
492 144 80 58 an
532 144 93 58 non
585 144 93 58 iis
625 144 80 58 quoq

90 185 142 57 impiis
189 185 171 57 promissa
317 185 99 57 est
374 185 199 57 condonatio
530 185 199 57 peccatorum
672 185 43 57 :

83 224 101 51 sed
140 224 101 51 non
198 224 216 51 instituimus
370 224 201 51 disputare,
528 224 172 51 contenti
643 224 72 51 pau

94 265 97 53 cis
150 265 180 53 indicasse
288 265 111 53 quid
358 265 139 53 nomine
455 265 125 53 fidei
524 265 194 53 significare-

100 309 106 53 tur.
166 309 120 53 Extat
246 309 146 53 Eutheri
352 309 159 53 libellus
472 309 80 53 de
512 309 186 53 Christiana
645 309 66 53 li-

99 351 167 49 bertate,
224 351 70 49 e
252 351 97 49 quo
308 351 97 49 qui
363 351 125 49 uolet
447 351 125 49 fidei
516 351 195 49 commendatio-

93 395 95 49 nes
148 395 122 49 alias
229 395 176 49 requitat.
365 395 122 49 Porro
446 395 122 49 fidei
527 395 108 49 uim,
595 395 136 49 opinor
676 395 41 49 e

93 434 202 52 scripturae
251 434 173 52 exemplis
382 434 159 52 clarius
483 434 202 52 cognoscemus.

97 470 187 52 â‹Genesis.
240 470 101 52 xv.
298 470 187 52 promittit
441 470 244 52 misericordiam
628 470 86 52 suam

95 518 160 51 Abrahae
212 518 116 51 deus
284 518 145 51 uerbis
386 518 218 51 magnificis.
560 518 116 51 Noli
618 518 102 51 time-

96 566 86 49 te
139 566 172 49 Abraham,
268 566 101 49 ego
325 566 187 49 protector
469 566 115 49 tuus
541 566 115 49 sum,
613 566 72 49 &
627 566 86 49 mer-

101 605 100 51 ees
158 605 100 51 tua
215 605 128 51 magna
300 605 143 51 ualde.
400 605 128 51 Paulo
486 605 114 51 post
543 605 171 51 pollicetur

98 641 112 61 etiam
172 641 212 61 posteritatem,
347 641 150 61 Sequitur
460 641 125 61 autem,
547 641 150 61 Credidit
647 641 75 61 Abra

97 687 92 44 ham
149 687 105 44 deo,
215 687 66 44 &
241 687 171 44 reputatum
373 687 92 44 est
425 687 79 44 ei
465 687 79 44 ad
504 687 184 44 iustitiam.
635 687 79 44 Quid

95 733 129 36 igitur
185 733 154 36 credebat
301 733 141 36 Abrahae
404 733 90 36 non
455 733 116 36 aliud
532 733 103 36 nisi
596 733 103 36 esse
648 733 77 36 deum

97 756 110 56 immo
166 756 69 56 &
194 756 207 56 promissioni
359 756 96 56 dei
414 756 179 56 credidit,
552 756 138 56 eamque
635 756 96 56 fidem

102 805 140 66 deinde
200 805 196 66 declarauit
354 805 154 66 egregio
467 805 168 66 exemplo,
593 805 98 66 cum
635 805 98 66 filiu

97 861 126 40 esset
181 861 225 40 immolaturus,
364 861 126 40 nihil
448 861 183 40 dubitans,
589 861 112 40 quin
645 861 70 40 da-

103 888 112 57 turus
177 888 112 57 esset
252 888 99 57 deus
314 888 211 57 posteritatem,
488 888 112 57 etiam
562 888 87 57 hoc
612 888 112 57 filio
674 888 50 57 ne

108 928 103 57 cato
173 928 77 57 am
211 928 90 57 cum
263 928 116 57 fides
341 928 90 57 sit
392 928 168 57 adsentiri
521 928 116 57 uerbo
599 928 103 57 dei,
651 928 77 57 quid

91 973 202 55 crediderit
249 973 159 55 Abraham
365 973 87 55 ex
408 973 216 55 promissione
581 973 144 55 quoque
667 973 58 55 sa

101 1024 85 35 tis
149 1024 146 35 apparet,
259 1024 85 35 cum
307 1024 73 35 se
344 1024 182 35 protectorem
489 1024 97 35 illi
550 1024 134 35 addicit
647 1024 97 35 des.

96 1060 114 68 Ergo
167 1060 157 68 credunt
281 1060 100 68 qui
338 1060 100 68 pro
395 1060 214 68 protectore,
566 1060 100 68 pro
609 1060 114 68 patre,
