1000 1385
96 91 72 62 &
124 91 159 62 silibs.
240 91 116 62 Haec
313 91 174 62 oportuit
443 91 145 62 monere
544 91 101 62 quo
588 91 130 62 facilis

105 146 130 53 postea
196 146 156 53 indicari
313 146 130 53 posset
404 146 117 53 legis
483 146 78 53 ac
522 146 104 53 grae
574 146 143 53 discrimem

105 187 95 57 Imo
160 187 95 57 quo
214 187 204 57 certisetiam
377 187 163 57 cognosci
499 187 149 57 posset,
607 187 95 57 num
648 187 68 57 qui

101 227 91 44 sit
153 227 118 44 penes
232 227 144 44 hominem
336 227 170 44 libertas.
467 227 78 44 Et
506 227 78 44 in
545 227 91 44 hac
597 227 78 44 re
624 227 91 44 mitum

102 270 96 52 est,
162 270 96 52 quam
222 270 132 52 operose
318 270 132 52 uersati
414 270 96 52 sint
474 270 84 52 tum
522 270 144 52 ueteres,
630 270 84 52 tum
666 270 48 52 no

104 313 78 42 ui.
149 313 90 42 Nos,
205 313 67 42 si
238 313 101 42 quies
306 313 90 42 haec
362 313 202 42 calunniabitur,
530 313 134 42 libenter
631 313 56 42 &
642 313 67 42 for-

91 351 122 51 titer
173 351 163 51 tuebimur
295 351 108 51 nia.
363 351 122 51 Volui
444 351 108 51 enim
512 351 95 51 mon
552 351 163 51 pinguissi-

92 392 89 52 me
137 392 192 52 delineare
285 392 178 52 hominem,
418 392 74 52 &
448 392 148 52 uideor
551 392 133 52 mihi,
625 392 89 52 quam

97 438 93 44 tum
150 438 106 44 oino
216 438 159 44 retulit,
336 438 80 44 de
376 438 146 44 hominis
482 438 146 44 partibs
575 438 133 44 dixisse-

132 478 179 43 Pertinet
267 478 135 43 autem
356 478 90 43 ad
401 478 105 43 uim
461 478 224 43 cognoscendi
625 478 75 43 lex

93 518 127 56 idest
177 518 169 56 cognitio
304 518 211 56 faciendoge.
473 518 84 56 Ad
515 518 99 56 uim
557 518 141 56 affectui

97 558 144 57 uittus,
201 558 170 57 peccatum.
332 558 157 57 Ribertas
450 558 91 57 non
502 558 144 57 dicitur
593 558 118 57 proprie

91 607 131 43 cadere
183 607 79 43 in
222 607 131 43 partem
314 607 223 43 cognoscentem,
497 607 118 43 uerum
576 607 79 43 ea
602 607 105 43 uolun-

101 649 99 50 tati
162 649 197 50 obtemperans,
323 649 86 50 huc
372 649 86 50 aut
421 649 111 50 illuc
495 649 148 50 rapitur.
606 649 86 50 Est
643 649 62 50 au-

96 680 90 58 tem
147 680 166 58 libertas,
275 680 115 58 posse
352 680 128 58 agere,
441 680 90 58 aut
493 680 90 58 non
544 680 128 58 agere,
620 680 90 58 posse

101 722 85 53 uic
149 722 85 53 aut
198 722 121 53 aliter
282 722 121 53 agere.
367 722 121 53 Itaque
452 722 73 53 in
488 722 169 53 questionem
609 722 97 53 uocatr

92 764 89 55 sit
143 764 77 55 ne
182 764 128 55 libera
271 764 166 55 uoluntas,
399 764 64 55 &
424 764 153 55 quatenus
539 764 128 55 libera
628 764 102 55 sit.

126 807 199 50 REoPON.
271 807 181 50 Quando
397 807 181 50 quidem
524 807 145 50 omia
596 807 109 50 quae

93 852 173 52 eueniunt,
226 852 186 52 necessario
372 852 120 52 iuxta
452 852 146 52 diuinam
545 852 160 52 praedesti-

90 899 154 39 nationem
206 899 167 39 eueniunt,
334 899 116 39 nulla
411 899 90 39 est
462 899 180 39 uoluntatis
604 899 141 39 nostrae

88 936 172 45 libertas.
220 936 119 45 Paul.
299 936 79 45 ad
339 936 93 45 Ro.
392 936 93 45 xi.
445 936 145 45 Quoniam
551 936 79 45 ex
590 936 119 45 ipso,
656 936 40 45 &

85 974 88 54 in
129 974 103 54 ipo
188 974 103 54 &c.
247 974 88 54 Ad
291 974 162 54 Ephe.i.
409 974 103 54 Qui
468 974 177 54 operatur
600 974 103 54 ona
644 974 74 54 se-

87 1015 146 46 cundum
190 1015 190 46 consilium
336 1015 205 46 uoluntatis
497 1015 132 46 suae.
585 1015 117 46 Mat.
643 1015 59 46 x.

83 1062 117 49 None
157 1062 102 49 duo
215 1062 176 49 passeres
347 1062 117 49 asse
420 1062 176 49 ueneunt,
552 1062 73 49 &
581 1062 117 49 unus
639 1062 59 49 ex

89 1101 114 45 illis
166 1101 89 45 non
216 1101 114 45 cadet
293 1101 114 45 super
369 1101 127 45 terram
458 1101 102 45 sine
521 1101 114 45 patre
585 1101 114 45 uestro.
