1000 1385
284 116 125 66 hiaud
368 116 125 66 dubie
451 116 125 66 alias
535 116 111 66 boni
605 116 111 66 uiri
674 116 84 66 in
716 116 167 66 speciem.
827 116 84 66 Haec

284 176 96 50 est
339 176 192 50 hypocrisis
490 176 165 50 hominum,
614 176 96 50 qui
669 176 82 50 ad
710 176 96 50 eum
765 176 124 50 modum
833 176 69 50 fu-

280 214 117 51 cati
354 214 117 51 sunt
427 214 132 51 bonis
515 214 176 51 operibus
646 214 103 51 cor
705 214 132 51 autem
793 214 103 51 non
837 214 73 51 est

283 261 173 55 erectum,
413 261 159 55 fiducia
528 261 72 55 &
557 261 145 55 gaudio
658 261 87 55 in
702 261 116 55 deo,
774 261 101 55 cum
817 261 87 55 hanc

280 300 111 58 unam
349 300 166 58 fiduciam
474 300 166 58 requirat
599 300 125 58 deus,
682 300 97 58 cum
738 300 139 58 illius
821 300 97 58 unius

276 344 237 39 confirmandae
469 344 163 39 gratia,
587 344 148 39 filium
691 344 178 39 dederit,
824 344 89 39 ne
854 344 59 39 de

282 383 120 49 bona
357 383 194 49 uoluntate
506 383 120 49 erga
581 383 105 49 nos
641 383 105 49 sua
701 383 209 49 dubitemus,
850 383 60 49 ut

283 425 169 54 ponamus
405 425 92 54 in
451 425 107 54 deo
513 425 123 54 spem
589 425 184 54 nostram,
727 425 77 54 &
758 425 107 54 non
804 425 107 54 obli-

287 465 171 54 uiscamur
415 465 142 54 operum
514 465 114 54 dei,
585 465 71 54 &
614 465 156 54 mandata
727 465 114 54 eius
784 465 114 54 requi-

289 505 136 56 ramus.
385 505 123 56 Psal.
466 505 150 56 Ixxvii.
575 505 109 56 Ite.
643 505 82 56 i.
684 505 218 56 TαρααγαRήov.
848 505 54 56 v.

301 547 110 55 Deum
370 547 234 55 inuocauetunt,
562 547 96 55 cum
617 547 234 55 preliarentur,
810 547 69 55 &
824 547 82 55 exau

291 588 119 59 diuit
370 588 106 59 eos,
436 588 79 59 eo
476 588 93 59 que
529 588 212 59 credidissent
701 588 79 59 in
741 588 106 59 eum.
807 588 93 59 Et.
847 588 66 59 ii.

284 630 273 61 σαραγαπααααv.
509 630 129 61 xvi.
589 630 145 61 Oculi
686 630 161 61 domini
782 630 129 61 contem

285 682 167 50 plantur
406 682 197 50 uniuersam
558 682 167 50 terram,
679 682 76 50 &
710 682 167 50 prebent
816 682 91 50 for-

280 718 249 50 titudinem
471 718 134 50 his
548 718 134 50 qui
625 718 172 50 CoRnE
720 718 192 50 pEgtECTo

286 761 173 51 credunt
412 761 94 51 in
459 761 126 51 eum.
538 761 110 51 Vbi
601 761 126 51 Asam
679 761 141 51 regem
774 761 126 51 luda
836 761 79 51 pro

292 799 130 54 pheta
378 799 130 54 Anani
464 799 144 54 taxat,
565 799 158 54 Syrorum
681 799 173 54 auxiliis
796 799 115 54 fiden-

292 840 131 49 tem.
373 840 147 49 Verum
472 840 131 49 haud
553 840 147 49 scio,
651 840 98 49 an
700 840 164 49 usquam
799 840 114 49 fidei

295 881 109 55 uim
358 881 171 55 exemplo
482 881 171 55 potiore
606 881 186 55 exhibeat
730 881 186 55 scriptura,

295 922 120 57 quam
370 922 90 57 id
415 922 105 57 est
475 922 120 57 quod
550 922 90 57 de
595 922 195 57 losaphat.
744 922 105 57 ii.
789 922 120 57 σαραe-

292 969 160 45 πααήγή.
409 969 102 45 xx.
467 969 175 45 legitur,
599 969 102 45 cum
657 969 117 45 ille
730 969 204 45 Ammonitas,

292 1006 74 55 &
322 1006 178 55 Moabitas
455 1006 118 55 solo
529 1006 133 55 cantu
618 1006 192 55 funderet,
766 1006 104 55 nec
810 1006 104 55 aliud

297 1049 220 53 praecepisset
476 1049 179 53 exercitui
614 1049 110 53 suo,
682 1049 110 53 quam
751 1049 83 53 ut
779 1049 138 53 consiste

293 1093 118 46 rent
367 1093 236 46 confidenter.
558 1093 177 46 Eiusmodi
691 1093 103 46 est
750 1093 74 46 &
765 1093 147 46 Ezechiae

269 1139 224 56 exemplum.
