1000 1385
94 109 145 73 ⁋Quam
190 109 145 73 fidem
287 109 145 73 autem
383 109 225 73 requirebat
560 109 96 73 ab
592 109 113 73 Acha-

86 151 148 64 Esaias,
193 151 108 64 cap.
260 151 121 64 vii,.
341 151 94 64 cum
395 151 121 64 uetat
475 151 148 64 auxilia
570 151 134 64 Assyrio-

81 193 102 60 rum
139 193 203 60 implorare,
298 193 247 60 polliceturque
501 193 116 60 opem
559 193 145 60 diuinam,

76 240 171 69 addens,
201 240 93 69 Si
248 240 109 69 non
310 240 265 69 credideritis,
528 240 109 69 non
574 240 125 69 perma

71 288 139 53 nebitis.

105 308 157 79 ⁋Plenae
219 308 115 79 sunt
291 308 129 79 huius
377 308 157 79 generis
491 308 200 79 exemplorum
634 308 72 79 sa-

82 357 102 66 crae
146 357 166 66 historiae
274 357 128 66 omnes,
363 357 102 66 erit
427 357 128 66 igitur
517 357 89 66 pii
568 357 77 66 ac
593 357 128 66 studiosi

79 402 177 62 lectoris,
216 402 68 62 &
243 402 95 62 pro
297 402 163 62 discenda
420 402 123 62 fidei
502 402 163 62 ratione,
624 402 68 62 &
638 402 68 62 pro

83 442 234 61 confirmanda
270 442 234 61 conscientia
458 442 203 61 decerpere
598 442 109 61 exem-

90 499 121 51 pla.
166 499 197 51 Repetemus
317 499 136 51 autem
408 499 166 51 aliquot
529 499 136 51 locos
604 499 106 51 etiam

84 528 78 58 ex
123 528 143 58 literis
227 528 104 58 noui
293 528 196 58 testamenti,
449 528 91 58 uel
501 528 78 58 in
540 528 91 58 hoc
593 528 78 58 ut
619 528 91 58 intel

87 576 151 61 ligatur
197 576 110 61 idem
266 576 165 61 spiritus
389 576 110 61 esse
458 576 206 61 historiarum
609 576 96 61 utri-

91 622 120 50 usque
157 622 173 50 testamenti.

88 645 106 66 ⁋Et
149 645 91 66 ut
194 645 121 66 hinc
270 645 152 66 ordiat
376 645 167 66 Actuum.
498 645 106 66 xv.
558 645 137 66 negat
634 645 76 66 Pe-

89 692 106 58 trus
155 692 159 58 operibus
274 692 119 58 legis
354 692 212 58 iustificatos
526 692 146 58 patres,
618 692 93 58 quan-

95 747 99 52 quam
157 747 74 52 in
194 747 99 52 lege
256 747 161 52 uiuerent,
380 747 87 52 sed
430 747 112 52 fide.
504 747 149 52 additque
616 747 99 52 fide
665 747 50 52 pu

90 789 147 54 rificari
200 789 123 54 corda,
286 789 98 54 quae
347 789 98 54 nisi
409 789 74 54 tu
445 789 184 54 intelligas,
592 789 110 54 sicut
654 789 61 54 ipe

95 825 166 56 exponit,
220 825 83 56 de
261 825 152 56 fiducia
372 825 152 56 gratiae
483 825 69 56 &
496 825 208 56 misericordiae

100 874 93 42 dei,
159 874 81 42 iam
205 874 93 42 toto
263 874 105 42 erras
333 874 116 42 coelo,
414 874 81 42 qui
461 874 93 42 enim
519 874 105 42 fieri
589 874 140 42 poterit,

95 903 78 53 ut
134 903 117 53 fides
212 903 195 53 scholastica
368 903 117 53 corda
447 903 182 53 purificet?
590 903 104 53 Vult
642 903 65 53 er-

94 952 78 53 go
133 952 130 53 Petrus
224 952 117 53 omnia
303 952 117 53 opera
381 952 130 53 patrum
472 952 157 53 Dauidis,
590 952 143 53 Esaiae,

92 992 172 49 Hieremiae
224 992 146 49 peccata
330 992 146 49 fuisse,
436 992 212 49 iustificatos
608 992 79 49 at
635 992 79 49 esse

89 1030 109 61 sola
158 1030 151 61 fiducia
267 1030 233 61 misericordiae
459 1030 96 61 dei
513 1030 82 61 in
555 1030 151 61 Christo
650 1030 55 61 p-

91 1073 145 69 missae.
196 1073 119 69 Sicut
275 1073 119 69 saepe
354 1073 171 69 prophetae
486 1073 79 69 de
526 1073 79 69 se
552 1073 158 69 testantur.
