1000 1385
277 113 115 63 Haec
349 113 158 63 fiducia
464 113 130 63 bonae
550 113 202 63 uoluntatis
708 113 101 63 dei
752 113 158 63 spargitur

276 176 92 44 in
322 176 138 44 omnem
414 176 154 44 uitam,
521 176 92 44 in
567 176 138 44 omnia
659 176 154 44 opera,
767 176 92 44 in
798 176 107 44 omnes

284 213 210 48 tentationes
452 213 196 48 corporales
607 213 70 48 &
621 213 196 48 spirituales.

273 253 68 57 ⁋
301 253 110 57 Vnam
369 253 164 57 eademque
492 253 123 57 fides
574 253 110 57 est,
643 253 96 57 qua
698 253 164 57 creditur
821 253 110 57 deo,

290 305 95 48 qua
344 305 149 48 fiditur
452 305 162 48 bonitate
573 305 108 48 dei,
641 305 203 48 qualicunque
789 305 108 48 tenta-

293 351 131 37 tione,
384 351 196 37 Spiritualis
541 351 157 37 tentatio
659 351 105 37 illa
724 351 157 37 mulieris
829 351 78 37 pec-

286 382 160 52 catricis
405 382 106 52 erat
472 382 133 52 Rucae.
565 382 106 52 vii,
632 382 106 52 quam
698 382 133 52 erexit
778 382 133 52 Christus

281 426 182 45 inquiens,
421 426 210 45 remittuntur
589 426 112 45 tibi
659 426 154 45 peccata
771 426 112 45 tua.
827 426 84 45 Item

277 463 127 60 Fides
362 463 99 60 tua
418 463 85 60 te
460 463 141 60 saluam
559 463 141 60 fecit,
658 463 113 60 uade
729 463 85 60 in
771 463 127 60 pace.
841 463 71 60 Cor

282 500 154 61 poralia
394 500 126 61 erant
477 500 167 61 pleraque
603 500 98 61 cum
659 500 140 61 morbos
757 500 167 61 curaret,
868 500 42 61 &

275 545 238 53 incredulitatem
473 545 212 53 discipulorum
645 545 79 53 in
685 545 79 53 re
725 545 172 53 corporali
844 545 66 53 ar-

277 590 115 53 guit.
354 590 128 53 Matth.
444 590 103 53 xvi.
508 590 90 53 cum
559 590 103 53 illi
623 590 77 53 de
662 590 141 53 panibus
764 590 128 53 essent
841 590 64 53 sol

287 638 142 47 liciti.
390 638 90 47 Sic
442 638 103 47 enim
507 638 168 47 increpat,
636 638 103 47 Quid
700 638 168 47 cogitatis
817 638 90 47 inter

286 672 91 49 uos
338 672 142 49 modicae
441 672 142 49 fideit?
545 672 91 49 &c.
597 672 78 49 Et
635 672 129 49 patris
726 672 116 49 curam
804 672 78 49 de
829 672 78 49 suis

284 717 85 49 in
326 717 85 49 re
369 717 184 49 corporali
511 717 156 49 quoties
624 717 184 49 inculcat?
766 717 128 49 Matt.
837 717 71 49 vi.

276 757 114 53 Scit
347 757 128 53 pater
433 757 143 53 uester
532 757 100 53 que
589 757 100 53 his
646 757 157 53 omnibus
760 757 114 53 opus
817 757 86 53 habe

283 796 111 58 tis.
352 796 97 58 Et.
408 796 83 58 x.
449 796 138 58 Multis
546 796 194 58 passeribus
698 796 166 58 meliores
809 796 97 58 estis

277 837 123 52 uos.
353 837 92 52 Et
399 837 199 52 huiusmodi
553 837 215 52 corporalia
721 837 107 52 non
767 837 138 52 contem-

278 880 132 54 nenda
366 880 191 54 rudimenta
513 880 117 54 sunt
586 880 205 54 exercendae
733 880 117 54 fidei.

283 924 79 54 ⁋
315 924 126 54 Haec
394 924 142 54 moneo
488 924 95 54 ne
535 924 126 54 quid
614 924 205 54 laboremus
756 924 142 54 distin-

287 961 171 58 guendis
412 961 281 58 promissionibus
646 961 187 58 diuinis.
786 961 125 58 Sunt
849 961 62 58 em

287 1003 117 55 aliae
365 1003 117 55 rerum
443 1003 208 55 corporalium,
613 1003 78 55 ut
652 1003 143 55 ueteris
743 1003 156 55 testamenti

291 1045 107 60 ens.
357 1045 120 60 Aliae
437 1045 213 60 spirituales,
611 1045 107 60 quae
677 1045 147 60 proprie
784 1045 80 60 ad
811 1045 93 60 nouum

283 1088 202 59 testamentum
444 1088 188 59 pertinent.
592 1088 94 59 Sic
646 1088 108 59 enim
713 1088 135 59 sentio
807 1088 94 59 nec
848 1088 67 59 pro
