1000 1385
83 87 119 75 inde
157 87 104 75 nos
217 87 253 75 simplicissima
425 87 134 75 uerba
499 87 223 75 simplicissima

79 148 165 49 sententia
206 148 178 49 referemus.
346 148 114 49 Fidem
423 148 102 49 esse
486 148 203 49 certitudinem
639 148 76 49 eoge

82 193 111 48 quae
151 193 97 48 non
207 193 180 48 adparent.
345 193 166 48 Obsecro,
470 193 111 48 quid
539 193 97 48 est
581 193 138 48 certitu,

85 233 97 49 do?
141 233 83 49 at
182 233 181 49 diuinarum
322 233 83 49 ac
363 233 223 49 spiritualium
544 233 125 49 rerum
628 233 125 49 nihil

87 281 114 43 certo
163 281 114 43 tenet
239 281 139 43 natura,
340 281 101 43 nisi
403 281 88 43 per
454 281 152 43 spiritum
567 281 139 43 sanctum
656 281 63 43 il-

84 317 171 48 lustrata.
215 317 92 48 Iam
268 317 66 48 &
294 317 197 48 sperandarum
452 317 118 48 rerum
518 317 197 48 expectationem

84 359 165 59 adpellat.
211 359 89 59 Non
262 359 89 59 est
312 359 127 59 igitur
401 359 114 59 fides
477 359 139 59 credere
578 359 114 59 minis
642 359 63 59 tan

91 406 115 52 tum,
163 406 115 52 immo
235 406 101 52 hoc
293 406 144 52 potius
394 406 159 52 timorem
509 406 130 52 uocat
581 406 130 52 scriptu

91 438 97 60 ra,
146 438 97 60 sed
202 438 69 60 &
229 438 249 60 promissionibus
437 438 166 60 credere,
561 438 97 60 hoc
616 438 97 60 est
658 438 69 60 fi-

89 489 117 46 dere
162 489 234 46 misericondia
352 489 73 46 &
381 489 175 46 bonitate
513 489 117 46 dei,
571 489 146 46 aduersus

90 526 163 56 iniuriam
213 526 136 56 mundi,
308 526 163 56 peccati,
430 526 149 56 mortis,
539 526 149 56 adeoque
634 526 95 56 poren

93 565 123 59 tatum
176 565 151 59 inferi.
285 565 123 59 Viden
367 565 233 59 expectationem
559 565 123 59 rerum
628 565 82 59 quae

93 613 157 60 sperantur
213 613 157 60 adpellari
334 613 120 60 fidem.
418 613 84 60 Non
466 613 229 60 crenduugigitur,
659 613 84 60 qui

94 655 99 54 non
151 655 184 54 expectant
292 655 184 54 promissam
434 655 170 54 salutema
562 655 85 54 At
605 655 142 54 dices,

96 695 126 55 credo
180 695 182 55 promissam
320 695 168 55 salutem,
445 695 98 55 sed
501 695 126 55 aliis
571 695 140 55 obuentu-

99 730 102 49 ram.
163 730 89 49 Sic
214 730 102 49 enim
277 730 127 49 sentit
367 730 115 49 caro.
443 730 89 49 Sed
494 730 115 49 audi,
570 730 76 49 An
608 730 89 49 non
647 730 76 49 haec

94 784 103 49 tibi
159 784 129 49 quoque
249 784 155 49 promissa
365 784 116 49 sunt?
443 784 77 49 An
482 784 90 49 non
533 784 77 49 in
572 784 116 49 omnes
637 784 77 49 gen-

102 812 89 62 tes
153 812 190 62 praedicatum
305 812 89 62 est
356 812 190 62 Euangeliums
508 812 89 62 non
559 812 127 62 credis
635 812 89 62 igiem

96 864 81 50 ni
137 864 108 50 tibi
205 864 136 50 quoque
300 864 149 50 salurem
408 864 176 50 promissam
544 864 149 50 credas.
639 864 81 50 Cer-

94 910 83 46 ta
136 910 166 46 impietas
260 910 69 46 &
288 910 207 46 infidelitas
453 910 111 46 est,
523 910 97 46 non
578 910 111 46 omni
633 910 83 46 uer-

98 942 84 65 bo
140 942 98 65 dei
196 942 167 65 credere,
321 942 98 65 aut
377 942 154 65 credere
489 942 98 65 non
545 942 140 65 posse,
642 942 98 65 que
684 942 42 65 &

90 986 117 50 tibi
163 986 102 50 sit
222 986 175 50 promissa
353 986 175 50 remissio
469 986 190 50 peccatorum.

96 1026 72 51 â‹
124 1026 157 51 Subicit
239 1026 129 51 autem
325 1026 229 51 definitionis
510 1026 157 51 exempla
611 1026 114 51 Episto

83 1069 82 49 Ia
124 1069 82 49 ad
165 1069 177 49 Hebraeos.
302 1069 109 49 Fide
370 1069 205 49 intelligims
534 1069 164 49 conditum
643 1069 82 49 esse
