<?xml version="1.0" encoding="UTF-8"?>
<alto xmlns:xsi="http://www.w3.org/2001/XMLSchema-instance"
      xmlns="http://www.loc.gov/standards/alto/ns-v2#"
      xmlns:page="http://schema.primaresearch.org/PAGE/gts/pagecontent/2013-07-15"
      xsi:schemaLocation="http://www.loc.gov/standards/alto/ns-v2# http://www.loc.gov/standards/alto/alto.xsd">
   <Description>
      <MeasurementUnit>pixel</MeasurementUnit>
      <OCRProcessing ID="IdOcr">
         <ocrProcessingStep>
            <processingDateTime>2020-12-02T20:02:13.205-05:00</processingDateTime>
            <processingSoftware>
               <softwareCreator>READ COOP</softwareCreator>
               <softwareName>Transkribus</softwareName>
            </processingSoftware>
         </ocrProcessingStep>
      </OCRProcessing>
   </Description>
   <Tags/>
   <Layout>
      <Page ID="Page1" PHYSICAL_IMG_NR="1" HEIGHT="1385" WIDTH="1000">
         <TopMargin HEIGHT="0" WIDTH="1000" VPOS="0" HPOS="0"/>
         <LeftMargin HEIGHT="1385" WIDTH="0" VPOS="0" HPOS="0"/>
         <RightMargin HEIGHT="1385" WIDTH="0" VPOS="0" HPOS="1000"/>
         <BottomMargin HEIGHT="0" WIDTH="1000" VPOS="1385" HPOS="0"/>
         <PrintSpace HEIGHT="1385" WIDTH="1000" VPOS="0" HPOS="0">
            <TextBlock ID="r2" HEIGHT="1002" WIDTH="621" VPOS="135" HPOS="294">
               <Shape>
                  <Polygon POINTS="294,135 294,1137 915,1137 915,135"/>
               </Shape>
               <TextLine ID="r2l1"
                         BASELINE="175"
                         HEIGHT="81"
                         WIDTH="616"
                         VPOS="94"
                         HPOS="301">
                  <String HEIGHT="81" WIDTH="94" VPOS="94" HPOS="288" CONTENT="cut"/>
                  <SP HEIGHT="81" WIDTH="13" VPOS="94" HPOS="381"/>
                  <String HEIGHT="81"
                          WIDTH="134"
                          VPOS="94"
                          HPOS="341"
                          CONTENT="Paulus"/>
                  <SP HEIGHT="81" WIDTH="13" VPOS="94" HPOS="475"/>
                  <String HEIGHT="81" WIDTH="107" VPOS="94" HPOS="435" CONTENT="ait,"/>
                  <SP HEIGHT="81" WIDTH="13" VPOS="94" HPOS="542"/>
                  <String HEIGHT="81"
                          WIDTH="161"
                          VPOS="94"
                          HPOS="502"
                          CONTENT="Peccatum"/>
                  <SP HEIGHT="81" WIDTH="13" VPOS="94" HPOS="663"/>
                  <String HEIGHT="81" WIDTH="107" VPOS="94" HPOS="622" CONTENT="est,"/>
                  <SP HEIGHT="81" WIDTH="13" VPOS="94" HPOS="730"/>
                  <String HEIGHT="81"
                          WIDTH="161"
                          VPOS="94"
                          HPOS="689"
                          CONTENT="quidquid"/>
                  <SP HEIGHT="81" WIDTH="13" VPOS="94" HPOS="850"/>
                  <String HEIGHT="81" WIDTH="94" VPOS="94" HPOS="810" CONTENT="non"/>
                  <SP HEIGHT="81" WIDTH="13" VPOS="94" HPOS="904"/>
                  <String HEIGHT="81" WIDTH="67" VPOS="94" HPOS="850" CONTENT="fit"/>
               </TextLine>
               <TextLine ID="r2l2"
                         BASELINE="218"
                         HEIGHT="45"
                         WIDTH="619"
                         VPOS="173"
                         HPOS="301">
                  <String HEIGHT="45" WIDTH="84" VPOS="173" HPOS="287" CONTENT="ex"/>
                  <SP HEIGHT="45" WIDTH="14" VPOS="173" HPOS="371"/>
                  <String HEIGHT="45"
                          WIDTH="127"
                          VPOS="173"
                          HPOS="329"
                          CONTENT="fide."/>
                  <SP HEIGHT="45" WIDTH="14" VPOS="173" HPOS="456"/>
                  <String HEIGHT="45" WIDTH="84" VPOS="173" HPOS="414" CONTENT="Et"/>
                  <SP HEIGHT="45" WIDTH="14" VPOS="173" HPOS="498"/>
                  <String HEIGHT="45" WIDTH="98" VPOS="173" HPOS="456" CONTENT="per"/>
                  <SP HEIGHT="45" WIDTH="14" VPOS="173" HPOS="554"/>
                  <String HEIGHT="45"
                          WIDTH="141"
                          VPOS="173"
                          HPOS="512"
                          CONTENT="Arcam,"/>
                  <SP HEIGHT="45" WIDTH="14" VPOS="173" HPOS="653"/>
                  <String HEIGHT="45"
                          WIDTH="113"
                          VPOS="173"
                          HPOS="611"
                          CONTENT="ait."/>
                  <SP HEIGHT="45" WIDTH="14" VPOS="173" HPOS="723"/>
                  <String HEIGHT="45"
                          WIDTH="169"
                          VPOS="173"
                          HPOS="681"
                          CONTENT="Dannauit"/>
                  <SP HEIGHT="45" WIDTH="14" VPOS="173" HPOS="850"/>
                  <String HEIGHT="45"
                          WIDTH="127"
                          VPOS="173"
                          HPOS="793"
                          CONTENT="mundum."/>
               </TextLine>
               <TextLine ID="r2l3"
                         BASELINE="264"
                         HEIGHT="49"
                         WIDTH="610"
                         VPOS="215"
                         HPOS="300">
                  <String HEIGHT="49"
                          WIDTH="156"
                          VPOS="215"
                          HPOS="287"
                          CONTENT="Nempeque"/>
                  <SP HEIGHT="49" WIDTH="13" VPOS="215" HPOS="443"/>
                  <String HEIGHT="49"
                          WIDTH="104"
                          VPOS="215"
                          HPOS="404"
                          CONTENT="unum"/>
                  <SP HEIGHT="49" WIDTH="13" VPOS="215" HPOS="508"/>
                  <String HEIGHT="49"
                          WIDTH="117"
                          VPOS="215"
                          HPOS="469"
                          CONTENT="fides"/>
                  <SP HEIGHT="49" WIDTH="13" VPOS="215" HPOS="586"/>
                  <String HEIGHT="49"
                          WIDTH="169"
                          VPOS="215"
                          HPOS="547"
                          CONTENT="seruarit,"/>
                  <SP HEIGHT="49" WIDTH="13" VPOS="215" HPOS="715"/>
                  <String HEIGHT="49"
                          WIDTH="156"
                          VPOS="215"
                          HPOS="676"
                          CONTENT="reliquos"/>
                  <SP HEIGHT="49" WIDTH="13" VPOS="215" HPOS="832"/>
                  <String HEIGHT="49"
                          WIDTH="130"
                          VPOS="215"
                          HPOS="780"
                          CONTENT="perdide"
                          SUBS_TYPE="HypPart1"
                          SUBS_CONTENT="perdiderit"/>
                  <HYP CONTENT="-"/>
               </TextLine>
               <TextLine ID="r2l4"
                         BASELINE="293"
                         HEIGHT="45"
                         WIDTH="614"
                         VPOS="248"
                         HPOS="300">
                  <String HEIGHT="45"
                          WIDTH="93"
                          VPOS="248"
                          HPOS="287"
                          CONTENT="rit"
                          SUBS_TYPE="HypPart2"
                          SUBS_CONTENT="perdiderit"/>
                  <SP HEIGHT="45" WIDTH="13" VPOS="248" HPOS="380"/>
                  <String HEIGHT="45"
                          WIDTH="227"
                          VPOS="248"
                          HPOS="340"
                          CONTENT="incredulitas."/>
                  <SP HEIGHT="45" WIDTH="13" VPOS="248" HPOS="567"/>
                  <String HEIGHT="45" WIDTH="80" VPOS="248" HPOS="527" CONTENT="Et"/>
                  <SP HEIGHT="45" WIDTH="13" VPOS="248" HPOS="607"/>
                  <String HEIGHT="45"
                          WIDTH="107"
                          VPOS="248"
                          HPOS="567"
                          CONTENT="quam"/>
                  <SP HEIGHT="45" WIDTH="13" VPOS="248" HPOS="674"/>
                  <String HEIGHT="45"
                          WIDTH="174"
                          VPOS="248"
                          HPOS="634"
                          CONTENT="sollicite"/>
                  <SP HEIGHT="45" WIDTH="13" VPOS="248" HPOS="807"/>
                  <String HEIGHT="45"
                          WIDTH="133"
                          VPOS="248"
                          HPOS="767"
                          CONTENT="monet,"/>
                  <SP HEIGHT="45" WIDTH="13" VPOS="248" HPOS="901"/>
                  <String HEIGHT="45" WIDTH="67" VPOS="248" HPOS="847" CONTENT="sum"/>
               </TextLine>
               <TextLine ID="r2l5"
                         BASELINE="343"
                         HEIGHT="54"
                         WIDTH="603"
                         VPOS="289"
                         HPOS="305">
                  <String HEIGHT="54" WIDTH="86" VPOS="289" HPOS="293" CONTENT="mam"/>
                  <SP HEIGHT="54" WIDTH="12" VPOS="289" HPOS="379"/>
                  <String HEIGHT="54" WIDTH="98" VPOS="289" HPOS="342" CONTENT="esse"/>
                  <SP HEIGHT="54" WIDTH="12" VPOS="289" HPOS="440"/>
                  <String HEIGHT="54"
                          WIDTH="172"
                          VPOS="289"
                          HPOS="403"
                          CONTENT="iusticiae,"/>
                  <SP HEIGHT="54" WIDTH="12" VPOS="289" HPOS="576"/>
                  <String HEIGHT="54"
                          WIDTH="111"
                          VPOS="289"
                          HPOS="539"
                          CONTENT="fidem"/>
                  <SP HEIGHT="54" WIDTH="12" VPOS="289" HPOS="650"/>
                  <String HEIGHT="54"
                          WIDTH="209"
                          VPOS="289"
                          HPOS="613"
                          CONTENT="misericordiae"/>
                  <SP HEIGHT="54" WIDTH="12" VPOS="289" HPOS="822"/>
                  <String HEIGHT="54" WIDTH="62" VPOS="289" HPOS="785" CONTENT="&amp;"/>
                  <SP HEIGHT="54" WIDTH="12" VPOS="289" HPOS="846"/>
                  <String HEIGHT="54"
                          WIDTH="111"
                          VPOS="289"
                          HPOS="797"
                          CONTENT="gratiae"/>
               </TextLine>
               <TextLine ID="r2l6"
                         BASELINE="390"
                         HEIGHT="60"
                         WIDTH="616"
                         VPOS="330"
                         HPOS="300">
                  <String HEIGHT="60" WIDTH="86" VPOS="330" HPOS="288" CONTENT="dei"/>
                  <SP HEIGHT="60" WIDTH="12" VPOS="330" HPOS="374"/>
                  <String HEIGHT="60" WIDTH="86" VPOS="330" HPOS="337" CONTENT="cum"/>
                  <SP HEIGHT="60" WIDTH="12" VPOS="330" HPOS="423"/>
                  <String HEIGHT="60"
                          WIDTH="123"
                          VPOS="330"
                          HPOS="386"
                          CONTENT="addit,"/>
                  <SP HEIGHT="60" WIDTH="12" VPOS="330" HPOS="509"/>
                  <String HEIGHT="60" WIDTH="62" VPOS="330" HPOS="472" CONTENT="&amp;"/>
                  <SP HEIGHT="60" WIDTH="12" VPOS="330" HPOS="534"/>
                  <String HEIGHT="60"
                          WIDTH="160"
                          VPOS="330"
                          HPOS="497"
                          CONTENT="iusticiae"/>
                  <SP HEIGHT="60" WIDTH="12" VPOS="330" HPOS="657"/>
                  <String HEIGHT="60" WIDTH="99" VPOS="330" HPOS="620" CONTENT="quae"/>
                  <SP HEIGHT="60" WIDTH="12" VPOS="330" HPOS="719"/>
                  <String HEIGHT="60" WIDTH="86" VPOS="330" HPOS="682" CONTENT="per"/>
                  <SP HEIGHT="60" WIDTH="12" VPOS="330" HPOS="768"/>
                  <String HEIGHT="60"
                          WIDTH="111"
                          VPOS="330"
                          HPOS="731"
                          CONTENT="fidem"/>
                  <SP HEIGHT="60" WIDTH="12" VPOS="330" HPOS="842"/>
                  <String HEIGHT="60" WIDTH="99" VPOS="330" HPOS="805" CONTENT="est,"/>
                  <SP HEIGHT="60" WIDTH="12" VPOS="330" HPOS="904"/>
                  <String HEIGHT="60" WIDTH="62" VPOS="330" HPOS="854" CONTENT="hae"/>
               </TextLine>
               <TextLine ID="r2l7"
                         BASELINE="426"
                         HEIGHT="54"
                         WIDTH="607"
                         VPOS="372"
                         HPOS="304">
                  <String HEIGHT="54" WIDTH="89" VPOS="372" HPOS="291" CONTENT="res"/>
                  <SP HEIGHT="54" WIDTH="13" VPOS="372" HPOS="380"/>
                  <String HEIGHT="54"
                          WIDTH="177"
                          VPOS="372"
                          HPOS="342"
                          CONTENT="institutus"/>
                  <SP HEIGHT="54" WIDTH="13" VPOS="372" HPOS="519"/>
                  <String HEIGHT="54"
                          WIDTH="101"
                          VPOS="372"
                          HPOS="481"
                          CONTENT="est."/>
                  <SP HEIGHT="54" WIDTH="13" VPOS="372" HPOS="582"/>
                  <String HEIGHT="54"
                          WIDTH="114"
                          VPOS="372"
                          HPOS="544"
                          CONTENT="Nihil"/>
                  <SP HEIGHT="54" WIDTH="13" VPOS="372" HPOS="658"/>
                  <String HEIGHT="54" WIDTH="76" VPOS="372" HPOS="620" CONTENT="de"/>
                  <SP HEIGHT="54" WIDTH="13" VPOS="372" HPOS="696"/>
                  <String HEIGHT="54"
                          WIDTH="139"
                          VPOS="372"
                          HPOS="658"
                          CONTENT="figuris"/>
                  <SP HEIGHT="54" WIDTH="13" VPOS="372" HPOS="797"/>
                  <String HEIGHT="54"
                          WIDTH="139"
                          VPOS="372"
                          HPOS="759"
                          CONTENT="loquor,"/>
                  <SP HEIGHT="54" WIDTH="13" VPOS="372" HPOS="898"/>
                  <String HEIGHT="54" WIDTH="63" VPOS="372" HPOS="848" CONTENT="non"/>
               </TextLine>
               <TextLine ID="r2l8"
                         BASELINE="465"
                         HEIGHT="50"
                         WIDTH="605"
                         VPOS="415"
                         HPOS="305">
                  <String HEIGHT="50"
                          WIDTH="138"
                          VPOS="415"
                          HPOS="291"
                          CONTENT="quaero"/>
                  <SP HEIGHT="50" WIDTH="14" VPOS="415" HPOS="429"/>
                  <String HEIGHT="50"
                          WIDTH="206"
                          VPOS="415"
                          HPOS="388"
                          CONTENT="allegorias,"/>
                  <SP HEIGHT="50" WIDTH="14" VPOS="415" HPOS="594"/>
                  <String HEIGHT="50" WIDTH="96" VPOS="415" HPOS="553" CONTENT="sed"/>
                  <SP HEIGHT="50" WIDTH="14" VPOS="415" HPOS="649"/>
                  <String HEIGHT="50" WIDTH="83" VPOS="415" HPOS="608" CONTENT="ad"/>
                  <SP HEIGHT="50" WIDTH="14" VPOS="415" HPOS="690"/>
                  <String HEIGHT="50"
                          WIDTH="248"
                          VPOS="415"
                          HPOS="649"
                          CONTENT="simplicissimam"/>
                  <SP HEIGHT="50" WIDTH="14" VPOS="415" HPOS="896"/>
                  <String HEIGHT="50"
                          WIDTH="69"
                          VPOS="415"
                          HPOS="841"
                          CONTENT="hi"
                          SUBS_TYPE="HypPart1"
                          SUBS_CONTENT="historiam"/>
                  <HYP CONTENT="-"/>
               </TextLine>
               <TextLine ID="r2l9"
                         BASELINE="510"
                         HEIGHT="51"
                         WIDTH="602"
                         VPOS="459"
                         HPOS="305">
                  <String HEIGHT="51"
                          WIDTH="138"
                          VPOS="459"
                          HPOS="292"
                          CONTENT="storiam"
                          SUBS_TYPE="HypPart2"
                          SUBS_CONTENT="historiam"/>
                  <SP HEIGHT="51" WIDTH="13" VPOS="459" HPOS="430"/>
                  <String HEIGHT="51" WIDTH="75" VPOS="459" HPOS="393" CONTENT="me"/>
                  <SP HEIGHT="51" WIDTH="13" VPOS="459" HPOS="468"/>
                  <String HEIGHT="51"
                          WIDTH="138"
                          VPOS="459"
                          HPOS="430"
                          CONTENT="refero."/>
                  <SP HEIGHT="51" WIDTH="13" VPOS="459" HPOS="568"/>
                  <String HEIGHT="51"
                          WIDTH="201"
                          VPOS="459"
                          HPOS="531"
                          CONTENT="Iustificatur"/>
                  <SP HEIGHT="51" WIDTH="13" VPOS="459" HPOS="731"/>
                  <String HEIGHT="51" WIDTH="88" VPOS="459" HPOS="694" CONTENT="Noe"/>
                  <SP HEIGHT="51" WIDTH="13" VPOS="459" HPOS="782"/>
                  <String HEIGHT="51" WIDTH="88" VPOS="459" HPOS="744" CONTENT="non"/>
                  <SP HEIGHT="51" WIDTH="13" VPOS="459" HPOS="832"/>
                  <String HEIGHT="51"
                          WIDTH="100"
                          VPOS="459"
                          HPOS="794"
                          CONTENT="ullo"/>
                  <SP HEIGHT="51" WIDTH="13" VPOS="459" HPOS="894"/>
                  <String HEIGHT="51" WIDTH="63" VPOS="459" HPOS="844" CONTENT="suo"/>
               </TextLine>
               <TextLine ID="r2l10"
                         BASELINE="548"
                         HEIGHT="45"
                         WIDTH="614"
                         VPOS="503"
                         HPOS="304">
                  <String HEIGHT="45"
                          WIDTH="109"
                          VPOS="503"
                          HPOS="290"
                          CONTENT="bono"/>
                  <SP HEIGHT="45" WIDTH="14" VPOS="503" HPOS="400"/>
                  <String HEIGHT="45"
                          WIDTH="136"
                          VPOS="503"
                          HPOS="359"
                          CONTENT="opere,"/>
                  <SP HEIGHT="45" WIDTH="14" VPOS="503" HPOS="495"/>
                  <String HEIGHT="45" WIDTH="96" VPOS="503" HPOS="454" CONTENT="sed"/>
                  <SP HEIGHT="45" WIDTH="14" VPOS="503" HPOS="550"/>
                  <String HEIGHT="45"
                          WIDTH="109"
                          VPOS="503"
                          HPOS="509"
                          CONTENT="sola"/>
                  <SP HEIGHT="45" WIDTH="14" VPOS="503" HPOS="618"/>
                  <String HEIGHT="45"
                          WIDTH="109"
                          VPOS="503"
                          HPOS="577"
                          CONTENT="fide"/>
                  <SP HEIGHT="45" WIDTH="14" VPOS="503" HPOS="686"/>
                  <String HEIGHT="45"
                          WIDTH="232"
                          VPOS="503"
                          HPOS="645"
                          CONTENT="misericondiae"/>
                  <SP HEIGHT="45" WIDTH="14" VPOS="503" HPOS="877"/>
                  <String HEIGHT="45"
                          WIDTH="109"
                          VPOS="503"
                          HPOS="836"
                          CONTENT="dei,"/>
                  <SP HEIGHT="45" WIDTH="14" VPOS="503" HPOS="945"/>
                  <String HEIGHT="45" WIDTH="27" VPOS="503" HPOS="891" CONTENT=""/>
               </TextLine>
               <TextLine ID="r2l11"
                         BASELINE="598"
                         HEIGHT="58"
                         WIDTH="611"
                         VPOS="540"
                         HPOS="299">
                  <String HEIGHT="58"
                          WIDTH="109"
                          VPOS="540"
                          HPOS="285"
                          CONTENT="quam"/>
                  <SP HEIGHT="58" WIDTH="14" VPOS="540" HPOS="394"/>
                  <String HEIGHT="58" WIDTH="95" VPOS="540" HPOS="353" CONTENT="cum"/>
                  <SP HEIGHT="58" WIDTH="14" VPOS="540" HPOS="448"/>
                  <String HEIGHT="58" WIDTH="81" VPOS="540" HPOS="408" CONTENT="ex"/>
                  <SP HEIGHT="58" WIDTH="14" VPOS="540" HPOS="489"/>
                  <String HEIGHT="58" WIDTH="95" VPOS="540" HPOS="448" CONTENT="hac"/>
                  <SP HEIGHT="58" WIDTH="14" VPOS="540" HPOS="543"/>
                  <String HEIGHT="58"
                          WIDTH="204"
                          VPOS="540"
                          HPOS="503"
                          CONTENT="promissione"/>
                  <SP HEIGHT="58" WIDTH="14" VPOS="540" HPOS="706"/>
                  <String HEIGHT="58" WIDTH="81" VPOS="540" HPOS="666" CONTENT="de"/>
                  <SP HEIGHT="58" WIDTH="14" VPOS="540" HPOS="747"/>
                  <String HEIGHT="58" WIDTH="81" VPOS="540" HPOS="706" CONTENT="se"/>
                  <SP HEIGHT="58" WIDTH="14" VPOS="540" HPOS="788"/>
                  <String HEIGHT="58"
                          WIDTH="163"
                          VPOS="540"
                          HPOS="747"
                          CONTENT="seruando"/>
                  <SP HEIGHT="58" WIDTH="14" VPOS="540" HPOS="910"/>
                  <String HEIGHT="58" WIDTH="54" VPOS="540" HPOS="856" CONTENT="ex"/>
               </TextLine>
               <TextLine ID="r2l12"
                         BASELINE="645"
                         HEIGHT="69"
                         WIDTH="605"
                         VPOS="576"
                         HPOS="301">
                  <String HEIGHT="69"
                          WIDTH="138"
                          VPOS="576"
                          HPOS="287"
                          CONTENT="aquis,"/>
                  <SP HEIGHT="69" WIDTH="14" VPOS="576" HPOS="425"/>
                  <String HEIGHT="69" WIDTH="96" VPOS="576" HPOS="384" CONTENT="tum"/>
                  <SP HEIGHT="69" WIDTH="14" VPOS="576" HPOS="480"/>
                  <String HEIGHT="69" WIDTH="83" VPOS="576" HPOS="439" CONTENT="ex"/>
                  <SP HEIGHT="69" WIDTH="14" VPOS="576" HPOS="521"/>
                  <String HEIGHT="69" WIDTH="96" VPOS="576" HPOS="480" CONTENT="ea,"/>
                  <SP HEIGHT="69" WIDTH="14" VPOS="576" HPOS="576"/>
                  <String HEIGHT="69"
                          WIDTH="110"
                          VPOS="576"
                          HPOS="535"
                          CONTENT="quae"/>
                  <SP HEIGHT="69" WIDTH="14" VPOS="576" HPOS="645"/>
                  <String HEIGHT="69" WIDTH="83" VPOS="576" HPOS="604" CONTENT="de"/>
                  <SP HEIGHT="69" WIDTH="14" VPOS="576" HPOS="686"/>
                  <String HEIGHT="69"
                          WIDTH="138"
                          VPOS="576"
                          HPOS="645"
                          CONTENT="capite"/>
                  <SP HEIGHT="69" WIDTH="14" VPOS="576" HPOS="782"/>
                  <String HEIGHT="69"
                          WIDTH="193"
                          VPOS="576"
                          HPOS="741"
                          CONTENT="serpentis,"/>
                  <SP HEIGHT="69" WIDTH="14" VPOS="576" HPOS="934"/>
                  <String HEIGHT="69" WIDTH="28" VPOS="576" HPOS="879" CONTENT=""/>
               </TextLine>
               <TextLine ID="r2l13"
                         BASELINE="674"
                         HEIGHT="46"
                         WIDTH="611"
                         VPOS="628"
                         HPOS="300">
                  <String HEIGHT="46" WIDTH="99" VPOS="628" HPOS="286" CONTENT="hoc"/>
                  <SP HEIGHT="46" WIDTH="14" VPOS="628" HPOS="385"/>
                  <String HEIGHT="46"
                          WIDTH="114"
                          VPOS="628"
                          HPOS="343"
                          CONTENT="est,"/>
                  <SP HEIGHT="46" WIDTH="14" VPOS="628" HPOS="456"/>
                  <String HEIGHT="46" WIDTH="85" VPOS="628" HPOS="414" CONTENT="de"/>
                  <SP HEIGHT="46" WIDTH="14" VPOS="628" HPOS="499"/>
                  <String HEIGHT="46"
                          WIDTH="142"
                          VPOS="628"
                          HPOS="456"
                          CONTENT="aculeo"/>
                  <SP HEIGHT="46" WIDTH="14" VPOS="628" HPOS="598"/>
                  <String HEIGHT="46"
                          WIDTH="156"
                          VPOS="628"
                          HPOS="556"
                          CONTENT="mortis,"/>
                  <SP HEIGHT="46" WIDTH="14" VPOS="628" HPOS="712"/>
                  <String HEIGHT="46"
                          WIDTH="213"
                          VPOS="628"
                          HPOS="669"
                          CONTENT="conterendo,"/>
                  <SP HEIGHT="46" WIDTH="14" VPOS="628" HPOS="883"/>
                  <String HEIGHT="46" WIDTH="85" VPOS="628" HPOS="826" CONTENT="maio"/>
               </TextLine>
               <TextLine ID="r2l14"
                         BASELINE="726"
                         HEIGHT="59"
                         WIDTH="612"
                         VPOS="667"
                         HPOS="300">
                  <String HEIGHT="59"
                          WIDTH="120"
                          VPOS="667"
                          HPOS="287"
                          CONTENT="ribus"/>
                  <SP HEIGHT="59" WIDTH="13" VPOS="667" HPOS="406"/>
                  <String HEIGHT="59"
                          WIDTH="146"
                          VPOS="667"
                          HPOS="367"
                          CONTENT="tradita"/>
                  <SP HEIGHT="59" WIDTH="13" VPOS="667" HPOS="513"/>
                  <String HEIGHT="59"
                          WIDTH="106"
                          VPOS="667"
                          HPOS="473"
                          CONTENT="erat"/>
                  <SP HEIGHT="59" WIDTH="13" VPOS="667" HPOS="579"/>
                  <String HEIGHT="59"
                          WIDTH="200"
                          VPOS="667"
                          HPOS="539"
                          CONTENT="conceperat."/>
                  <SP HEIGHT="59" WIDTH="13" VPOS="667" HPOS="739"/>
                  <String HEIGHT="59"
                          WIDTH="106"
                          VPOS="667"
                          HPOS="699"
                          CONTENT="Fide"/>
                  <SP HEIGHT="59" WIDTH="13" VPOS="667" HPOS="806"/>
                  <String HEIGHT="59"
                          WIDTH="160"
                          VPOS="667"
                          HPOS="752"
                          CONTENT="adpellatus"/>
               </TextLine>
               <TextLine ID="r2l15"
                         BASELINE="766"
                         HEIGHT="61"
                         WIDTH="612"
                         VPOS="705"
                         HPOS="302">
                  <String HEIGHT="61"
                          WIDTH="146"
                          VPOS="705"
                          HPOS="289"
                          CONTENT="Abraham"/>
                  <SP HEIGHT="61" WIDTH="13" VPOS="705" HPOS="435"/>
                  <String HEIGHT="61"
                          WIDTH="160"
                          VPOS="705"
                          HPOS="395"
                          CONTENT="obediit,"/>
                  <SP HEIGHT="61" WIDTH="13" VPOS="705" HPOS="555"/>
                  <String HEIGHT="61" WIDTH="80" VPOS="705" HPOS="515" CONTENT="ut"/>
                  <SP HEIGHT="61" WIDTH="13" VPOS="705" HPOS="595"/>
                  <String HEIGHT="61" WIDTH="80" VPOS="705" HPOS="555" CONTENT="in"/>
                  <SP HEIGHT="61" WIDTH="13" VPOS="705" HPOS="635"/>
                  <String HEIGHT="61"
                          WIDTH="120"
                          VPOS="705"
                          HPOS="595"
                          CONTENT="locum"/>
                  <SP HEIGHT="61" WIDTH="13" VPOS="705" HPOS="714"/>
                  <String HEIGHT="61"
                          WIDTH="133"
                          VPOS="705"
                          HPOS="675"
                          CONTENT="exiret"/>
                  <SP HEIGHT="61" WIDTH="13" VPOS="705" HPOS="808"/>
                  <String HEIGHT="61"
                          WIDTH="106"
                          VPOS="705"
                          HPOS="768"
                          CONTENT="quem"/>
                  <SP HEIGHT="61" WIDTH="13" VPOS="705" HPOS="874"/>
                  <String HEIGHT="61"
                          WIDTH="93"
                          VPOS="705"
                          HPOS="821"
                          CONTENT="accep"/>
               </TextLine>
               <TextLine ID="r2l16"
                         BASELINE="799"
                         HEIGHT="51"
                         WIDTH="600"
                         VPOS="748"
                         HPOS="305">
                  <String HEIGHT="51"
                          WIDTH="113"
                          VPOS="748"
                          HPOS="293"
                          CONTENT="turus"/>
                  <SP HEIGHT="51" WIDTH="13" VPOS="748" HPOS="405"/>
                  <String HEIGHT="51"
                          WIDTH="100"
                          VPOS="748"
                          HPOS="368"
                          CONTENT="erat"/>
                  <SP HEIGHT="51" WIDTH="13" VPOS="748" HPOS="468"/>
                  <String HEIGHT="51" WIDTH="75" VPOS="748" HPOS="430" CONTENT="in"/>
                  <SP HEIGHT="51" WIDTH="13" VPOS="748" HPOS="505"/>
                  <String HEIGHT="51"
                          WIDTH="213"
                          VPOS="748"
                          HPOS="468"
                          CONTENT="haereditatem,"/>
                  <SP HEIGHT="51" WIDTH="13" VPOS="748" HPOS="680"/>
                  <String HEIGHT="51" WIDTH="63" VPOS="748" HPOS="643" CONTENT="&amp;"/>
                  <SP HEIGHT="51" WIDTH="13" VPOS="748" HPOS="705"/>
                  <String HEIGHT="51"
                          WIDTH="113"
                          VPOS="748"
                          HPOS="668"
                          CONTENT="exiit"/>
                  <SP HEIGHT="51" WIDTH="13" VPOS="748" HPOS="780"/>
                  <String HEIGHT="51"
                          WIDTH="150"
                          VPOS="748"
                          HPOS="743"
                          CONTENT="nesciens"/>
                  <SP HEIGHT="51" WIDTH="13" VPOS="748" HPOS="893"/>
                  <String HEIGHT="51" WIDTH="63" VPOS="748" HPOS="843" CONTENT="quo"/>
               </TextLine>
               <TextLine ID="r2l17"
                         BASELINE="841"
                         HEIGHT="54"
                         WIDTH="602"
                         VPOS="787"
                         HPOS="302">
                  <String HEIGHT="54"
                          WIDTH="126"
                          VPOS="787"
                          HPOS="288"
                          CONTENT="iret."/>
                  <SP HEIGHT="54" WIDTH="14" VPOS="787" HPOS="414"/>
                  <String HEIGHT="54"
                          WIDTH="154"
                          VPOS="787"
                          HPOS="372"
                          CONTENT="Fidebat"/>
                  <SP HEIGHT="54" WIDTH="14" VPOS="787" HPOS="526"/>
                  <String HEIGHT="54"
                          WIDTH="154"
                          VPOS="787"
                          HPOS="484"
                          CONTENT="Abraham"/>
                  <SP HEIGHT="54" WIDTH="14" VPOS="787" HPOS="638"/>
                  <String HEIGHT="54"
                          WIDTH="238"
                          VPOS="787"
                          HPOS="596"
                          CONTENT="misericordia,"/>
                  <SP HEIGHT="54" WIDTH="14" VPOS="787" HPOS="834"/>
                  <String HEIGHT="54"
                          WIDTH="126"
                          VPOS="787"
                          HPOS="778"
                          CONTENT="bonita"
                          SUBS_TYPE="HypPart1"
                          SUBS_CONTENT="bonitateque"/>
                  <HYP CONTENT="-"/>
               </TextLine>
               <TextLine ID="r2l18"
                         BASELINE="881"
                         HEIGHT="38"
                         WIDTH="613"
                         VPOS="843"
                         HPOS="301">
                  <String HEIGHT="38"
                          WIDTH="123"
                          VPOS="843"
                          HPOS="287"
                          CONTENT="teque"
                          SUBS_TYPE="HypPart2"
                          SUBS_CONTENT="bonitateque"/>
                  <SP HEIGHT="38" WIDTH="14" VPOS="843" HPOS="410"/>
                  <String HEIGHT="38" WIDTH="95" VPOS="843" HPOS="369" CONTENT="dei"/>
                  <SP HEIGHT="38" WIDTH="14" VPOS="843" HPOS="464"/>
                  <String HEIGHT="38"
                          WIDTH="123"
                          VPOS="843"
                          HPOS="424"
                          CONTENT="nihil"/>
                  <SP HEIGHT="38" WIDTH="14" VPOS="843" HPOS="546"/>
                  <String HEIGHT="38"
                          WIDTH="177"
                          VPOS="843"
                          HPOS="505"
                          CONTENT="dubitans,"/>
                  <SP HEIGHT="38" WIDTH="14" VPOS="843" HPOS="682"/>
                  <String HEIGHT="38"
                          WIDTH="109"
                          VPOS="843"
                          HPOS="642"
                          CONTENT="quin"/>
                  <SP HEIGHT="38" WIDTH="14" VPOS="843" HPOS="751"/>
                  <String HEIGHT="38"
                          WIDTH="177"
                          VPOS="843"
                          HPOS="710"
                          CONTENT="ubicunque"/>
                  <SP HEIGHT="38" WIDTH="14" VPOS="843" HPOS="887"/>
                  <String HEIGHT="38"
                          WIDTH="82"
                          VPOS="843"
                          HPOS="832"
                          CONTENT="gen"
                          SUBS_TYPE="HypPart1"
                          SUBS_CONTENT="gentium"/>
                  <HYP CONTENT="-"/>
               </TextLine>
               <TextLine ID="r2l19"
                         BASELINE="918"
                         HEIGHT="41"
                         WIDTH="608"
                         VPOS="877"
                         HPOS="300">
                  <String HEIGHT="41"
                          WIDTH="103"
                          VPOS="877"
                          HPOS="287"
                          CONTENT="tium"
                          SUBS_TYPE="HypPart2"
                          SUBS_CONTENT="gentium"/>
                  <SP HEIGHT="41" WIDTH="13" VPOS="877" HPOS="391"/>
                  <String HEIGHT="41"
                          WIDTH="129"
                          VPOS="877"
                          HPOS="352"
                          CONTENT="esset,"/>
                  <SP HEIGHT="41" WIDTH="13" VPOS="877" HPOS="481"/>
                  <String HEIGHT="41"
                          WIDTH="103"
                          VPOS="877"
                          HPOS="442"
                          CONTENT="deum"/>
                  <SP HEIGHT="41" WIDTH="13" VPOS="877" HPOS="546"/>
                  <String HEIGHT="41"
                          WIDTH="116"
                          VPOS="877"
                          HPOS="507"
                          CONTENT="esset"/>
                  <SP HEIGHT="41" WIDTH="13" VPOS="877" HPOS="623"/>
                  <String HEIGHT="41"
                          WIDTH="168"
                          VPOS="877"
                          HPOS="585"
                          CONTENT="habiturus"/>
                  <SP HEIGHT="41" WIDTH="13" VPOS="877" HPOS="753"/>
                  <String HEIGHT="41"
                          WIDTH="207"
                          VPOS="877"
                          HPOS="714"
                          CONTENT="protectorem,"/>
                  <SP HEIGHT="41" WIDTH="13" VPOS="877" HPOS="921"/>
                  <String HEIGHT="41" WIDTH="39" VPOS="877" HPOS="869" CONTENT="&amp;"/>
               </TextLine>
               <TextLine ID="r2l20"
                         BASELINE="960"
                         HEIGHT="37"
                         WIDTH="617"
                         VPOS="923"
                         HPOS="296">
                  <String HEIGHT="37"
                          WIDTH="193"
                          VPOS="923"
                          HPOS="283"
                          CONTENT="seruatorem."/>
                  <SP HEIGHT="37" WIDTH="13" VPOS="923" HPOS="476"/>
                  <String HEIGHT="37"
                          WIDTH="103"
                          VPOS="923"
                          HPOS="437"
                          CONTENT="ldeo"/>
                  <SP HEIGHT="37" WIDTH="13" VPOS="923" HPOS="540"/>
                  <String HEIGHT="37" WIDTH="77" VPOS="923" HPOS="502" CONTENT="se"/>
                  <SP HEIGHT="37" WIDTH="13" VPOS="923" HPOS="579"/>
                  <String HEIGHT="37"
                          WIDTH="103"
                          VPOS="923"
                          HPOS="540"
                          CONTENT="eius"/>
                  <SP HEIGHT="37" WIDTH="13" VPOS="923" HPOS="643"/>
                  <String HEIGHT="37"
                          WIDTH="103"
                          VPOS="923"
                          HPOS="605"
                          CONTENT="uoci"/>
                  <SP HEIGHT="37" WIDTH="13" VPOS="923" HPOS="707"/>
                  <String HEIGHT="37"
                          WIDTH="167"
                          VPOS="923"
                          HPOS="669"
                          CONTENT="commisit,"/>
                  <SP HEIGHT="37" WIDTH="13" VPOS="923" HPOS="836"/>
                  <String HEIGHT="37"
                          WIDTH="129"
                          VPOS="923"
                          HPOS="784"
                          CONTENT="deserens"/>
               </TextLine>
               <TextLine ID="r2l21"
                         BASELINE="1011"
                         HEIGHT="53"
                         WIDTH="599"
                         VPOS="958"
                         HPOS="305">
                  <String HEIGHT="53"
                          WIDTH="150"
                          VPOS="958"
                          HPOS="293"
                          CONTENT="patriam,"/>
                  <SP HEIGHT="53" WIDTH="12" VPOS="958" HPOS="442"/>
                  <String HEIGHT="53" WIDTH="87" VPOS="958" HPOS="405" CONTENT="non"/>
                  <SP HEIGHT="53" WIDTH="12" VPOS="958" HPOS="492"/>
                  <String HEIGHT="53"
                          WIDTH="125"
                          VPOS="958"
                          HPOS="455"
                          CONTENT="aliter"/>
                  <SP HEIGHT="53" WIDTH="12" VPOS="958" HPOS="580"/>
                  <String HEIGHT="53"
                          WIDTH="112"
                          VPOS="958"
                          HPOS="542"
                          CONTENT="atque"/>
                  <SP HEIGHT="53" WIDTH="12" VPOS="958" HPOS="654"/>
                  <String HEIGHT="53" WIDTH="75" VPOS="958" HPOS="617" CONTENT="se"/>
                  <SP HEIGHT="53" WIDTH="12" VPOS="958" HPOS="692"/>
                  <String HEIGHT="53"
                          WIDTH="100"
                          VPOS="958"
                          HPOS="654"
                          CONTENT="uoci"/>
                  <SP HEIGHT="53" WIDTH="12" VPOS="958" HPOS="754"/>
                  <String HEIGHT="53"
                          WIDTH="100"
                          VPOS="958"
                          HPOS="717"
                          CONTENT="Mosi"/>
                  <SP HEIGHT="53" WIDTH="12" VPOS="958" HPOS="817"/>
                  <String HEIGHT="53"
                          WIDTH="137"
                          VPOS="958"
                          HPOS="767"
                          CONTENT="committe"
                          SUBS_TYPE="HypPart1"
                          SUBS_CONTENT="committebant"/>
                  <HYP CONTENT="-"/>
               </TextLine>
               <TextLine ID="r2l22"
                         BASELINE="1051"
                         HEIGHT="58"
                         WIDTH="614"
                         VPOS="993"
                         HPOS="288">
                  <String HEIGHT="58"
                          WIDTH="107"
                          VPOS="993"
                          HPOS="275"
                          CONTENT="bant"
                          SUBS_TYPE="HypPart2"
                          SUBS_CONTENT="committebant"/>
                  <SP HEIGHT="58" WIDTH="13" VPOS="993" HPOS="381"/>
                  <String HEIGHT="58"
                          WIDTH="200"
                          VPOS="993"
                          HPOS="341"
                          CONTENT="lsraelitae,"/>
                  <SP HEIGHT="58" WIDTH="13" VPOS="993" HPOS="542"/>
                  <String HEIGHT="58" WIDTH="93" VPOS="993" HPOS="502" CONTENT="cum"/>
                  <SP HEIGHT="58" WIDTH="13" VPOS="993" HPOS="595"/>
                  <String HEIGHT="58"
                          WIDTH="133"
                          VPOS="993"
                          HPOS="555"
                          CONTENT="alueum"/>
                  <SP HEIGHT="58" WIDTH="13" VPOS="993" HPOS="688"/>
                  <String HEIGHT="58"
                          WIDTH="120"
                          VPOS="993"
                          HPOS="648"
                          CONTENT="rubri"/>
                  <SP HEIGHT="58" WIDTH="13" VPOS="993" HPOS="769"/>
                  <String HEIGHT="58"
                          WIDTH="120"
                          VPOS="993"
                          HPOS="728"
                          CONTENT="maris"/>
                  <SP HEIGHT="58" WIDTH="13" VPOS="993" HPOS="849"/>
                  <String HEIGHT="58"
                          WIDTH="107"
                          VPOS="993"
                          HPOS="795"
                          CONTENT="ingre"
                          SUBS_TYPE="HypPart1"
                          SUBS_CONTENT="ingrederetur."/>
                  <HYP CONTENT="-"/>
               </TextLine>
               <TextLine ID="r2l23"
                         BASELINE="1088"
                         HEIGHT="47"
                         WIDTH="618"
                         VPOS="1041"
                         HPOS="297">
                  <String HEIGHT="47"
                          WIDTH="158"
                          VPOS="1041"
                          HPOS="284"
                          CONTENT="deretur."
                          SUBS_TYPE="HypPart2"
                          SUBS_CONTENT="ingrederetur."/>
                  <SP HEIGHT="47" WIDTH="13" VPOS="1041" HPOS="442"/>
                  <String HEIGHT="47"
                          WIDTH="118"
                          VPOS="1041"
                          HPOS="402"
                          CONTENT="Porro"/>
                  <SP HEIGHT="47" WIDTH="13" VPOS="1041" HPOS="521"/>
                  <String HEIGHT="47"
                          WIDTH="131"
                          VPOS="1041"
                          HPOS="481"
                          CONTENT="quanta"/>
                  <SP HEIGHT="47" WIDTH="13" VPOS="1041" HPOS="613"/>
                  <String HEIGHT="47"
                          WIDTH="105"
                          VPOS="1041"
                          HPOS="573"
                          CONTENT="haec"/>
                  <SP HEIGHT="47" WIDTH="13" VPOS="1041" HPOS="678"/>
                  <String HEIGHT="47"
                          WIDTH="145"
                          VPOS="1041"
                          HPOS="639"
                          CONTENT="Abrahae"/>
                  <SP HEIGHT="47" WIDTH="13" VPOS="1041" HPOS="784"/>
                  <String HEIGHT="47"
                          WIDTH="118"
                          VPOS="1041"
                          HPOS="744"
                          CONTENT="fides"/>
                  <SP HEIGHT="47" WIDTH="13" VPOS="1041" HPOS="862"/>
                  <String HEIGHT="47"
                          WIDTH="105"
                          VPOS="1041"
                          HPOS="823"
                          CONTENT="fuit"/>
                  <SP HEIGHT="47" WIDTH="13" VPOS="1041" HPOS="928"/>
                  <String HEIGHT="47" WIDTH="39" VPOS="1041" HPOS="876" CONTENT="e"/>
               </TextLine>
               <TextLine ID="r2l24"
                         BASELINE="1141"
                         HEIGHT="60"
                         WIDTH="615"
                         VPOS="1081"
                         HPOS="297">
                  <String HEIGHT="60"
                          WIDTH="115"
                          VPOS="1081"
                          HPOS="284"
                          CONTENT="quae,"/>
                  <SP HEIGHT="60" WIDTH="13" VPOS="1081" HPOS="400"/>
                  <String HEIGHT="60"
                          WIDTH="154"
                          VPOS="1081"
                          HPOS="361"
                          CONTENT="quamquam"/>
                  <SP HEIGHT="60" WIDTH="13" VPOS="1081" HPOS="515"/>
                  <String HEIGHT="60"
                          WIDTH="103"
                          VPOS="1081"
                          HPOS="476"
                          CONTENT="tota"/>
                  <SP HEIGHT="60" WIDTH="13" VPOS="1081" HPOS="579"/>
                  <String HEIGHT="60"
                          WIDTH="103"
                          VPOS="1081"
                          HPOS="540"
                          CONTENT="ille"/>
                  <SP HEIGHT="60" WIDTH="13" VPOS="1081" HPOS="643"/>
                  <String HEIGHT="60"
                          WIDTH="103"
                          VPOS="1081"
                          HPOS="605"
                          CONTENT="uita"/>
                  <SP HEIGHT="60" WIDTH="13" VPOS="1081" HPOS="707"/>
                  <String HEIGHT="60"
                          WIDTH="167"
                          VPOS="1081"
                          HPOS="669"
                          CONTENT="uagaretur"/>
                  <SP HEIGHT="60" WIDTH="13" VPOS="1081" HPOS="835"/>
                  <String HEIGHT="60"
                          WIDTH="128"
                          VPOS="1081"
                          HPOS="784"
                          CONTENT="incertis"/>
               </TextLine>
            </TextBlock>
         </PrintSpace>
      </Page>
   </Layout>
</alto>
