<?xml version="1.0" encoding="UTF-8"?>
<alto xmlns:xsi="http://www.w3.org/2001/XMLSchema-instance"
      xmlns="http://www.loc.gov/standards/alto/ns-v2#"
      xmlns:page="http://schema.primaresearch.org/PAGE/gts/pagecontent/2013-07-15"
      xsi:schemaLocation="http://www.loc.gov/standards/alto/ns-v2# http://www.loc.gov/standards/alto/alto.xsd">
   <Description>
      <MeasurementUnit>pixel</MeasurementUnit>
      <OCRProcessing ID="IdOcr">
         <ocrProcessingStep>
            <processingDateTime>2020-12-02T20:02:13.41-05:00</processingDateTime>
            <processingSoftware>
               <softwareCreator>READ COOP</softwareCreator>
               <softwareName>Transkribus</softwareName>
            </processingSoftware>
         </ocrProcessingStep>
      </OCRProcessing>
   </Description>
   <Tags/>
   <Layout>
      <Page ID="Page1" PHYSICAL_IMG_NR="1" HEIGHT="1385" WIDTH="1000">
         <TopMargin HEIGHT="0" WIDTH="1000" VPOS="0" HPOS="0"/>
         <LeftMargin HEIGHT="1385" WIDTH="0" VPOS="0" HPOS="0"/>
         <RightMargin HEIGHT="1385" WIDTH="0" VPOS="0" HPOS="1000"/>
         <BottomMargin HEIGHT="0" WIDTH="1000" VPOS="1385" HPOS="0"/>
         <PrintSpace HEIGHT="1385" WIDTH="1000" VPOS="0" HPOS="0">
            <TextBlock ID="r1" HEIGHT="1000" WIDTH="619" VPOS="122" HPOS="309">
               <Shape>
                  <Polygon POINTS="309,122 309,1122 928,1122 928,122"/>
               </Shape>
               <TextLine ID="r1l1"
                         BASELINE="166"
                         HEIGHT="64"
                         WIDTH="614"
                         VPOS="102"
                         HPOS="319">
                  <String HEIGHT="64" WIDTH="75" VPOS="102" HPOS="304" CONTENT="&amp;"/>
                  <SP HEIGHT="64" WIDTH="15" VPOS="102" HPOS="379"/>
                  <String HEIGHT="64"
                          WIDTH="135"
                          VPOS="102"
                          HPOS="334"
                          CONTENT="morti"/>
                  <SP HEIGHT="64" WIDTH="15" VPOS="102" HPOS="469"/>
                  <String HEIGHT="64" WIDTH="75" VPOS="102" HPOS="424" CONTENT="&amp;"/>
                  <SP HEIGHT="64" WIDTH="15" VPOS="102" HPOS="499"/>
                  <String HEIGHT="64"
                          WIDTH="270"
                          VPOS="102"
                          HPOS="454"
                          CONTENT="iustificationi"/>
                  <SP HEIGHT="64" WIDTH="15" VPOS="102" HPOS="723"/>
                  <String HEIGHT="64" WIDTH="75" VPOS="102" HPOS="678" CONTENT="&amp;"/>
                  <SP HEIGHT="64" WIDTH="15" VPOS="102" HPOS="753"/>
                  <String HEIGHT="64"
                          WIDTH="240"
                          VPOS="102"
                          HPOS="693"
                          CONTENT="resurrectioni."/>
               </TextLine>
               <TextLine ID="r1l2"
                         BASELINE="205"
                         HEIGHT="59"
                         WIDTH="610"
                         VPOS="146"
                         HPOS="316">
                  <String HEIGHT="59"
                          WIDTH="168"
                          VPOS="146"
                          HPOS="301"
                          CONTENT="adeoque"/>
                  <SP HEIGHT="59" WIDTH="15" VPOS="146" HPOS="469"/>
                  <String HEIGHT="59"
                          WIDTH="122"
                          VPOS="146"
                          HPOS="423"
                          CONTENT="toti"/>
                  <SP HEIGHT="59" WIDTH="15" VPOS="146" HPOS="545"/>
                  <String HEIGHT="59"
                          WIDTH="122"
                          VPOS="146"
                          HPOS="499"
                          CONTENT="nouo"/>
                  <SP HEIGHT="59" WIDTH="15" VPOS="146" HPOS="621"/>
                  <String HEIGHT="59"
                          WIDTH="229"
                          VPOS="146"
                          HPOS="575"
                          CONTENT="testamento."/>
                  <SP HEIGHT="59" WIDTH="15" VPOS="146" HPOS="804"/>
                  <String HEIGHT="59" WIDTH="92" VPOS="146" HPOS="758" CONTENT="An"/>
                  <SP HEIGHT="59" WIDTH="15" VPOS="146" HPOS="850"/>
                  <String HEIGHT="59" WIDTH="107" VPOS="146" HPOS="804" CONTENT="non"/>
                  <SP HEIGHT="59" WIDTH="15" VPOS="146" HPOS="911"/>
                  <String HEIGHT="59" WIDTH="76" VPOS="146" HPOS="850" CONTENT="hic"/>
               </TextLine>
               <TextLine ID="r1l3"
                         BASELINE="245"
                         HEIGHT="42"
                         WIDTH="606"
                         VPOS="203"
                         HPOS="320">
                  <String HEIGHT="42"
                          WIDTH="229"
                          VPOS="203"
                          HPOS="304"
                          CONTENT="didicerunt"/>
                  <SP HEIGHT="42" WIDTH="16" VPOS="203" HPOS="533"/>
                  <String HEIGHT="42" WIDTH="115" VPOS="203" HPOS="484" CONTENT="non"/>
                  <SP HEIGHT="42" WIDTH="16" VPOS="203" HPOS="598"/>
                  <String HEIGHT="42"
                          WIDTH="180"
                          VPOS="203"
                          HPOS="549"
                          CONTENT="Abraham"/>
                  <SP HEIGHT="42" WIDTH="16" VPOS="203" HPOS="729"/>
                  <String HEIGHT="42"
                          WIDTH="131"
                          VPOS="203"
                          HPOS="680"
                          CONTENT="modo"/>
                  <SP HEIGHT="42" WIDTH="16" VPOS="203" HPOS="811"/>
                  <String HEIGHT="42" WIDTH="82" VPOS="203" HPOS="762" CONTENT="&amp;"/>
                  <SP HEIGHT="42" WIDTH="16" VPOS="203" HPOS="844"/>
                  <String HEIGHT="42"
                          WIDTH="164"
                          VPOS="203"
                          HPOS="795"
                          CONTENT="Isaac,"/>
                  <SP HEIGHT="42" WIDTH="16" VPOS="203" HPOS="959"/>
                  <String HEIGHT="42" WIDTH="33" VPOS="203" HPOS="893" CONTENT=""/>
               </TextLine>
               <TextLine ID="r1l4"
                         BASELINE="294"
                         HEIGHT="54"
                         WIDTH="610"
                         VPOS="240"
                         HPOS="315">
                  <String HEIGHT="54" WIDTH="102" VPOS="240" HPOS="300" CONTENT="sed"/>
                  <SP HEIGHT="54" WIDTH="15" VPOS="240" HPOS="402"/>
                  <String HEIGHT="54"
                          WIDTH="131"
                          VPOS="240"
                          HPOS="359"
                          CONTENT="omnes"/>
                  <SP HEIGHT="54" WIDTH="15" VPOS="240" HPOS="489"/>
                  <String HEIGHT="54" WIDTH="102" VPOS="240" HPOS="446" CONTENT="pii"/>
                  <SP HEIGHT="54" WIDTH="15" VPOS="240" HPOS="547"/>
                  <String HEIGHT="54"
                          WIDTH="189"
                          VPOS="240"
                          HPOS="504"
                          CONTENT="priusquam"/>
                  <SP HEIGHT="54" WIDTH="15" VPOS="240" HPOS="693"/>
                  <String HEIGHT="54"
                          WIDTH="218"
                          VPOS="240"
                          HPOS="649"
                          CONTENT="reuelaretur"/>
                  <SP HEIGHT="54" WIDTH="15" VPOS="240" HPOS="867"/>
                  <String HEIGHT="54"
                          WIDTH="116"
                          VPOS="240"
                          HPOS="809"
                          CONTENT="Euange"/>
               </TextLine>
               <TextLine ID="r1l5"
                         BASELINE="328"
                         HEIGHT="51"
                         WIDTH="609"
                         VPOS="277"
                         HPOS="317">
                  <String HEIGHT="51"
                          WIDTH="125"
                          VPOS="277"
                          HPOS="303"
                          CONTENT="lium,"/>
                  <SP HEIGHT="51" WIDTH="14" VPOS="277" HPOS="428"/>
                  <String HEIGHT="51"
                          WIDTH="111"
                          VPOS="277"
                          HPOS="386"
                          CONTENT="quid"/>
                  <SP HEIGHT="51" WIDTH="14" VPOS="277" HPOS="497"/>
                  <String HEIGHT="51" WIDTH="83" VPOS="277" HPOS="455" CONTENT="in"/>
                  <SP HEIGHT="51" WIDTH="14" VPOS="277" HPOS="538"/>
                  <String HEIGHT="51"
                          WIDTH="125"
                          VPOS="277"
                          HPOS="497"
                          CONTENT="morte"/>
                  <SP HEIGHT="51" WIDTH="14" VPOS="277" HPOS="621"/>
                  <String HEIGHT="51"
                          WIDTH="180"
                          VPOS="277"
                          HPOS="580"
                          CONTENT="sperandum"/>
                  <SP HEIGHT="51" WIDTH="14" VPOS="277" HPOS="760"/>
                  <String HEIGHT="51"
                          WIDTH="125"
                          VPOS="277"
                          HPOS="718"
                          CONTENT="esset"/>
                  <SP HEIGHT="51" WIDTH="14" VPOS="277" HPOS="843"/>
                  <String HEIGHT="51" WIDTH="83" VPOS="277" HPOS="801" CONTENT="de"/>
                  <SP HEIGHT="51" WIDTH="14" VPOS="277" HPOS="884"/>
                  <String HEIGHT="51"
                          WIDTH="97"
                          VPOS="277"
                          HPOS="829"
                          CONTENT="uolun"/>
               </TextLine>
               <TextLine ID="r1l6"
                         BASELINE="364"
                         HEIGHT="42"
                         WIDTH="607"
                         VPOS="322"
                         HPOS="317">
                  <String HEIGHT="42"
                          WIDTH="118"
                          VPOS="322"
                          HPOS="302"
                          CONTENT="tate"/>
                  <SP HEIGHT="42" WIDTH="15" VPOS="322" HPOS="421"/>
                  <String HEIGHT="42"
                          WIDTH="118"
                          VPOS="322"
                          HPOS="376"
                          CONTENT="dei."/>
                  <SP HEIGHT="42" WIDTH="15" VPOS="322" HPOS="495"/>
                  <String HEIGHT="42" WIDTH="89" VPOS="322" HPOS="450" CONTENT="An"/>
                  <SP HEIGHT="42" WIDTH="15" VPOS="322" HPOS="539"/>
                  <String HEIGHT="42" WIDTH="104" VPOS="322" HPOS="495" CONTENT="non"/>
                  <SP HEIGHT="42" WIDTH="15" VPOS="322" HPOS="598"/>
                  <String HEIGHT="42" WIDTH="104" VPOS="322" HPOS="554" CONTENT="hoc"/>
                  <SP HEIGHT="42" WIDTH="15" VPOS="322" HPOS="658"/>
                  <String HEIGHT="42"
                          WIDTH="163"
                          VPOS="322"
                          HPOS="613"
                          CONTENT="exemplo"/>
                  <SP HEIGHT="42" WIDTH="15" VPOS="322" HPOS="776"/>
                  <String HEIGHT="42"
                          WIDTH="133"
                          VPOS="322"
                          HPOS="732"
                          CONTENT="fidem"/>
                  <SP HEIGHT="42" WIDTH="15" VPOS="322" HPOS="865"/>
                  <String HEIGHT="42"
                          WIDTH="118"
                          VPOS="322"
                          HPOS="806"
                          CONTENT="uictae"/>
               </TextLine>
               <TextLine ID="r1l7"
                         BASELINE="409"
                         HEIGHT="43"
                         WIDTH="616"
                         VPOS="366"
                         HPOS="315">
                  <String HEIGHT="43"
                          WIDTH="151"
                          VPOS="366"
                          HPOS="301"
                          CONTENT="mortis,"/>
                  <SP HEIGHT="43" WIDTH="14" VPOS="366" HPOS="452"/>
                  <String HEIGHT="43"
                          WIDTH="178"
                          VPOS="366"
                          HPOS="411"
                          CONTENT="concepere"/>
                  <SP HEIGHT="43" WIDTH="14" VPOS="366" HPOS="589"/>
                  <String HEIGHT="43"
                          WIDTH="164"
                          VPOS="366"
                          HPOS="548"
                          CONTENT="patrest?"/>
                  <SP HEIGHT="43" WIDTH="14" VPOS="366" HPOS="712"/>
                  <String HEIGHT="43"
                          WIDTH="205"
                          VPOS="366"
                          HPOS="671"
                          CONTENT="uideruntque"/>
                  <SP HEIGHT="43" WIDTH="14" VPOS="366" HPOS="876"/>
                  <String HEIGHT="43"
                          WIDTH="110"
                          VPOS="366"
                          HPOS="821"
                          CONTENT="praelu"/>
               </TextLine>
               <TextLine ID="r1l8"
                         BASELINE="449"
                         HEIGHT="41"
                         WIDTH="606"
                         VPOS="408"
                         HPOS="320">
                  <String HEIGHT="41" WIDTH="101" VPOS="408" HPOS="306" CONTENT="sum"/>
                  <SP HEIGHT="41" WIDTH="14" VPOS="408" HPOS="407"/>
                  <String HEIGHT="41"
                          WIDTH="173"
                          VPOS="408"
                          HPOS="363"
                          CONTENT="Christo,"/>
                  <SP HEIGHT="41" WIDTH="14" VPOS="408" HPOS="536"/>
                  <String HEIGHT="41" WIDTH="101" VPOS="408" HPOS="493" CONTENT="qui"/>
                  <SP HEIGHT="41" WIDTH="14" VPOS="408" HPOS="594"/>
                  <String HEIGHT="41"
                          WIDTH="130"
                          VPOS="408"
                          HPOS="551"
                          CONTENT="caput"/>
                  <SP HEIGHT="41" WIDTH="14" VPOS="408" HPOS="681"/>
                  <String HEIGHT="41"
                          WIDTH="202"
                          VPOS="408"
                          HPOS="637"
                          CONTENT="serpentis,"/>
                  <SP HEIGHT="41" WIDTH="14" VPOS="408" HPOS="839"/>
                  <String HEIGHT="41"
                          WIDTH="159"
                          VPOS="408"
                          HPOS="796"
                          CONTENT="aculeum"/>
                  <SP HEIGHT="41" WIDTH="14" VPOS="408" HPOS="955"/>
                  <String HEIGHT="41" WIDTH="29" VPOS="408" HPOS="897" CONTENT=""/>
               </TextLine>
               <TextLine ID="r1l9"
                         BASELINE="500"
                         HEIGHT="46"
                         WIDTH="616"
                         VPOS="454"
                         HPOS="312">
                  <String HEIGHT="46"
                          WIDTH="134"
                          VPOS="454"
                          HPOS="299"
                          CONTENT="mortis"/>
                  <SP HEIGHT="46" WIDTH="13" VPOS="454" HPOS="433"/>
                  <String HEIGHT="46"
                          WIDTH="201"
                          VPOS="454"
                          HPOS="392"
                          CONTENT="contriturus"/>
                  <SP HEIGHT="46" WIDTH="13" VPOS="454" HPOS="593"/>
                  <String HEIGHT="46"
                          WIDTH="134"
                          VPOS="454"
                          HPOS="553"
                          CONTENT="esset."/>
                  <SP HEIGHT="46" WIDTH="13" VPOS="454" HPOS="687"/>
                  <String HEIGHT="46"
                          WIDTH="107"
                          VPOS="454"
                          HPOS="647"
                          CONTENT="Fide"/>
                  <SP HEIGHT="46" WIDTH="13" VPOS="454" HPOS="754"/>
                  <String HEIGHT="46"
                          WIDTH="121"
                          VPOS="454"
                          HPOS="714"
                          CONTENT="Isaac"/>
                  <SP HEIGHT="46" WIDTH="13" VPOS="454" HPOS="834"/>
                  <String HEIGHT="46"
                          WIDTH="147"
                          VPOS="454"
                          HPOS="781"
                          CONTENT="benedixit"/>
               </TextLine>
               <TextLine ID="r1l10"
                         BASELINE="543"
                         HEIGHT="56"
                         WIDTH="610"
                         VPOS="487"
                         HPOS="310">
                  <String HEIGHT="56"
                          WIDTH="131"
                          VPOS="487"
                          HPOS="295"
                          CONTENT="lacob"/>
                  <SP HEIGHT="56" WIDTH="15" VPOS="487" HPOS="426"/>
                  <String HEIGHT="56" WIDTH="73" VPOS="487" HPOS="383" CONTENT="&amp;"/>
                  <SP HEIGHT="56" WIDTH="15" VPOS="487" HPOS="455"/>
                  <String HEIGHT="56"
                          WIDTH="131"
                          VPOS="487"
                          HPOS="412"
                          CONTENT="Esau,"/>
                  <SP HEIGHT="56" WIDTH="15" VPOS="487" HPOS="542"/>
                  <String HEIGHT="56"
                          WIDTH="160"
                          VPOS="487"
                          HPOS="499"
                          CONTENT="futurum"/>
                  <SP HEIGHT="56" WIDTH="15" VPOS="487" HPOS="659"/>
                  <String HEIGHT="56"
                          WIDTH="160"
                          VPOS="487"
                          HPOS="615"
                          CONTENT="credens"/>
                  <SP HEIGHT="56" WIDTH="15" VPOS="487" HPOS="775"/>
                  <String HEIGHT="56" WIDTH="87" VPOS="487" HPOS="731" CONTENT="ut"/>
                  <SP HEIGHT="56" WIDTH="15" VPOS="487" HPOS="818"/>
                  <String HEIGHT="56"
                          WIDTH="160"
                          VPOS="487"
                          HPOS="760"
                          CONTENT="promissam"/>
               </TextLine>
               <TextLine ID="r1l11"
                         BASELINE="579"
                         HEIGHT="48"
                         WIDTH="613"
                         VPOS="531"
                         HPOS="314">
                  <String HEIGHT="48"
                          WIDTH="157"
                          VPOS="531"
                          HPOS="298"
                          CONTENT="terram"/>
                  <SP HEIGHT="48" WIDTH="16" VPOS="531" HPOS="455"/>
                  <String HEIGHT="48"
                          WIDTH="126"
                          VPOS="531"
                          HPOS="408"
                          CONTENT="olim"/>
                  <SP HEIGHT="48" WIDTH="16" VPOS="531" HPOS="534"/>
                  <String HEIGHT="48"
                          WIDTH="236"
                          VPOS="531"
                          HPOS="487"
                          CONTENT="occuparent."/>
                  <SP HEIGHT="48" WIDTH="16" VPOS="531" HPOS="723"/>
                  <String HEIGHT="48" WIDTH="110" VPOS="531" HPOS="676" CONTENT="Iam"/>
                  <SP HEIGHT="48" WIDTH="16" VPOS="531" HPOS="786"/>
                  <String HEIGHT="48" WIDTH="110" VPOS="531" HPOS="738" CONTENT="hoc"/>
                  <SP HEIGHT="48" WIDTH="16" VPOS="531" HPOS="848"/>
                  <String HEIGHT="48"
                          WIDTH="141"
                          VPOS="531"
                          HPOS="786"
                          CONTENT="mitabi"
                          SUBS_TYPE="HypPart1"
                          SUBS_CONTENT="mitabilius"/>
                  <HYP CONTENT="-"/>
               </TextLine>
               <TextLine ID="r1l12"
                         BASELINE="630"
                         HEIGHT="54"
                         WIDTH="610"
                         VPOS="576"
                         HPOS="318">
                  <String HEIGHT="54"
                          WIDTH="108"
                          VPOS="576"
                          HPOS="304"
                          CONTENT="lius"
                          SUBS_TYPE="HypPart2"
                          SUBS_CONTENT="mitabilius"/>
                  <SP HEIGHT="54" WIDTH="14" VPOS="576" HPOS="413"/>
                  <String HEIGHT="54"
                          WIDTH="108"
                          VPOS="576"
                          HPOS="372"
                          CONTENT="est,"/>
                  <SP HEIGHT="54" WIDTH="14" VPOS="576" HPOS="481"/>
                  <String HEIGHT="54" WIDTH="95" VPOS="576" HPOS="440" CONTENT="que"/>
                  <SP HEIGHT="54" WIDTH="14" VPOS="576" HPOS="535"/>
                  <String HEIGHT="54"
                          WIDTH="122"
                          VPOS="576"
                          HPOS="494"
                          CONTENT="ratam"/>
                  <SP HEIGHT="54" WIDTH="14" VPOS="576" HPOS="616"/>
                  <String HEIGHT="54"
                          WIDTH="108"
                          VPOS="576"
                          HPOS="576"
                          CONTENT="esse"/>
                  <SP HEIGHT="54" WIDTH="14" VPOS="576" HPOS="684"/>
                  <String HEIGHT="54"
                          WIDTH="136"
                          VPOS="576"
                          HPOS="643"
                          CONTENT="uoluit"/>
                  <SP HEIGHT="54" WIDTH="14" VPOS="576" HPOS="779"/>
                  <String HEIGHT="54"
                          WIDTH="203"
                          VPOS="576"
                          HPOS="725"
                          CONTENT="benedictionem"/>
               </TextLine>
               <TextLine ID="r1l13"
                         BASELINE="664"
                         HEIGHT="48"
                         WIDTH="613"
                         VPOS="616"
                         HPOS="305">
                  <String HEIGHT="48"
                          WIDTH="136"
                          VPOS="616"
                          HPOS="291"
                          CONTENT="Iacob,"/>
                  <SP HEIGHT="48" WIDTH="14" VPOS="616" HPOS="428"/>
                  <String HEIGHT="48"
                          WIDTH="109"
                          VPOS="616"
                          HPOS="387"
                          CONTENT="quam"/>
                  <SP HEIGHT="48" WIDTH="14" VPOS="616" HPOS="496"/>
                  <String HEIGHT="48" WIDTH="82" VPOS="616" HPOS="455" CONTENT="is"/>
                  <SP HEIGHT="48" WIDTH="14" VPOS="616" HPOS="537"/>
                  <String HEIGHT="48"
                          WIDTH="232"
                          VPOS="616"
                          HPOS="496"
                          CONTENT="praeripuisset"/>
                  <SP HEIGHT="48" WIDTH="14" VPOS="616" HPOS="727"/>
                  <String HEIGHT="48"
                          WIDTH="109"
                          VPOS="616"
                          HPOS="686"
                          CONTENT="natu"/>
                  <SP HEIGHT="48" WIDTH="14" VPOS="616" HPOS="795"/>
                  <String HEIGHT="48"
                          WIDTH="136"
                          VPOS="616"
                          HPOS="755"
                          CONTENT="maiori"/>
                  <SP HEIGHT="48" WIDTH="14" VPOS="616" HPOS="891"/>
                  <String HEIGHT="48"
                          WIDTH="82"
                          VPOS="616"
                          HPOS="836"
                          CONTENT="fra"
                          SUBS_TYPE="HypPart1"
                          SUBS_CONTENT="fratri,"/>
                  <HYP CONTENT="-"/>
               </TextLine>
               <TextLine ID="r1l14"
                         BASELINE="708"
                         HEIGHT="48"
                         WIDTH="615"
                         VPOS="660"
                         HPOS="310">
                  <String HEIGHT="48"
                          WIDTH="109"
                          VPOS="660"
                          HPOS="296"
                          CONTENT="tri,"
                          SUBS_TYPE="HypPart2"
                          SUBS_CONTENT="fratri,"/>
                  <SP HEIGHT="48" WIDTH="14" VPOS="660" HPOS="406"/>
                  <String HEIGHT="48" WIDTH="96" VPOS="660" HPOS="365" CONTENT="cui"/>
                  <SP HEIGHT="48" WIDTH="14" VPOS="660" HPOS="460"/>
                  <String HEIGHT="48"
                          WIDTH="109"
                          VPOS="660"
                          HPOS="419"
                          CONTENT="iure"/>
                  <SP HEIGHT="48" WIDTH="14" VPOS="660" HPOS="529"/>
                  <String HEIGHT="48"
                          WIDTH="150"
                          VPOS="660"
                          HPOS="488"
                          CONTENT="gentium"/>
                  <SP HEIGHT="48" WIDTH="14" VPOS="660" HPOS="638"/>
                  <String HEIGHT="48"
                          WIDTH="191"
                          VPOS="660"
                          HPOS="597"
                          CONTENT="debebatur,"/>
                  <SP HEIGHT="48" WIDTH="14" VPOS="660" HPOS="788"/>
                  <String HEIGHT="48"
                          WIDTH="150"
                          VPOS="660"
                          HPOS="747"
                          CONTENT="nimitum"/>
                  <SP HEIGHT="48" WIDTH="14" VPOS="660" HPOS="898"/>
                  <String HEIGHT="48" WIDTH="82" VPOS="660" HPOS="843" CONTENT="fide"/>
               </TextLine>
               <TextLine ID="r1l15"
                         BASELINE="744"
                         HEIGHT="45"
                         WIDTH="616"
                         VPOS="699"
                         HPOS="307">
                  <String HEIGHT="45"
                          WIDTH="143"
                          VPOS="699"
                          HPOS="293"
                          CONTENT="diuini"/>
                  <SP HEIGHT="45" WIDTH="14" VPOS="699" HPOS="436"/>
                  <String HEIGHT="45"
                          WIDTH="143"
                          VPOS="699"
                          HPOS="393"
                          CONTENT="uerbi,"/>
                  <SP HEIGHT="45" WIDTH="14" VPOS="699" HPOS="536"/>
                  <String HEIGHT="45"
                          WIDTH="129"
                          VPOS="699"
                          HPOS="493"
                          CONTENT="Maior"/>
                  <SP HEIGHT="45" WIDTH="14" VPOS="699" HPOS="622"/>
                  <String HEIGHT="45"
                          WIDTH="158"
                          VPOS="699"
                          HPOS="579"
                          CONTENT="seruiet"/>
                  <SP HEIGHT="45" WIDTH="14" VPOS="699" HPOS="737"/>
                  <String HEIGHT="45"
                          WIDTH="158"
                          VPOS="699"
                          HPOS="694"
                          CONTENT="minori."/>
                  <SP HEIGHT="45" WIDTH="14" VPOS="699" HPOS="851"/>
                  <String HEIGHT="45"
                          WIDTH="115"
                          VPOS="699"
                          HPOS="808"
                          CONTENT="Fide"/>
                  <SP HEIGHT="45" WIDTH="14" VPOS="699" HPOS="923"/>
                  <String HEIGHT="45" WIDTH="57" VPOS="699" HPOS="866" CONTENT="be"/>
               </TextLine>
               <TextLine ID="r1l16"
                         BASELINE="786"
                         HEIGHT="49"
                         WIDTH="612"
                         VPOS="737"
                         HPOS="311">
                  <String HEIGHT="49"
                          WIDTH="164"
                          VPOS="737"
                          HPOS="296"
                          CONTENT="nedixit"/>
                  <SP HEIGHT="49" WIDTH="15" VPOS="737" HPOS="460"/>
                  <String HEIGHT="49"
                          WIDTH="134"
                          VPOS="737"
                          HPOS="415"
                          CONTENT="lacob"/>
                  <SP HEIGHT="49" WIDTH="15" VPOS="737" HPOS="550"/>
                  <String HEIGHT="49"
                          WIDTH="149"
                          VPOS="737"
                          HPOS="505"
                          CONTENT="filios"/>
                  <SP HEIGHT="49" WIDTH="15" VPOS="737" HPOS="654"/>
                  <String HEIGHT="49"
                          WIDTH="164"
                          VPOS="737"
                          HPOS="610"
                          CONTENT="loseph,"/>
                  <SP HEIGHT="49" WIDTH="15" VPOS="737" HPOS="774"/>
                  <String HEIGHT="49"
                          WIDTH="179"
                          VPOS="737"
                          HPOS="729"
                          CONTENT="quanquam"/>
                  <SP HEIGHT="49" WIDTH="15" VPOS="737" HPOS="908"/>
                  <String HEIGHT="49" WIDTH="75" VPOS="737" HPOS="848" CONTENT="iam"/>
               </TextLine>
               <TextLine ID="r1l17"
                         BASELINE="838"
                         HEIGHT="56"
                         WIDTH="615"
                         VPOS="782"
                         HPOS="311">
                  <String HEIGHT="56"
                          WIDTH="165"
                          VPOS="782"
                          HPOS="296"
                          CONTENT="exules,"/>
                  <SP HEIGHT="56" WIDTH="15" VPOS="782" HPOS="461"/>
                  <String HEIGHT="56"
                          WIDTH="135"
                          VPOS="782"
                          HPOS="416"
                          CONTENT="nihil"/>
                  <SP HEIGHT="56" WIDTH="15" VPOS="782" HPOS="551"/>
                  <String HEIGHT="56"
                          WIDTH="180"
                          VPOS="782"
                          HPOS="506"
                          CONTENT="dubitans"/>
                  <SP HEIGHT="56" WIDTH="15" VPOS="782" HPOS="686"/>
                  <String HEIGHT="56"
                          WIDTH="135"
                          VPOS="782"
                          HPOS="641"
                          CONTENT="tamen"/>
                  <SP HEIGHT="56" WIDTH="15" VPOS="782" HPOS="776"/>
                  <String HEIGHT="56"
                          WIDTH="195"
                          VPOS="782"
                          HPOS="731"
                          CONTENT="redituros"/>
                  <SP HEIGHT="56" WIDTH="15" VPOS="782" HPOS="926"/>
                  <String HEIGHT="56" WIDTH="60" VPOS="782" HPOS="866" CONTENT="in"/>
               </TextLine>
               <TextLine ID="r1l18"
                         BASELINE="873"
                         HEIGHT="41"
                         WIDTH="603"
                         VPOS="832"
                         HPOS="312">
                  <String HEIGHT="41"
                          WIDTH="206"
                          VPOS="832"
                          HPOS="297"
                          CONTENT="Cananaeam,"/>
                  <SP HEIGHT="41" WIDTH="15" VPOS="832" HPOS="503"/>
                  <String HEIGHT="41"
                          WIDTH="162"
                          VPOS="832"
                          HPOS="459"
                          CONTENT="esseque"/>
                  <SP HEIGHT="41" WIDTH="15" VPOS="832" HPOS="621"/>
                  <String HEIGHT="41"
                          WIDTH="191"
                          VPOS="832"
                          HPOS="577"
                          CONTENT="maximarum"/>
                  <SP HEIGHT="41" WIDTH="15" VPOS="832" HPOS="768"/>
                  <String HEIGHT="41"
                          WIDTH="162"
                          VPOS="832"
                          HPOS="724"
                          CONTENT="gentium"/>
                  <SP HEIGHT="41" WIDTH="15" VPOS="832" HPOS="886"/>
                  <String HEIGHT="41"
                          WIDTH="88"
                          VPOS="832"
                          HPOS="827"
                          CONTENT="pri"
                          SUBS_TYPE="HypPart1"
                          SUBS_CONTENT="primordia."/>
                  <HYP CONTENT="-"/>
               </TextLine>
               <TextLine ID="r1l19"
                         BASELINE="917"
                         HEIGHT="47"
                         WIDTH="613"
                         VPOS="870"
                         HPOS="309">
                  <String HEIGHT="47"
                          WIDTH="164"
                          VPOS="870"
                          HPOS="294"
                          CONTENT="mordia."
                          SUBS_TYPE="HypPart2"
                          SUBS_CONTENT="primordia."/>
                  <SP HEIGHT="47" WIDTH="15" VPOS="870" HPOS="459"/>
                  <String HEIGHT="47" WIDTH="105" VPOS="870" HPOS="414" CONTENT="Nec"/>
                  <SP HEIGHT="47" WIDTH="15" VPOS="870" HPOS="518"/>
                  <String HEIGHT="47"
                          WIDTH="209"
                          VPOS="870"
                          HPOS="473"
                          CONTENT="dubitatunt"/>
                  <SP HEIGHT="47" WIDTH="15" VPOS="870" HPOS="683"/>
                  <String HEIGHT="47"
                          WIDTH="120"
                          VPOS="870"
                          HPOS="638"
                          CONTENT="Mosi"/>
                  <SP HEIGHT="47" WIDTH="15" VPOS="870" HPOS="758"/>
                  <String HEIGHT="47"
                          WIDTH="179"
                          VPOS="870"
                          HPOS="713"
                          CONTENT="parentes"/>
                  <SP HEIGHT="47" WIDTH="15" VPOS="870" HPOS="892"/>
                  <String HEIGHT="47" WIDTH="105" VPOS="870" HPOS="847" CONTENT="qui"/>
                  <SP HEIGHT="47" WIDTH="15" VPOS="870" HPOS="952"/>
                  <String HEIGHT="47" WIDTH="30" VPOS="870" HPOS="892" CONTENT=""/>
               </TextLine>
               <TextLine ID="r1l20"
                         BASELINE="962"
                         HEIGHT="57"
                         WIDTH="610"
                         VPOS="905"
                         HPOS="308">
                  <String HEIGHT="57"
                          WIDTH="159"
                          VPOS="905"
                          HPOS="295"
                          CONTENT="redituri"/>
                  <SP HEIGHT="57" WIDTH="13" VPOS="905" HPOS="454"/>
                  <String HEIGHT="57"
                          WIDTH="133"
                          VPOS="905"
                          HPOS="414"
                          CONTENT="essent"/>
                  <SP HEIGHT="57" WIDTH="13" VPOS="905" HPOS="547"/>
                  <String HEIGHT="57" WIDTH="80" VPOS="905" HPOS="507" CONTENT="in"/>
                  <SP HEIGHT="57" WIDTH="13" VPOS="905" HPOS="586"/>
                  <String HEIGHT="57"
                          WIDTH="212"
                          VPOS="905"
                          HPOS="547"
                          CONTENT="palaestinam,"/>
                  <SP HEIGHT="57" WIDTH="13" VPOS="905" HPOS="759"/>
                  <String HEIGHT="57"
                          WIDTH="106"
                          VPOS="905"
                          HPOS="719"
                          CONTENT="quod"/>
                  <SP HEIGHT="57" WIDTH="13" VPOS="905" HPOS="825"/>
                  <String HEIGHT="57" WIDTH="80" VPOS="905" HPOS="785" CONTENT="in"/>
                  <SP HEIGHT="57" WIDTH="13" VPOS="905" HPOS="865"/>
                  <String HEIGHT="57"
                          WIDTH="106"
                          VPOS="905"
                          HPOS="812"
                          CONTENT="caussa"/>
               </TextLine>
               <TextLine ID="r1l21"
                         BASELINE="996"
                         HEIGHT="47"
                         WIDTH="610"
                         VPOS="949"
                         HPOS="304">
                  <String HEIGHT="47"
                          WIDTH="131"
                          VPOS="949"
                          HPOS="289"
                          CONTENT="fuit,"/>
                  <SP HEIGHT="47" WIDTH="15" VPOS="949" HPOS="420"/>
                  <String HEIGHT="47" WIDTH="102" VPOS="949" HPOS="377" CONTENT="cur"/>
                  <SP HEIGHT="47" WIDTH="15" VPOS="949" HPOS="478"/>
                  <String HEIGHT="47"
                          WIDTH="218"
                          VPOS="949"
                          HPOS="435"
                          CONTENT="occuluerint"/>
                  <SP HEIGHT="47" WIDTH="15" VPOS="949" HPOS="653"/>
                  <String HEIGHT="47"
                          WIDTH="189"
                          VPOS="949"
                          HPOS="609"
                          CONTENT="infantem,"/>
                  <SP HEIGHT="47" WIDTH="15" VPOS="949" HPOS="798"/>
                  <String HEIGHT="47"
                          WIDTH="116"
                          VPOS="949"
                          HPOS="754"
                          CONTENT="spem"/>
                  <SP HEIGHT="47" WIDTH="15" VPOS="949" HPOS="870"/>
                  <String HEIGHT="47"
                          WIDTH="102"
                          VPOS="949"
                          HPOS="812"
                          CONTENT="gene"
                          SUBS_TYPE="HypPart1"
                          SUBS_CONTENT="generis."/>
                  <HYP CONTENT="-"/>
               </TextLine>
               <TextLine ID="r1l22"
                         BASELINE="1038"
                         HEIGHT="46"
                         WIDTH="610"
                         VPOS="992"
                         HPOS="306">
                  <String HEIGHT="46"
                          WIDTH="104"
                          VPOS="992"
                          HPOS="293"
                          CONTENT="ris."
                          SUBS_TYPE="HypPart2"
                          SUBS_CONTENT="generis."/>
                  <SP HEIGHT="46" WIDTH="13" VPOS="992" HPOS="397"/>
                  <String HEIGHT="46"
                          WIDTH="130"
                          VPOS="992"
                          HPOS="358"
                          CONTENT="Deinde"/>
                  <SP HEIGHT="46" WIDTH="13" VPOS="992" HPOS="488"/>
                  <String HEIGHT="46"
                          WIDTH="130"
                          VPOS="992"
                          HPOS="449"
                          CONTENT="etiam,"/>
                  <SP HEIGHT="46" WIDTH="13" VPOS="992" HPOS="579"/>
                  <String HEIGHT="46" WIDTH="91" VPOS="992" HPOS="540" CONTENT="cur"/>
                  <SP HEIGHT="46" WIDTH="13" VPOS="992" HPOS="630"/>
                  <String HEIGHT="46"
                          WIDTH="169"
                          VPOS="992"
                          HPOS="592"
                          CONTENT="expositum"/>
                  <SP HEIGHT="46" WIDTH="13" VPOS="992" HPOS="760"/>
                  <String HEIGHT="46"
                          WIDTH="195"
                          VPOS="992"
                          HPOS="721"
                          CONTENT="commiserint"/>
                  <SP HEIGHT="46" WIDTH="13" VPOS="992" HPOS="916"/>
                  <String HEIGHT="46" WIDTH="52" VPOS="992" HPOS="864" CONTENT="po"/>
               </TextLine>
               <TextLine ID="r1l23"
                         BASELINE="1081"
                         HEIGHT="50"
                         WIDTH="577"
                         VPOS="1031"
                         HPOS="305">
                  <String HEIGHT="50"
                          WIDTH="110"
                          VPOS="1031"
                          HPOS="291"
                          CONTENT="tius"/>
                  <SP HEIGHT="50" WIDTH="14" VPOS="1031" HPOS="401"/>
                  <String HEIGHT="50"
                          WIDTH="151"
                          VPOS="1031"
                          HPOS="360"
                          CONTENT="diuinae"/>
                  <SP HEIGHT="50" WIDTH="14" VPOS="1031" HPOS="511"/>
                  <String HEIGHT="50"
                          WIDTH="247"
                          VPOS="1031"
                          HPOS="470"
                          CONTENT="misericordiae,"/>
                  <SP HEIGHT="50" WIDTH="14" VPOS="1031" HPOS="717"/>
                  <String HEIGHT="50"
                          WIDTH="110"
                          VPOS="1031"
                          HPOS="676"
                          CONTENT="quam"/>
                  <SP HEIGHT="50" WIDTH="14" VPOS="1031" HPOS="786"/>
                  <String HEIGHT="50"
                          WIDTH="151"
                          VPOS="1031"
                          HPOS="731"
                          CONTENT="necarint."/>
               </TextLine>
               <TextLine ID="r1l24"
                         BASELINE="1135"
                         HEIGHT="54"
                         WIDTH="612"
                         VPOS="1081"
                         HPOS="308">
                  <String HEIGHT="54" WIDTH="71" VPOS="1081" HPOS="294" CONTENT="â‹"/>
                  <SP HEIGHT="54" WIDTH="14" VPOS="1081" HPOS="365"/>
                  <String HEIGHT="54"
                          WIDTH="114"
                          VPOS="1081"
                          HPOS="322"
                          CONTENT="Adde"/>
                  <SP HEIGHT="54" WIDTH="14" VPOS="1081" HPOS="436"/>
                  <String HEIGHT="54" WIDTH="85" VPOS="1081" HPOS="393" CONTENT="si"/>
                  <SP HEIGHT="54" WIDTH="14" VPOS="1081" HPOS="479"/>
                  <String HEIGHT="54"
                          WIDTH="128"
                          VPOS="1081"
                          HPOS="436"
                          CONTENT="uoles"/>
                  <SP HEIGHT="54" WIDTH="14" VPOS="1081" HPOS="564"/>
                  <String HEIGHT="54" WIDTH="71" VPOS="1081" HPOS="521" CONTENT="&amp;"/>
                  <SP HEIGHT="54" WIDTH="14" VPOS="1081" HPOS="593"/>
                  <String HEIGHT="54"
                          WIDTH="157"
                          VPOS="1081"
                          HPOS="550"
                          CONTENT="reliqua"/>
                  <SP HEIGHT="54" WIDTH="14" VPOS="1081" HPOS="707"/>
                  <String HEIGHT="54"
                          WIDTH="171"
                          VPOS="1081"
                          HPOS="664"
                          CONTENT="exempla,"/>
                  <SP HEIGHT="54" WIDTH="14" VPOS="1081" HPOS="835"/>
                  <String HEIGHT="54"
                          WIDTH="100"
                          VPOS="1081"
                          HPOS="792"
                          CONTENT="nos"/>
                  <SP HEIGHT="54" WIDTH="14" VPOS="1081" HPOS="892"/>
                  <String HEIGHT="54" WIDTH="85" VPOS="1081" HPOS="835" CONTENT="for"/>
               </TextLine>
            </TextBlock>
         </PrintSpace>
      </Page>
   </Layout>
</alto>
