1000 1385
48 92 113 80 mam
112 92 225 80 exemplorum
289 92 258 80 tractandorum
483 92 193 80 delineaui-

54 160 117 52 mus,
128 160 220 52 docuimusque
304 160 103 52 non
362 160 88 52 de
406 160 205 52 sophistica
567 160 103 52 hyp
611 160 59 52 o-

55 200 132 47 crisi,
147 200 92 47 sed
200 200 79 47 de
240 200 106 47 fide
306 200 119 47 loqui
385 200 106 47 eius
451 200 172 47 Epistolae
569 200 106 47 aucto-

55 251 106 50 rem,
121 251 93 50 hoc
174 251 106 50 est,
241 251 80 50 de
281 251 146 50 fiducia
387 251 226 50 misericordiae
573 251 93 50 seu
613 251 66 50 gra

66 291 94 47 tiae
113 291 71 47 dei.

64 316 131 59 â‹Hic
145 316 114 59 non
211 316 147 59 uides
309 316 213 59 discrimen
456 316 229 59 promissionum

62 368 181 51 diuinarum,
205 368 91 51 sed
256 368 194 51 simpliciter
412 368 130 51 uerbum
503 368 117 51 fidei
580 368 117 51 esse,

56 414 238 59 promissionem
249 414 253 59 misericordiae
457 414 74 59 &
487 414 163 59 gratiae
591 414 89 59 dei.

61 460 110 48 siue
130 460 83 48 de
172 460 124 48 rebus
254 460 165 48 aetenis,
378 460 110 48 siue
447 460 83 48 de
489 460 124 48 rebus
558 460 110 48 tempo-

66 492 157 61 talibus
180 492 157 61 agatur.
294 492 171 61 Quanquam
423 492 114 61 fere
480 492 200 61 promissiones

57 544 119 39 rerum
136 544 211 39 spiritualium
307 544 79 39 ex
347 544 198 39 corporalium
492 544 184 39 promissioni-

59 582 96 41 bus
114 582 151 41 colligi
224 582 165 41 possint,
348 582 96 41 non
402 582 110 41 dico
471 582 96 41 per
512 582 165 41 allegoriam

56 625 170 45 tantum,
179 625 108 45 sed
241 625 139 45 claro
334 625 77 45 &
365 625 201 45 manifesto
504 625 170 45 argumento

57 659 178 47 spititus.
194 659 109 47 Quid
263 659 82 47 in
304 659 123 47 morte
386 659 178 47 sperandum
523 659 123 47 esset
591 659 82 47 Abra

60 707 143 49 hamum
156 707 207 49 perspicuo
315 707 175 49 docebat
442 707 143 49 filii
522 707 143 49 immola-

54 746 116 50 tio.
126 746 101 50 Iam
184 746 101 50 hoc
241 746 145 50 quoque
343 746 101 50 non
400 746 159 50 adtinet
502 746 173 50 discernere

61 793 259 40 promissiones,
274 793 107 40 que
335 793 91 40 in
381 793 152 40 primam
472 793 213 40 promissionem

54 834 85 45 de
96 834 141 45 semine
195 834 141 45 Heuae,
294 834 85 45 id
336 834 113 45 est,
407 834 169 45 Christo,
534 834 127 45 omnes
604 834 71 45 re-

58 868 126 49 liquae
147 868 152 49 directae
261 868 114 49 sunt.
337 868 101 49 ldeo
400 868 63 49 e
425 868 190 49 epectabatur
564 868 114 49 posteri

60 921 109 42 tas,
129 921 109 42 quia
197 921 123 42 semen
279 921 123 42 illud
361 921 232 42 expectabatur,
538 921 137 42 scilicet

60 958 187 56 Christus.
203 958 129 56 Atque
290 958 101 56 ita
347 958 173 56 renouata
477 958 101 56 est
520 958 158 56 promissio

55 994 131 59 Heuae
143 994 145 59 facta,
245 994 87 59 in
288 994 218 59 promissione
463 994 160 59 Abrahae
565 994 116 59 facta,

62 1039 93 52 cum
115 1039 133 52 inquit
208 1039 160 52 Genesis.
328 1039 120 52 xxii.
408 1039 213 52 Denedicentur
582 1039 80 52 in
608 1039 67 52 se-

60 1081 117 59 mine
134 1081 103 59 tuo
192 1081 132 59 omnes
280 1081 147 59 gentes
383 1081 161 59 terrae,
500 1081 117 59 quod
574 1081 117 59 nisi
632 1081 59 59 de
