1000 1385
60 91 234 72 promissiones
251 91 88 72 in
295 91 117 72 eum,
368 91 132 72 nempe
455 91 102 72 qui
514 91 132 72 nobis
587 91 88 72 eme-

61 148 104 49 ruit
126 148 220 49 misericondiam
307 148 143 49 patris,
411 148 91 49 qui
463 148 117 49 nobis
527 148 143 49 concilia-

61 190 89 55 uit
112 190 140 55 patrem,
214 190 178 55 referendae
353 190 114 55 sunt.
430 190 114 55 Sicut
506 190 165 55 Iohannis.
620 190 51 55 i-

68 232 101 46 sDe
125 232 217 46 plenitudine
299 232 116 46 eius
371 232 116 46 omes
444 232 101 46 nos
501 232 202 46 accepimus,

61 276 76 48 &
91 276 166 48 gratiam
212 276 106 48 pro
273 276 166 48 gratia,
394 276 166 48 fauorem
515 276 121 48 erga
590 276 121 48 nos,
651 276 45 48 a

68 314 101 52 pro
125 314 144 52 fauore
226 314 115 52 erga
297 314 187 52 Christum.
441 314 187 52 Exercebis
570 314 115 52 spiri-

61 362 100 56 tum
118 362 215 56 meditatione
290 362 229 56 promissionum
475 362 186 56 accurate,
604 362 86 56 que-

67 397 119 55 nisi
141 397 74 55 e
171 397 267 55 promissionibus
394 397 178 55 cognosci
513 397 178 55 neutiquam.

69 447 148 45 poterit
176 447 175 45 Christus,
311 447 81 45 at
351 447 108 45 nisi
419 447 162 45 Christum
540 447 135 45 noris,
621 447 67 45 nec

68 484 145 47 patrem
170 484 203 47 cognosces.
330 484 102 47 Huc
388 484 145 47 igitur
490 484 145 47 omnes,
577 484 116 47 spiri-

67 525 100 46 tus
124 525 100 46 tui
181 525 229 46 cogitationes
367 525 143 46 adfer,
467 525 100 46 huc
524 525 172 46 incumbe,
639 525 57 46 ut

70 569 89 43 ex
115 569 266 43 promissionibus
336 569 207 43 cognoscas,
498 569 118 43 quae
572 569 118 43 tibi
631 569 59 43 in

66 608 162 52 Christo
184 608 118 52 sint
258 608 162 52 donata.
376 608 147 52 Quaeso
479 608 177 52 autemubi
597 608 88 52 pro-

69 658 192 41 missionum
217 658 222 41 scholastica
394 658 192 41 Theologia
542 658 103 41 uel
587 658 103 41 uerbo

71 686 159 44 meminit?
190 686 120 44 Atque
270 686 93 44 ita
323 686 133 44 factum
416 686 106 44 est,
482 686 80 44 ut
522 686 146 44 gratiam
615 686 80 44 Chri

66 727 97 45 sti
121 727 207 45 obscuraret,
287 727 83 45 ut
328 727 83 45 ex
370 727 152 45 Christo
480 727 97 45 non
535 727 138 45 pignus
618 727 69 45 mi-

67 759 209 63 sericondiae,
237 759 91 63 sed
289 759 222 63 legislatorem,
471 759 65 63 &
497 759 170 63 exactorem
615 759 78 63 mul-

73 808 71 48 to
109 808 165 48 tristiorem
238 808 141 48 faceret,
344 808 94 48 quam
403 808 106 48 Moses
474 808 106 48 etiam
545 808 106 48 uisus
615 808 94 48 est.

76 856 75 45 â‹
106 856 90 45 Et
151 856 90 45 de
196 856 270 45 promissionibus
420 856 150 45 quidem
525 856 195 45 hactenus,

76 895 96 46 quae
136 895 108 46 omnes
208 895 72 46 in
243 895 120 46 primam
327 895 120 46 illam,
411 895 96 46 quae
471 895 108 46 Heuae
542 895 108 46 facta
614 895 96 46 est,

66 941 149 41 referri
175 941 149 41 debent,
283 941 95 41 qua
338 941 217 41 significatum
514 941 108 41 fuit
582 941 108 41 Adae
636 941 54 41 ac

76 973 127 60 Heuae
161 973 169 60 futurum,
288 973 85 60 ut
330 973 71 60 &
358 973 169 60 peccatum
485 973 71 60 &
513 973 127 60 mors,
584 973 113 60 illius

73 1023 156 51 peccati
186 1023 142 51 poena,
286 1023 114 51 olim
357 1023 227 51 abolerentur,
542 1023 99 51 cum
584 1023 114 51 scili-

72 1060 91 56 cet
124 1060 168 56 serpentis
253 1060 130 56 illius
344 1060 117 56 caput
422 1060 117 56 Heuae
500 1060 168 56 progenies
616 1060 78 56 con
