1000 1385
75 109 192 50 stilicabit
226 109 151 50 multos.
336 109 110 50 Ecce
404 109 164 50 cognitio
528 109 151 50 Christi
623 109 69 50 iu-

77 155 184 53 stificatio
222 155 105 53 est,
287 155 158 53 cognitio
406 155 118 53 autem
485 155 105 53 sola
550 155 118 53 fides
616 155 79 53 est.

76 206 97 48 Hoc
132 206 125 48 genus
215 206 111 48 alia
285 206 97 48 per
340 206 83 48 se
382 206 195 48 obseruabit
535 206 167 48 diligens
646 206 56 48 le

80 249 133 36 ctor.
169 249 103 36 Nam
228 249 133 36 fidei
316 249 162 36 naturam
434 249 89 36 ac
479 249 103 36 uim
538 249 103 36 non
582 249 118 36 uideor

84 288 116 39 mihi
157 288 131 39 posse
244 288 160 39 uerbis,
361 288 87 39 ut
404 288 174 39 optabam,
521 288 174 39 explicare.

79 322 110 47 Qui
142 322 158 47 norunt
253 322 173 47 peccati
379 322 126 47 uim,
458 322 158 47 quorum
552 322 142 47 consci-

81 368 143 50 entias
181 368 157 50 peccati
295 368 172 50 cognitio
424 368 186 50 perculit,
567 368 100 50 iis
610 368 100 50 demum

82 403 185 53 uoluptati
224 403 100 53 est
281 403 114 53 hanc
352 403 85 53 de
395 403 114 53 fide
466 403 185 53 doctrinam
594 403 100 53 audi-

87 444 107 51 re.
148 444 184 51 Caeterum
286 444 169 51 uelatum
409 444 107 51 est
470 444 215 51 Euangelium
623 444 77 51 no-

81 492 133 42 strum
170 492 89 42 in
214 492 221 42 hypocritis,
391 492 89 42 in
435 492 148 42 quibus
539 492 118 42 deus
598 492 103 42 huius

87 530 131 45 seculi
179 530 184 45 excaecauit
323 530 131 45 mentes
415 530 184 45 infideles,
560 530 79 45 ut
599 530 79 45 ne
625 530 79 45 illu

84 573 162 48 cesceret
205 573 94 48 eis
259 573 121 48 lumen
340 573 175 48 Euangelii
475 573 148 48 gloriae
569 573 135 48 Christi,

85 613 102 50 qui
144 613 102 50 est
202 613 132 50 imago
275 613 88 50 dei.

86 651 81 51 â‹
118 651 162 51 Dices,
232 651 146 51 Nihil
329 651 162 51 igitur
443 651 195 51 meremur?
572 651 130 51 Ecquid

85 694 186 49 scriptura
228 694 143 49 tocies
328 694 171 49 mercedis
456 694 171 49 uocabulo
570 694 129 49 utitur.

85 743 211 43 Respondeo,
251 743 151 43 merces
357 743 121 43 est,
432 743 211 43 debeturque
598 743 106 43 non
644 743 60 43 me

83 784 113 47 rito
154 784 113 47 ullo
225 784 156 47 nostro,
338 784 99 47 sed
395 784 113 47 quia
466 784 128 47 pater
551 784 184 47 promisit,

85 824 101 38 iam
142 824 129 38 uelut
228 824 201 38 obstrinxit
387 824 86 38 se
430 824 129 38 nobis
516 824 86 38 ac
545 824 158 38 debitorem

86 859 148 46 fecit,
190 859 103 46 iis
249 859 103 46 qui
308 859 118 46 tale
382 859 133 46 nihil
471 859 207 46 metuetant.
618 859 89 46 Quid

90 900 120 48 enim
165 900 165 48 clarius
285 900 180 48 aduersus
421 900 150 48 merita
526 900 150 48 nostra
616 900 90 48 dici

90 949 173 48 potuit,
216 949 126 48 quam
295 949 126 48 quod
374 949 110 48 est
437 949 126 48 apud
516 949 142 48 Rucam
595 949 110 48 capi-

81 980 128 58 tulo.
166 980 128 58 xvii.
251 980 156 58 Nunquid
365 980 156 58 gratiam
478 980 128 58 habet
563 980 128 58 seruo
634 980 71 58 il-

87 1029 98 51 li,
143 1029 112 51 quia
213 1029 140 51 fecit,
312 1029 112 51 quod
382 1029 225 51 imperauetat?
565 1029 98 51 Non
607 1029 98 51 puto,
