1000 1385
296 116 96 53 qui
351 116 164 53 credunt,
474 116 96 53 qui
529 116 151 53 fiducia
638 116 123 53 uerbi
720 116 96 53 dei
762 116 151 53 trahuntur

301 163 83 40 ad
343 163 166 40 gloriam.
467 163 124 40 Item,
550 163 97 40 qui
605 163 138 40 potest
701 163 124 40 fidei
784 163 97 40 uis
839 163 83 40 ac
867 163 55 40 na

301 201 112 48 tura
371 201 154 48 exprimi
483 201 168 48 certius,
609 201 112 48 quam
680 201 126 48 uerbo
750 201 168 48 perseueran

295 240 103 49 di?
354 240 103 49 cum
413 240 133 49 inter
502 240 103 49 tot
561 240 207 49 illecebras
723 240 133 49 camis
812 240 74 49 &
826 240 89 49 mun-

294 286 94 46 di,
347 286 121 46 inter
428 286 94 46 tot
481 286 214 46 adffictiones
655 286 188 46 consistere
803 286 80 46 ac
830 286 80 46 per-

289 331 155 38 durare
398 331 93 38 in
445 331 140 38 bonis
538 331 186 38 operibus
677 331 124 38 nemo
755 331 124 38 sine
817 331 93 38 mag-

285 370 90 42 na
330 370 120 42 fide
405 370 165 42 possit.
525 370 150 42 Rursum
631 370 75 42 &
661 370 135 42 uitam
751 370 120 42 male
811 370 105 42 actam

290 406 137 44 eodem
381 406 122 44 loco
458 406 92 44 ad
503 406 275 44 incredulitatem
732 406 168 44 refert,
839 406 76 44 cum

291 448 122 57 ait.
367 448 260 57 Contentiosis,
581 448 77 57 &
612 448 107 57 qui
673 448 107 57 non
719 448 199 57 acquiescunt

299 490 171 55 ueritati.
430 490 92 55 Non
483 490 197 55 acquiescere
641 490 171 55 ueritati,
772 490 105 55 quid
825 490 92 55 aliud

290 537 95 41 est
345 537 109 41 quam
413 537 190 41 diffidere?
562 537 218 41 Contentiosi,
739 537 95 41 qui
780 537 136 41 ueritati

290 575 240 53 aduersantur,
485 575 105 53 qui
545 575 135 53 camis
635 575 195 53 opinionem
770 575 135 53 sequum-

295 613 102 57 ur.
354 613 102 57 Nam
412 613 174 57 quisquis
542 613 131 57 palam
629 613 160 57 peccat,
745 613 87 57 is
789 613 102 57 aut
832 613 73 57 con

285 662 146 54 temptu
388 662 117 54 dei,
461 662 102 54 aut
519 662 234 54 desperatione
694 662 219 54 misericondiae

286 705 90 46 dei
338 705 142 46 peccat,
441 705 207 46 Sennacherib.
609 705 116 46 iiii.
686 705 103 46 Reg.
751 705 129 46 xiiii.
829 705 77 46 Quia

279 739 131 46 nihil
367 739 116 46 esse
439 739 116 46 deum
512 739 189 46 censebat,
658 739 87 46 in
701 739 175 46 Israelem
818 739 87 46 arma

277 785 138 42 impia
369 785 153 42 mouit.
476 785 138 42 Cain,
568 785 123 42 quia
644 785 215 42 desperabat
798 785 107 42 mise-

286 827 197 41 ricordiam,
441 827 113 41 ideo
511 827 127 41 nihil
595 827 98 41 non
652 827 127 41 ausus
736 827 98 41 est
778 827 127 41 postea.

286 864 110 55 Nemo
355 864 96 55 est
410 864 110 55 enim
479 864 110 55 qui,
548 864 83 55 si
589 864 193 55 confideret
741 864 165 55 futurum,
851 864 55 55 ut

275 909 102 44 sui
334 909 234 44 miseresceret
524 909 131 44 deus,
611 909 102 44 non
669 909 219 44 cupidissime
830 909 73 44 le-

275 949 88 47 gi
319 949 102 47 dei
378 949 88 47 se
422 949 234 47 accomodaret.
612 949 102 47 Sed
670 949 117 47 quia
729 949 175 47 contentio-

273 989 96 41 si
321 989 159 41 sumus,
433 989 128 41 ipsi
512 989 239 41 disceptamus
704 989 207 41 nobiscum,
847 989 64 41 de

282 1031 158 49 diuinae
397 1031 130 49 irae,
483 1031 86 49 ac
526 1031 245 49 misericordiae
713 1031 202 49 amplitudine,

280 1071 193 51 angustius
429 1071 164 51 quiddam
548 1071 193 51 sentimus,
697 1071 119 51 quam
771 1071 104 51 tes
816 1071 89 51 est.
