1000 1385
75 115 127 55 ldeo
155 115 207 55 contemptu
314 115 111 55 tum
377 115 127 55 irae
457 115 111 55 rum
504 115 191 55 misericor.

90 156 107 47 diae
157 156 107 47 dei,
224 156 188 47 defectimus
371 156 80 47 ad
411 156 201 47 cupiditates
572 156 161 47 nostras,

84 200 131 47 nihil
172 200 102 47 non
230 200 160 47 audemus
346 200 145 47 impii,
448 200 145 47 caeci,
549 200 189 47 furentes,

84 250 100 44 uel
141 250 171 44 gloriae,
269 250 100 44 uel
326 250 142 44 rerum,
425 250 100 44 uel
482 250 199 44 uoluptatum
625 250 85 44 amo-

87 284 107 49 re.
148 284 169 49 Miserum
271 284 245 49 spectaculum,
470 284 92 49 si
516 284 138 49 illam
592 284 123 49 cordis

87 330 113 48 tui
151 330 161 48 impiam
264 330 209 48 insaniam,
425 330 80 48 &
457 330 177 48 insanam
569 330 145 48 impieta

87 372 109 45 tem
150 372 171 45 cernere
274 372 218 45 contingat.
445 372 156 45 Viden,
554 372 125 45 quam
617 372 93 45 adpo

90 407 117 44 site
164 407 88 44 ad
208 407 132 44 fidem
296 407 191 44 retulerit
443 407 147 44 Paulus
545 407 117 44 bene
604 407 103 44 actam

96 450 145 51 uitam,
197 450 87 51 ad
240 450 275 51 incredulitatem,
471 450 116 51 male
544 450 145 51 actam.
645 450 101 51 Sic

90 496 126 48 alios
174 496 126 48 locos
257 496 251 48 circumstantiae
467 496 181 48 exponunt,
606 496 84 48 ut
634 496 70 48 pe-

90 532 171 51 regrinis
218 532 214 51 glossematis
389 532 128 51 nihil
475 532 114 51 opus
546 532 114 51 sit.
603 532 114 51 Quorum

86 573 225 47 tractationem
269 573 197 47 industriae
424 573 225 47 spiritualium
592 573 113 47 lecto-

87 613 104 50 rum
147 613 193 50 relinquo.
295 613 104 50 Nam
355 613 134 50 illos
444 613 119 50 male
518 613 178 50 feriatos
637 613 74 50 So-

83 654 181 57 phistas,
219 654 136 57 nolo,
310 654 151 57 quibus
416 654 136 57 nihil
506 654 106 57 tam
567 654 136 57 bene,
642 654 76 57 tam

97 701 214 50 umpliciter
265 701 153 50 dictum
371 701 122 50 est,
448 701 122 50 quod
524 701 107 50 non
570 701 137 50 peruer-

98 739 125 48 tant,
182 739 223 48 distinguant,
362 739 195 48 discerpant
515 739 83 48 in
557 739 125 48 mille
627 739 83 48 for-

94 781 116 49 mas.
166 781 131 49 Certe
253 781 87 49 in
297 781 116 49 illo
369 781 174 49 Matthaei
500 781 116 49 loco
572 781 116 49 quem
630 781 87 49 cita

90 821 120 52 uimus
170 821 187 52 obscuritas
317 821 120 52 nulla
397 821 107 52 est,
463 821 80 52 si
503 821 120 52 recte
584 821 93 52 rem
624 821 93 52 aesti

88 874 131 39 mes.
169 874 114 39 Nam
235 874 98 39 ut
284 874 131 39 haec
366 874 114 39 non
431 874 180 39 urgeam,
562 874 131 39 quod
627 874 82 39 cum

93 905 196 55 benedictos
247 905 140 55 patris
345 905 98 55 sui
401 905 140 55 uocat,
500 905 196 55 significat
640 905 70 55 sa-

96 955 142 46 lutem
191 955 252 46 benedictione
395 955 173 46 diuina,
521 955 110 46 non
568 955 142 46 nostris

95 999 161 38 meritis
212 999 219 38 contigisse,
387 999 146 38 negari
489 999 102 38 non
548 999 146 38 potest
635 999 88 38 quin

87 1036 104 47 de
139 1036 157 47 fidei
243 1036 209 47 operibus
400 1036 209 47 loquatur
539 1036 191 47 CHRISTVs,
