1000 1385
97 70 172 70 Superest
225 70 143 70 lacobi
325 70 200 70 sententia.
483 70 129 70 Fides
568 70 114 70 sine
626 70 71 70 ope

70 124 127 59 ribus
154 124 141 59 mortua
253 124 113 59 est.
324 124 113 59 Dene
394 124 141 59 quidem
493 124 127 59 ille.
577 124 99 59 Nam
620 124 70 59 eos

71 165 225 57 reprehendit,
254 165 98 57 qui
310 165 197 57 iudicabant
464 165 197 57 historicam
605 165 84 57 opi-

80 204 144 53 nionem
180 204 86 53 de
223 204 158 53 Christo
338 204 129 53 fidem
425 204 129 53 esse.
511 204 187 53 Propterea
640 204 58 53 si

77 259 93 44 cut
130 259 133 44 Paulus
223 259 120 44 aliam
304 259 133 44 fictam
397 259 120 44 fidem
477 259 174 44 adpellat,
611 259 120 44 aliam

80 286 150 59 ueram.
185 286 105 59 Ita
245 286 165 59 lacobus
365 286 135 59 aliam
456 286 135 59 uocat
546 286 135 59 fidem
621 286 75 59 ui-

85 331 116 53 uam,
157 331 130 53 aliam
244 331 174 53 mortuam.
374 331 130 53 Viuam
461 331 145 53 fidem,
548 331 159 53 efficacem

84 375 123 56 illam
166 375 68 56 &
194 375 164 56 ardentem
317 375 164 56 fiduciam
440 375 233 56 misericordiae
618 375 82 56 dei-

83 425 160 49 nunquam
200 425 102 49 non
258 425 233 49 parturientem
447 425 131 49 bonos
534 425 160 49 foetus.
636 425 73 49 Hoc

84 455 109 61 est,
153 455 109 61 quod
221 455 109 61 ait.
290 455 164 61 Operibus
413 455 123 61 fides
495 455 178 61 consumata
618 455 82 61 est.

85 502 147 50 Item,
183 502 131 50 quia
265 502 180 50 uiuacem
396 502 98 50 in
445 502 197 50 Abrahamo
592 502 147 50 fidem

85 544 156 52 fuisse,
198 544 127 52 opera
283 544 198 52 declarant,
439 544 113 52 ideo
510 544 184 52 scriptura
637 544 71 52 im-

90 584 126 55 pleta
174 584 98 55 est
230 584 168 55 dicens,.
356 584 168 55 sredidit
483 584 154 55 Abraham
595 584 112 55 deo,
665 584 70 55 &

86 627 172 45 reputatum
218 627 93 45 est
271 627 79 45 ei
310 627 79 45 ad
350 627 185 45 iusticiam.
496 627 132 45 Itaque
588 627 79 45 in
614 627 93 45 summa

92 663 100 57 hoc
149 663 114 57 agit
220 663 171 57 lacobus,
348 663 157 57 mortuam
462 663 142 57 fidem,
562 663 100 57 hoc
619 663 114 57 est,

85 709 182 53 frigidam
221 709 228 53 Parisiensem
404 709 197 53 opinionem
555 709 106 53 non
601 709 106 53 iusti

94 759 156 46 ficare.
207 759 127 46 Fidem
292 759 127 46 uiuam
377 759 226 46 iustificare.
560 759 127 46 Viuam
631 759 85 46 uero

93 793 99 48 esse
155 793 99 48 quae
217 793 74 48 se
254 793 74 48 in
291 793 112 48 opera
366 793 161 48 effundit.
490 793 87 48 Sic
539 793 99 48 enim
601 793 136 48 inquit,

91 829 170 57 Ostende
214 829 124 57 mihi
292 829 139 57 fidem
385 829 124 57 tuam
462 829 124 57 sine
540 829 201 57 operibus,

93 880 70 45 &
121 880 98 45 ego
177 880 169 45 ostendam
304 880 113 45 tibi
374 880 84 45 ex
417 880 169 45 operibus
543 880 127 45 fidem
614 880 98 45 meam.

95 910 100 61 Non
152 910 129 61 autem
238 910 115 61 ait,
310 910 100 61 ego
367 910 172 61 ostendam
496 910 115 61 tibi
568 910 129 61 opera
639 910 72 61 si-

94 966 93 39 ne
141 966 140 39 fide.
235 966 171 39 Quadrat
359 966 140 39 autem
452 966 93 39 ad
499 966 125 39 hanc
577 966 125 39 meam
639 966 78 39 ex-

99 988 173 69 positionem
234 988 173 69 aptissime,
370 988 74 69 id
407 988 99 69 quod
469 988 123 69 dictum
555 988 99 69 est,
617 988 111 69 Fides
679 988 49 69 si

93 1050 102 56 non
152 1050 146 56 habeat
254 1050 146 56 opera,
356 1050 146 56 mortua
458 1050 102 56 est
516 1050 87 56 in
545 1050 175 56 semetipsa.
