1000 1385
287 82 89 66 ut
332 82 133 66 satis
421 82 178 66 adpareat
554 82 104 66 eum
613 82 104 66 hoc
673 82 148 66 tantum
777 82 163 66 docere,

289 140 97 52 quod
349 140 72 52 in
386 140 85 52 iis
434 140 181 52 intermortua
579 140 85 52 sit
627 140 121 52 fides,
712 140 85 52 qui
760 140 133 52 fructum
845 140 60 52 fi-

286 185 101 51 dei
343 185 101 51 non
401 185 173 51 faciunt,
530 185 173 51 quanquam
660 185 86 51 in
703 185 158 51 speciem
803 185 101 51 crede

283 219 92 48 te
313 219 185 48 uideantur.

296 257 77 56 â‹
326 257 108 56 Non
388 257 123 56 erit
465 257 170 56 inutile
589 257 77 56 &
620 257 108 56 hoc
681 257 170 56 monere,
805 257 93 56 de
836 257 77 56 quo

283 308 153 40 ambigi
390 308 153 40 passim
497 308 153 40 uideo,
605 308 107 40 qui
666 308 138 40 sciat
758 308 138 40 homo,
834 308 77 40 Num

283 346 83 40 in
325 346 139 40 gratia
422 346 97 40 dei
478 346 111 40 sit,
547 346 167 40 cognosci
672 346 83 40 ne
714 346 139 40 possit
811 346 83 40 in
839 346 69 40 no-

286 384 109 50 stro
355 384 123 50 corde
436 384 109 50 fide
505 384 150 50 inesse?
614 384 136 50 Duplex
709 384 164 50 quaestio
832 384 109 50 est,

286 428 95 49 nam
341 428 149 49 priore,
449 428 81 49 de
490 428 177 49 uoluntate
626 428 95 49 dei
680 428 109 49 erga
748 428 109 49 nos,
816 428 95 49 non
857 428 54 49 de

281 477 151 44 nostris
391 477 206 44 adfectibus.
556 477 192 44 Postetiore
706 477 82 44 de
747 477 151 44 nostris
843 477 69 44 tan

283 512 94 56 tum
336 512 201 56 adfectibus,
497 512 187 56 quaeritur.
644 512 80 56 Et
684 512 201 56 scholastici
845 512 94 56 qui

279 556 102 48 dem
338 556 204 48 foedissimo
498 556 160 48 ertore,
615 556 160 48 neutrum
731 556 131 48 sciri
804 556 102 48 posse

281 597 227 41 tradiderunt,
465 597 85 41 ut
508 597 99 41 uel
565 597 99 41 hoc
621 597 113 41 solo
692 597 113 41 loco
763 597 128 41 satis
834 597 71 41 ad-

288 645 143 41 pareat,
392 645 117 41 nihil
469 645 130 41 fuisse
560 645 168 41 spiritus,
690 645 78 41 in
729 645 104 41 toto
793 645 104 41 isto
845 645 65 41 ge-

285 685 132 44 nere.
373 685 103 44 Nam
432 685 117 44 quod
505 685 88 44 ad
549 685 132 44 camem
637 685 176 44 attinet,
769 685 103 44 cum
827 685 117 44 illa

280 718 90 58 in
325 718 196 58 uniuersum
476 718 106 58 sit
536 718 181 58 ignorans
672 718 121 58 dei,
732 718 181 58 uoluntatem

283 766 123 43 erga
360 766 93 43 se
406 766 185 43 diuinam,
545 766 108 43 qui
607 766 216 43 cognoscat?
776 766 93 43 Et
807 766 108 43 quomo

286 804 85 41 do
328 804 85 41 de
371 804 242 41 spiritualibus
570 804 199 41 adfectibus
726 804 114 41 caro
783 804 128 41 iudica-

287 843 114 51 bit,
358 843 114 51 quae
429 843 85 51 ne
472 843 114 51 suos
543 843 142 51 quidem
642 843 171 51 adfectus
770 843 114 51 bene
827 843 85 51 com-

289 895 148 42 pertos
393 895 148 42 habet?
496 895 148 42 Pratum
599 895 118 42 enim
673 895 103 42 cor
732 895 177 42 hominis,
865 895 74 42 &

284 936 210 48 inscrutabile
454 936 105 48 est.
520 936 92 48 Sic
572 936 105 48 ergo
638 936 210 48 scholastici,
795 936 105 48 finge-

288 978 111 41 bant
357 978 83 41 in
399 978 152 41 hominis
509 978 138 41 anima,
606 978 166 41 stertete
730 978 152 41 aliquot
827 978 83 41 qua-

285 1010 169 60 litates,
412 1010 113 60 quas
482 1010 113 60 ipsi
553 1010 99 60 nos
609 1010 225 60 ignoraremus,
778 1010 127 60 Praeter

281 1057 95 59 ea,
336 1057 81 59 ut
376 1057 122 59 nobis
458 1057 122 59 uelit
539 1057 122 59 deus,
621 1057 81 59 ne
662 1057 190 59 quaerendum
797 1057 109 59 quidem
