1000 1385
52 91 136 61 rerum
143 91 257 61 contingentiam
354 91 76 61 &
385 91 212 61 libertatem
536 91 136 61 uolunta

55 141 89 52 tis
106 141 153 52 nostrae,
221 141 76 52 ut
259 141 64 52 a
284 141 153 52 ueritate
399 141 178 52 scripturae
526 141 153 52 molliculae

53 187 132 45 aures
141 187 220 45 abhorreant.
317 187 161 45 Proinde
435 187 88 45 ut
479 187 103 45 iis
537 187 132 45 etiam
611 187 73 45 con

60 222 170 52 sulamus,
187 222 142 52 quibus
287 222 113 52 haec
358 222 156 52 duriora
471 222 184 52 uidentur,
599 222 85 52 quae

55 265 92 52 de
101 265 308 52 praedestinatione
362 265 185 52 diximus,
501 265 138 52 ipsam
577 265 108 52 uolun

54 309 147 46 tatis
152 309 180 46 humanae
283 309 180 46 naturam
413 309 180 46 propius
528 309 147 46 contem-

61 354 188 42 plabimur,
205 354 87 42 ut
248 354 216 42 intellegant
421 354 188 42 studiosi,
566 354 101 42 non
609 354 72 42 mo-

55 389 85 51 do
97 389 85 51 in
140 389 85 51 re
183 389 199 51 theologica
339 389 142 51 falsos
439 389 199 51 Sophistas,
596 389 100 51 sed
638 389 43 51 &

63 434 87 47 in
106 434 159 47 naturae
222 434 173 47 iudicio.
352 434 159 47 Dicemus
467 434 130 47 autem
554 434 87 47 de
583 434 101 47 prae-

55 481 234 39 destinatione
246 481 132 39 paulo
334 481 117 39 post
407 481 103 39 suo
465 481 132 39 loco,
539 481 146 39 reuelle-

59 512 136 60 musque
155 512 109 60 quam
223 512 150 60 licebit
331 512 190 60 breuissime
481 512 109 60 quae
549 512 95 60 hac
603 512 82 60 de
631 512 54 60 re

62 556 133 56 impie
151 556 177 56 commenti
283 556 118 56 sunt
357 556 206 56 Sophistae.
519 556 147 56 Vallam
607 556 74 56 ait

53 593 161 67 Eccius,
170 593 102 67 que
229 593 190 67 scholarum
375 593 204 67 sententiam
535 593 88 67 de
564 593 117 67 libero

64 639 157 54 arbitrio
182 639 196 54 confutarit,
339 639 118 54 plura
417 639 157 54 uoluisse
535 639 118 54 scire
600 639 79 54 quam

57 691 200 42 didicisset,
217 691 160 42 scilicet
337 691 147 42 egregie
444 691 160 42 festiuus
551 691 133 42 nugator.

68 726 114 53 Quod
139 726 85 53 si
181 726 114 53 idem
253 726 128 53 nobis
338 726 199 53 obiecerint
494 726 128 53 istae
565 726 114 53 lamiae

62 764 159 49 uersari
177 764 159 49 hominem
293 764 232 49 grammatistam
481 764 87 49 in
525 764 87 49 re
554 764 130 49 theolo-

61 802 138 66 gica,
152 802 122 66 Quid
229 802 275 66 responderimus,
459 802 138 66 nisi,
550 802 92 66 ut
596 802 92 66 ne
627 802 61 66 ab

59 849 166 49 auctore
180 849 106 49 rem
240 849 212 49 aestiment.
407 849 121 49 Nunc
482 849 121 49 enim
558 849 106 49 non
603 849 76 49 re-

63 891 127 54 ferre
148 891 113 54 quid
218 891 226 54 profiteamur,
402 891 99 54 sed
459 891 127 54 utrum
544 891 113 54 uera
600 891 85 54 sint

68 939 115 51 quae
140 939 158 51 docemus
255 939 86 51 an
298 939 158 51 contra.
413 939 130 51 Neque
500 939 115 51 uero
572 939 72 51 a
586 939 101 51 nobis

67 971 129 51 aliena
157 971 142 51 censeri
260 971 116 51 debet
337 971 116 51 rerum
415 971 154 51 sacrarum
531 971 180 51 professio,

62 1017 115 50 nisi
134 1017 101 50 non
191 1017 130 50 sumus
278 1017 216 50 Christiani,
451 1017 202 50 quandoqdem
595 1017 101 50 commu

62 1059 99 56 nis
118 1059 141 56 omnium
217 1059 113 56 esse
288 1059 127 56 debet
372 1059 198 56 Christiana
514 1059 183 56 disciplina
