<?xml version="1.0" encoding="UTF-8"?>
<alto xmlns:xsi="http://www.w3.org/2001/XMLSchema-instance"
      xmlns="http://www.loc.gov/standards/alto/ns-v2#"
      xmlns:page="http://schema.primaresearch.org/PAGE/gts/pagecontent/2013-07-15"
      xsi:schemaLocation="http://www.loc.gov/standards/alto/ns-v2# http://www.loc.gov/standards/alto/alto.xsd">
   <Description>
      <MeasurementUnit>pixel</MeasurementUnit>
      <OCRProcessing ID="IdOcr">
         <ocrProcessingStep>
            <processingDateTime>2020-05-22T18:53:14.722-04:00</processingDateTime>
            <processingSoftware>
               <softwareCreator>READ COOP</softwareCreator>
               <softwareName>Transkribus</softwareName>
            </processingSoftware>
         </ocrProcessingStep>
      </OCRProcessing>
   </Description>
   <Layout>
      <Page ID="Page1" PHYSICAL_IMG_NR="1" HEIGHT="3758" WIDTH="2354">
         <TopMargin HEIGHT="0" WIDTH="2354" VPOS="0" HPOS="0"/>
         <LeftMargin HEIGHT="3758" WIDTH="0" VPOS="0" HPOS="0"/>
         <RightMargin HEIGHT="3758" WIDTH="0" VPOS="0" HPOS="2354"/>
         <BottomMargin HEIGHT="0" WIDTH="2354" VPOS="3758" HPOS="0"/>
         <PrintSpace HEIGHT="3758" WIDTH="2354" VPOS="0" HPOS="0">
            <TextBlock ID="TextRegion_1587753015860_310"
                       HEIGHT="2987"
                       WIDTH="1771"
                       VPOS="273"
                       HPOS="125">
               <Shape>
                  <Polygon POINTS="125,273 1896,273 1896,3260 125,3260"/>
               </Shape>
               <TextLine ID="r1l3"
                         BASELINE="349"
                         HEIGHT="90"
                         WIDTH="1759"
                         VPOS="259"
                         HPOS="126">
                  <String HEIGHT="90"
                          WIDTH="152"
                          VPOS="259"
                          HPOS="109"
                          CONTENT="denda"/>
                  <SP HEIGHT="90" WIDTH="17" VPOS="259" HPOS="261"/>
                  <String HEIGHT="90"
                          WIDTH="152"
                          VPOS="259"
                          HPOS="211"
                          CONTENT="erat,"/>
                  <SP HEIGHT="90" WIDTH="17" VPOS="259" HPOS="363"/>
                  <String HEIGHT="90"
                          WIDTH="220"
                          VPOS="259"
                          HPOS="312"
                          CONTENT="huiusmodi"/>
                  <SP HEIGHT="90" WIDTH="17" VPOS="259" HPOS="532"/>
                  <String HEIGHT="90"
                          WIDTH="203"
                          VPOS="259"
                          HPOS="481"
                          CONTENT="rationem"/>
                  <SP HEIGHT="90" WIDTH="17" VPOS="259" HPOS="684"/>
                  <String HEIGHT="90"
                          WIDTH="169"
                          VPOS="259"
                          HPOS="633"
                          CONTENT="capere"/>
                  <SP HEIGHT="90" WIDTH="17" VPOS="259" HPOS="803"/>
                  <String HEIGHT="90"
                          WIDTH="186"
                          VPOS="259"
                          HPOS="752"
                          CONTENT="idoneus"/>
                  <SP HEIGHT="90" WIDTH="17" VPOS="259" HPOS="938"/>
                  <String HEIGHT="90" WIDTH="118" VPOS="259" HPOS="887" CONTENT="non"/>
                  <SP HEIGHT="90" WIDTH="17" VPOS="259" HPOS="1006"/>
                  <String HEIGHT="90"
                          WIDTH="152"
                          VPOS="259"
                          HPOS="955"
                          CONTENT="fuit."/>
                  <SP HEIGHT="90" WIDTH="17" VPOS="259" HPOS="1107"/>
                  <String HEIGHT="90"
                          WIDTH="203"
                          VPOS="259"
                          HPOS="1056"
                          CONTENT="secundum"/>
                  <SP HEIGHT="90" WIDTH="17" VPOS="259" HPOS="1259"/>
                  <String HEIGHT="90"
                          WIDTH="135"
                          VPOS="259"
                          HPOS="1208"
                          CONTENT="quod"/>
                  <SP HEIGHT="90" WIDTH="17" VPOS="259" HPOS="1344"/>
                  <String HEIGHT="90"
                          WIDTH="152"
                          VPOS="259"
                          HPOS="1293"
                          CONTENT="dicit"/>
                  <SP HEIGHT="90" WIDTH="17" VPOS="259" HPOS="1445"/>
                  <String HEIGHT="90"
                          WIDTH="237"
                          VPOS="259"
                          HPOS="1395"
                          CONTENT="Augustinus"/>
                  <SP HEIGHT="90" WIDTH="17" VPOS="259" HPOS="1631"/>
                  <String HEIGHT="90" WIDTH="101" VPOS="259" HPOS="1581" CONTENT="de"/>
                  <SP HEIGHT="90" WIDTH="17" VPOS="259" HPOS="1682"/>
                  <String HEIGHT="90"
                          WIDTH="186"
                          VPOS="259"
                          HPOS="1631"
                          CONTENT="moribus"/>
                  <SP HEIGHT="90" WIDTH="17" VPOS="259" HPOS="1817"/>
                  <String HEIGHT="90"
                          WIDTH="135"
                          VPOS="259"
                          HPOS="1750"
                          CONTENT="eccle"
                          SUBS_TYPE="HypPart1"
                          SUBS_CONTENT="ecclesiae."/>
                  <HYP CONTENT="-"/>
               </TextLine>
               <TextLine ID="r1l4"
                         BASELINE="412"
                         HEIGHT="72"
                         WIDTH="1760"
                         VPOS="340"
                         HPOS="117">
                  <String HEIGHT="72"
                          WIDTH="158"
                          VPOS="340"
                          HPOS="99"
                          CONTENT="siae."
                          SUBS_TYPE="HypPart2"
                          SUBS_CONTENT="ecclesiae."/>
                  <SP HEIGHT="72" WIDTH="18" VPOS="340" HPOS="258"/>
                  <String HEIGHT="72"
                          WIDTH="246"
                          VPOS="340"
                          HPOS="205"
                          CONTENT="Caligantes"/>
                  <SP HEIGHT="72" WIDTH="18" VPOS="340" HPOS="451"/>
                  <String HEIGHT="72"
                          WIDTH="194"
                          VPOS="340"
                          HPOS="399"
                          CONTENT="hominum"/>
                  <SP HEIGHT="72" WIDTH="18" VPOS="340" HPOS="592"/>
                  <String HEIGHT="72"
                          WIDTH="176"
                          VPOS="340"
                          HPOS="539"
                          CONTENT="mentes"/>
                  <SP HEIGHT="72" WIDTH="18" VPOS="340" HPOS="715"/>
                  <String HEIGHT="72"
                          WIDTH="299"
                          VPOS="340"
                          HPOS="663"
                          CONTENT="perspicuitati"/>
                  <SP HEIGHT="72" WIDTH="18" VPOS="340" HPOS="962"/>
                  <String HEIGHT="72"
                          WIDTH="317"
                          VPOS="340"
                          HPOS="909"
                          CONTENT="synceritatique"/>
                  <SP HEIGHT="72" WIDTH="18" VPOS="340" HPOS="1226"/>
                  <String HEIGHT="72"
                          WIDTH="211"
                          VPOS="340"
                          HPOS="1173"
                          CONTENT="rationis"/>
                  <SP HEIGHT="72" WIDTH="18" VPOS="340" HPOS="1384"/>
                  <String HEIGHT="72"
                          WIDTH="211"
                          VPOS="340"
                          HPOS="1331"
                          CONTENT="aspectum"/>
                  <SP HEIGHT="72" WIDTH="18" VPOS="340" HPOS="1543"/>
                  <String HEIGHT="72"
                          WIDTH="194"
                          VPOS="340"
                          HPOS="1490"
                          CONTENT="idoneum"/>
                  <SP HEIGHT="72" WIDTH="18" VPOS="340" HPOS="1683"/>
                  <String HEIGHT="72"
                          WIDTH="229"
                          VPOS="340"
                          HPOS="1631"
                          CONTENT="intendere"/>
                  <SP HEIGHT="72" WIDTH="18" VPOS="340" HPOS="1859"/>
                  <String HEIGHT="72"
                          WIDTH="88"
                          VPOS="340"
                          HPOS="1789"
                          CONTENT="ne"
                          SUBS_TYPE="HypPart1"
                          SUBS_CONTENT="nequeunt."/>
                  <HYP CONTENT="-"/>
               </TextLine>
               <TextLine ID="r1l5"
                         BASELINE="460"
                         HEIGHT="65"
                         WIDTH="1753"
                         VPOS="395"
                         HPOS="117">
                  <String HEIGHT="65"
                          WIDTH="174"
                          VPOS="395"
                          HPOS="101"
                          CONTENT="queunt."
                          SUBS_TYPE="HypPart2"
                          SUBS_CONTENT="nequeunt."/>
                  <SP HEIGHT="65" WIDTH="16" VPOS="395" HPOS="275"/>
                  <String HEIGHT="65"
                          WIDTH="190"
                          VPOS="395"
                          HPOS="228"
                          CONTENT="Quamquam"/>
                  <SP HEIGHT="65" WIDTH="16" VPOS="395" HPOS="417"/>
                  <String HEIGHT="65"
                          WIDTH="126"
                          VPOS="395"
                          HPOS="370"
                          CONTENT="etsi"/>
                  <SP HEIGHT="65" WIDTH="16" VPOS="395" HPOS="496"/>
                  <String HEIGHT="65" WIDTH="95" VPOS="395" HPOS="449" CONTENT="ad"/>
                  <SP HEIGHT="65" WIDTH="16" VPOS="395" HPOS="543"/>
                  <String HEIGHT="65"
                          WIDTH="205"
                          VPOS="395"
                          HPOS="496"
                          CONTENT="capiendum"/>
                  <SP HEIGHT="65" WIDTH="16" VPOS="395" HPOS="701"/>
                  <String HEIGHT="65"
                          WIDTH="190"
                          VPOS="395"
                          HPOS="654"
                          CONTENT="rationem"/>
                  <SP HEIGHT="65" WIDTH="16" VPOS="395" HPOS="843"/>
                  <String HEIGHT="65"
                          WIDTH="142"
                          VPOS="395"
                          HPOS="796"
                          CONTENT="eorum"/>
                  <SP HEIGHT="65" WIDTH="16" VPOS="395" HPOS="938"/>
                  <String HEIGHT="65"
                          WIDTH="126"
                          VPOS="395"
                          HPOS="891"
                          CONTENT="quae"/>
                  <SP HEIGHT="65" WIDTH="16" VPOS="395" HPOS="1017"/>
                  <String HEIGHT="65" WIDTH="95" VPOS="395" HPOS="970" CONTENT="in"/>
                  <SP HEIGHT="65" WIDTH="16" VPOS="395" HPOS="1065"/>
                  <String HEIGHT="65"
                          WIDTH="111"
                          VPOS="395"
                          HPOS="1017"
                          CONTENT="hac"/>
                  <SP HEIGHT="65" WIDTH="16" VPOS="395" HPOS="1128"/>
                  <String HEIGHT="65"
                          WIDTH="190"
                          VPOS="395"
                          HPOS="1080"
                          CONTENT="scientia"/>
                  <SP HEIGHT="65" WIDTH="16" VPOS="395" HPOS="1270"/>
                  <String HEIGHT="65"
                          WIDTH="221"
                          VPOS="395"
                          HPOS="1222"
                          CONTENT="tractantur"/>
                  <SP HEIGHT="65" WIDTH="16" VPOS="395" HPOS="1444"/>
                  <String HEIGHT="65"
                          WIDTH="174"
                          VPOS="395"
                          HPOS="1396"
                          CONTENT="idoneus"/>
                  <SP HEIGHT="65" WIDTH="16" VPOS="395" HPOS="1570"/>
                  <String HEIGHT="65"
                          WIDTH="190"
                          VPOS="395"
                          HPOS="1523"
                          CONTENT="fuisset:"/>
                  <SP HEIGHT="65" WIDTH="16" VPOS="395" HPOS="1712"/>
                  <String HEIGHT="65"
                          WIDTH="221"
                          VPOS="395"
                          HPOS="1649"
                          CONTENT="expedientius"/>
               </TextLine>
               <TextLine ID="r1l6"
                         BASELINE="519"
                         HEIGHT="61"
                         WIDTH="1759"
                         VPOS="458"
                         HPOS="126">
                  <String HEIGHT="61"
                          WIDTH="154"
                          VPOS="458"
                          HPOS="109"
                          CONTENT="tamen"/>
                  <SP HEIGHT="61" WIDTH="17" VPOS="458" HPOS="263"/>
                  <String HEIGHT="61"
                          WIDTH="137"
                          VPOS="458"
                          HPOS="211"
                          CONTENT="fuit"/>
                  <SP HEIGHT="61" WIDTH="17" VPOS="458" HPOS="348"/>
                  <String HEIGHT="61" WIDTH="102" VPOS="458" HPOS="297" CONTENT="vt"/>
                  <SP HEIGHT="61" WIDTH="17" VPOS="458" HPOS="399"/>
                  <String HEIGHT="61" WIDTH="120" VPOS="458" HPOS="348" CONTENT="non"/>
                  <SP HEIGHT="61" WIDTH="17" VPOS="458" HPOS="468"/>
                  <String HEIGHT="61"
                          WIDTH="188"
                          VPOS="458"
                          HPOS="416"
                          CONTENT="ratione"/>
                  <SP HEIGHT="61" WIDTH="17" VPOS="458" HPOS="604"/>
                  <String HEIGHT="61"
                          WIDTH="205"
                          VPOS="458"
                          HPOS="553"
                          CONTENT="tradita:"/>
                  <SP HEIGHT="61" WIDTH="17" VPOS="458" HPOS="758"/>
                  <String HEIGHT="61" WIDTH="120" VPOS="458" HPOS="707" CONTENT="sed"/>
                  <SP HEIGHT="61" WIDTH="17" VPOS="458" HPOS="826"/>
                  <String HEIGHT="61"
                          WIDTH="256"
                          VPOS="458"
                          HPOS="775"
                          CONTENT="miraculorum"/>
                  <SP HEIGHT="61" WIDTH="17" VPOS="458" HPOS="1031"/>
                  <String HEIGHT="61"
                          WIDTH="239"
                          VPOS="458"
                          HPOS="980"
                          CONTENT="operatione"/>
                  <SP HEIGHT="61" WIDTH="17" VPOS="458" HPOS="1219"/>
                  <String HEIGHT="61"
                          WIDTH="188"
                          VPOS="458"
                          HPOS="1168"
                          CONTENT="ostensa"/>
                  <SP HEIGHT="61" WIDTH="17" VPOS="458" HPOS="1356"/>
                  <String HEIGHT="61"
                          WIDTH="154"
                          VPOS="458"
                          HPOS="1304"
                          CONTENT="fidem"/>
                  <SP HEIGHT="61" WIDTH="17" VPOS="458" HPOS="1458"/>
                  <String HEIGHT="61" WIDTH="102" VPOS="458" HPOS="1407" CONTENT="ei"/>
                  <SP HEIGHT="61" WIDTH="17" VPOS="458" HPOS="1509"/>
                  <String HEIGHT="61"
                          WIDTH="239"
                          VPOS="458"
                          HPOS="1458"
                          CONTENT="adhiberet,"/>
                  <SP HEIGHT="61" WIDTH="17" VPOS="458" HPOS="1697"/>
                  <String HEIGHT="61"
                          WIDTH="205"
                          VPOS="458"
                          HPOS="1646"
                          CONTENT="quamquam"/>
                  <SP HEIGHT="61" WIDTH="17" VPOS="458" HPOS="1851"/>
                  <String HEIGHT="61"
                          WIDTH="102"
                          VPOS="458"
                          HPOS="1783"
                          CONTENT="ali"
                          SUBS_TYPE="HypPart1"
                          SUBS_CONTENT="aliqui"/>
                  <HYP CONTENT="-"/>
               </TextLine>
               <TextLine ID="r1l7"
                         BASELINE="570"
                         HEIGHT="63"
                         WIDTH="1747"
                         VPOS="507"
                         HPOS="130">
                  <String HEIGHT="63"
                          WIDTH="126"
                          VPOS="507"
                          HPOS="112"
                          CONTENT="qui"
                          SUBS_TYPE="HypPart2"
                          SUBS_CONTENT="aliqui"/>
                  <SP HEIGHT="63" WIDTH="18" VPOS="507" HPOS="238"/>
                  <String HEIGHT="63"
                          WIDTH="162"
                          VPOS="507"
                          HPOS="184"
                          CONTENT="fidem"/>
                  <SP HEIGHT="63" WIDTH="18" VPOS="507" HPOS="346"/>
                  <String HEIGHT="63" WIDTH="108" VPOS="507" HPOS="292" CONTENT="ei"/>
                  <SP HEIGHT="63" WIDTH="18" VPOS="507" HPOS="400"/>
                  <String HEIGHT="63" WIDTH="126" VPOS="507" HPOS="346" CONTENT="non"/>
                  <SP HEIGHT="63" WIDTH="18" VPOS="507" HPOS="472"/>
                  <String HEIGHT="63"
                          WIDTH="234"
                          VPOS="507"
                          HPOS="418"
                          CONTENT="adhibent:"/>
                  <SP HEIGHT="63" WIDTH="18" VPOS="507" HPOS="652"/>
                  <String HEIGHT="63"
                          WIDTH="144"
                          VPOS="507"
                          HPOS="598"
                          CONTENT="quia"/>
                  <SP HEIGHT="63" WIDTH="18" VPOS="507" HPOS="742"/>
                  <String HEIGHT="63"
                          WIDTH="216"
                          VPOS="507"
                          HPOS="688"
                          CONTENT="rationem"/>
                  <SP HEIGHT="63" WIDTH="18" VPOS="507" HPOS="904"/>
                  <String HEIGHT="63" WIDTH="126" VPOS="507" HPOS="850" CONTENT="non"/>
                  <SP HEIGHT="63" WIDTH="18" VPOS="507" HPOS="976"/>
                  <String HEIGHT="63"
                          WIDTH="198"
                          VPOS="507"
                          HPOS="922"
                          CONTENT="habent."/>
                  <SP HEIGHT="63" WIDTH="18" VPOS="507" HPOS="1121"/>
                  <String HEIGHT="63"
                          WIDTH="144"
                          VPOS="507"
                          HPOS="1067"
                          CONTENT="vnde"/>
                  <SP HEIGHT="63" WIDTH="18" VPOS="507" HPOS="1211"/>
                  <String HEIGHT="63"
                          WIDTH="252"
                          VPOS="507"
                          HPOS="1157"
                          CONTENT="Augustinus"/>
                  <SP HEIGHT="63" WIDTH="18" VPOS="507" HPOS="1409"/>
                  <String HEIGHT="63" WIDTH="108" VPOS="507" HPOS="1355" CONTENT="ad"/>
                  <SP HEIGHT="63" WIDTH="18" VPOS="507" HPOS="1463"/>
                  <String HEIGHT="63"
                          WIDTH="270"
                          VPOS="507"
                          HPOS="1409"
                          CONTENT="Consentium."/>
                  <SP HEIGHT="63" WIDTH="18" VPOS="507" HPOS="1679"/>
                  <String HEIGHT="63"
                          WIDTH="144"
                          VPOS="507"
                          HPOS="1625"
                          CONTENT="Sunt"/>
                  <SP HEIGHT="63" WIDTH="18" VPOS="507" HPOS="1769"/>
                  <String HEIGHT="63"
                          WIDTH="198"
                          VPOS="507"
                          HPOS="1715"
                          CONTENT="quaedam"/>
                  <SP HEIGHT="63" WIDTH="18" VPOS="507" HPOS="1913"/>
                  <String HEIGHT="63" WIDTH="36" VPOS="507" HPOS="1841" CONTENT=""/>
               </TextLine>
               <TextLine ID="r1l8"
                         BASELINE="624"
                         HEIGHT="63"
                         WIDTH="1753"
                         VPOS="561"
                         HPOS="126">
                  <String HEIGHT="63"
                          WIDTH="158"
                          VPOS="561"
                          HPOS="106"
                          CONTENT="quae"/>
                  <SP HEIGHT="63" WIDTH="20" VPOS="561" HPOS="264"/>
                  <String HEIGHT="63" WIDTH="138" VPOS="561" HPOS="205" CONTENT="cum"/>
                  <SP HEIGHT="63" WIDTH="20" VPOS="561" HPOS="343"/>
                  <String HEIGHT="63"
                          WIDTH="276"
                          VPOS="561"
                          HPOS="284"
                          CONTENT="audierimus"/>
                  <SP HEIGHT="63" WIDTH="20" VPOS="561" HPOS="559"/>
                  <String HEIGHT="63" WIDTH="138" VPOS="561" HPOS="500" CONTENT="non"/>
                  <SP HEIGHT="63" WIDTH="20" VPOS="561" HPOS="638"/>
                  <String HEIGHT="63"
                          WIDTH="315"
                          VPOS="561"
                          HPOS="579"
                          CONTENT="accommodamus"/>
                  <SP HEIGHT="63" WIDTH="20" VPOS="561" HPOS="894"/>
                  <String HEIGHT="63"
                          WIDTH="197"
                          VPOS="561"
                          HPOS="835"
                          CONTENT="fidem:"/>
                  <SP HEIGHT="63" WIDTH="20" VPOS="561" HPOS="1032"/>
                  <String HEIGHT="63" WIDTH="98" VPOS="561" HPOS="973" CONTENT="&amp;"/>
                  <SP HEIGHT="63" WIDTH="20" VPOS="561" HPOS="1071"/>
                  <String HEIGHT="63"
                          WIDTH="217"
                          VPOS="561"
                          HPOS="1012"
                          CONTENT="ratione"/>
                  <SP HEIGHT="63" WIDTH="20" VPOS="561" HPOS="1229"/>
                  <String HEIGHT="63"
                          WIDTH="177"
                          VPOS="561"
                          HPOS="1170"
                          CONTENT="nobis"/>
                  <SP HEIGHT="63" WIDTH="20" VPOS="561" HPOS="1347"/>
                  <String HEIGHT="63"
                          WIDTH="217"
                          VPOS="561"
                          HPOS="1288"
                          CONTENT="reddita"/>
                  <SP HEIGHT="63" WIDTH="20" VPOS="561" HPOS="1505"/>
                  <String HEIGHT="63"
                          WIDTH="158"
                          VPOS="561"
                          HPOS="1446"
                          CONTENT="vera"/>
                  <SP HEIGHT="63" WIDTH="20" VPOS="561" HPOS="1603"/>
                  <String HEIGHT="63"
                          WIDTH="158"
                          VPOS="561"
                          HPOS="1544"
                          CONTENT="esse"/>
                  <SP HEIGHT="63" WIDTH="20" VPOS="561" HPOS="1702"/>
                  <String HEIGHT="63"
                          WIDTH="256"
                          VPOS="561"
                          HPOS="1623"
                          CONTENT="cognoscimus"/>
               </TextLine>
               <TextLine ID="r1l9"
                         BASELINE="678"
                         HEIGHT="66"
                         WIDTH="1746"
                         VPOS="612"
                         HPOS="123">
                  <String HEIGHT="66"
                          WIDTH="146"
                          VPOS="612"
                          HPOS="105"
                          CONTENT="quae"/>
                  <SP HEIGHT="66" WIDTH="18" VPOS="612" HPOS="250"/>
                  <String HEIGHT="66"
                          WIDTH="200"
                          VPOS="612"
                          HPOS="196"
                          CONTENT="credere"/>
                  <SP HEIGHT="66" WIDTH="18" VPOS="612" HPOS="396"/>
                  <String HEIGHT="66" WIDTH="127" VPOS="612" HPOS="341" CONTENT="non"/>
                  <SP HEIGHT="66" WIDTH="18" VPOS="612" HPOS="469"/>
                  <String HEIGHT="66"
                          WIDTH="218"
                          VPOS="612"
                          HPOS="414"
                          CONTENT="valemus:"/>
                  <SP HEIGHT="66" WIDTH="18" VPOS="612" HPOS="632"/>
                  <String HEIGHT="66" WIDTH="91" VPOS="612" HPOS="578" CONTENT="&amp;"/>
                  <SP HEIGHT="66" WIDTH="18" VPOS="612" HPOS="669"/>
                  <String HEIGHT="66"
                          WIDTH="218"
                          VPOS="612"
                          HPOS="614"
                          CONTENT="vniuersa"/>
                  <SP HEIGHT="66" WIDTH="18" VPOS="612" HPOS="832"/>
                  <String HEIGHT="66" WIDTH="127" VPOS="612" HPOS="778" CONTENT="dei"/>
                  <SP HEIGHT="66" WIDTH="18" VPOS="612" HPOS="905"/>
                  <String HEIGHT="66"
                          WIDTH="236"
                          VPOS="612"
                          HPOS="851"
                          CONTENT="mirabilia"/>
                  <SP HEIGHT="66" WIDTH="18" VPOS="612" HPOS="1087"/>
                  <String HEIGHT="66"
                          WIDTH="146"
                          VPOS="612"
                          HPOS="1032"
                          CONTENT="ideo"/>
                  <SP HEIGHT="66" WIDTH="18" VPOS="612" HPOS="1178"/>
                  <String HEIGHT="66" WIDTH="109" VPOS="612" HPOS="1123" CONTENT="ab"/>
                  <SP HEIGHT="66" WIDTH="18" VPOS="612" HPOS="1232"/>
                  <String HEIGHT="66"
                          WIDTH="273"
                          VPOS="612"
                          HPOS="1178"
                          CONTENT="infidelibus"/>
                  <SP HEIGHT="66" WIDTH="18" VPOS="612" HPOS="1451"/>
                  <String HEIGHT="66"
                          WIDTH="127"
                          VPOS="612"
                          HPOS="1396"
                          CONTENT="non"/>
                  <SP HEIGHT="66" WIDTH="18" VPOS="612" HPOS="1523"/>
                  <String HEIGHT="66"
                          WIDTH="255"
                          VPOS="612"
                          HPOS="1469"
                          CONTENT="creduntur:"/>
                  <SP HEIGHT="66" WIDTH="18" VPOS="612" HPOS="1724"/>
                  <String HEIGHT="66"
                          WIDTH="146"
                          VPOS="612"
                          HPOS="1669"
                          CONTENT="quia"/>
                  <SP HEIGHT="66" WIDTH="18" VPOS="612" HPOS="1814"/>
                  <String HEIGHT="66"
                          WIDTH="127"
                          VPOS="612"
                          HPOS="1742"
                          CONTENT="eorum"/>
               </TextLine>
               <TextLine ID="r1l10"
                         BASELINE="736"
                         HEIGHT="72"
                         WIDTH="1736"
                         VPOS="664"
                         HPOS="131">
                  <String HEIGHT="72"
                          WIDTH="156"
                          VPOS="664"
                          HPOS="114"
                          CONTENT="ratio"/>
                  <SP HEIGHT="72" WIDTH="17" VPOS="664" HPOS="270"/>
                  <String HEIGHT="72" WIDTH="122" VPOS="664" HPOS="218" CONTENT="non"/>
                  <SP HEIGHT="72" WIDTH="17" VPOS="664" HPOS="339"/>
                  <String HEIGHT="72"
                          WIDTH="208"
                          VPOS="664"
                          HPOS="287"
                          CONTENT="videtur."/>
                  <SP HEIGHT="72" WIDTH="17" VPOS="664" HPOS="496"/>
                  <String HEIGHT="72" WIDTH="104" VPOS="664" HPOS="443" CONTENT="Et"/>
                  <SP HEIGHT="72" WIDTH="17" VPOS="664" HPOS="548"/>
                  <String HEIGHT="72"
                          WIDTH="174"
                          VPOS="664"
                          HPOS="496"
                          CONTENT="reuera"/>
                  <SP HEIGHT="72" WIDTH="17" VPOS="664" HPOS="669"/>
                  <String HEIGHT="72"
                          WIDTH="139"
                          VPOS="664"
                          HPOS="617"
                          CONTENT="sunt"/>
                  <SP HEIGHT="72" WIDTH="17" VPOS="664" HPOS="756"/>
                  <String HEIGHT="72" WIDTH="104" VPOS="664" HPOS="704" CONTENT="de"/>
                  <SP HEIGHT="72" WIDTH="17" VPOS="664" HPOS="808"/>
                  <String HEIGHT="72"
                          WIDTH="174"
                          VPOS="664"
                          HPOS="756"
                          CONTENT="quibus"/>
                  <SP HEIGHT="72" WIDTH="17" VPOS="664" HPOS="930"/>
                  <String HEIGHT="72"
                          WIDTH="156"
                          VPOS="664"
                          HPOS="877"
                          CONTENT="ratio"/>
                  <SP HEIGHT="72" WIDTH="17" VPOS="664" HPOS="1034"/>
                  <String HEIGHT="72"
                          WIDTH="156"
                          VPOS="664"
                          HPOS="982"
                          CONTENT="reddi"/>
                  <SP HEIGHT="72" WIDTH="17" VPOS="664" HPOS="1138"/>
                  <String HEIGHT="72"
                          WIDTH="122"
                          VPOS="664"
                          HPOS="1086"
                          CONTENT="non"/>
                  <SP HEIGHT="72" WIDTH="17" VPOS="664" HPOS="1207"/>
                  <String HEIGHT="72"
                          WIDTH="191"
                          VPOS="664"
                          HPOS="1155"
                          CONTENT="potest:"/>
                  <SP HEIGHT="72" WIDTH="17" VPOS="664" HPOS="1346"/>
                  <String HEIGHT="72"
                          WIDTH="122"
                          VPOS="664"
                          HPOS="1294"
                          CONTENT="non"/>
                  <SP HEIGHT="72" WIDTH="17" VPOS="664" HPOS="1416"/>
                  <String HEIGHT="72"
                          WIDTH="156"
                          VPOS="664"
                          HPOS="1364"
                          CONTENT="tamen"/>
                  <SP HEIGHT="72" WIDTH="17" VPOS="664" HPOS="1520"/>
                  <String HEIGHT="72"
                          WIDTH="122"
                          VPOS="664"
                          HPOS="1468"
                          CONTENT="non"/>
                  <SP HEIGHT="72" WIDTH="17" VPOS="664" HPOS="1589"/>
                  <String HEIGHT="72"
                          WIDTH="139"
                          VPOS="664"
                          HPOS="1537"
                          CONTENT="est."/>
                  <SP HEIGHT="72" WIDTH="17" VPOS="664" HPOS="1676"/>
                  <String HEIGHT="72"
                          WIDTH="139"
                          VPOS="664"
                          HPOS="1624"
                          CONTENT="Quid"/>
                  <SP HEIGHT="72" WIDTH="17" VPOS="664" HPOS="1763"/>
                  <String HEIGHT="72"
                          WIDTH="139"
                          VPOS="664"
                          HPOS="1711"
                          CONTENT="enim"/>
                  <SP HEIGHT="72" WIDTH="17" VPOS="664" HPOS="1850"/>
                  <String HEIGHT="72" WIDTH="87" VPOS="664" HPOS="1780" CONTENT="est"/>
               </TextLine>
               <TextLine ID="r1l11"
                         BASELINE="788"
                         HEIGHT="75"
                         WIDTH="1757"
                         VPOS="713"
                         HPOS="127">
                  <String HEIGHT="75" WIDTH="106" VPOS="713" HPOS="109" CONTENT="in"/>
                  <SP HEIGHT="75" WIDTH="18" VPOS="713" HPOS="216"/>
                  <String HEIGHT="75"
                          WIDTH="160"
                          VPOS="713"
                          HPOS="162"
                          CONTENT="rerum"/>
                  <SP HEIGHT="75" WIDTH="18" VPOS="713" HPOS="322"/>
                  <String HEIGHT="75"
                          WIDTH="177"
                          VPOS="713"
                          HPOS="269"
                          CONTENT="natura"/>
                  <SP HEIGHT="75" WIDTH="18" VPOS="713" HPOS="446"/>
                  <String HEIGHT="75"
                          WIDTH="142"
                          VPOS="713"
                          HPOS="393"
                          CONTENT="quod"/>
                  <SP HEIGHT="75" WIDTH="18" VPOS="713" HPOS="535"/>
                  <String HEIGHT="75"
                          WIDTH="355"
                          VPOS="713"
                          HPOS="482"
                          CONTENT="irrationabiliter"/>
                  <SP HEIGHT="75" WIDTH="18" VPOS="713" HPOS="837"/>
                  <String HEIGHT="75"
                          WIDTH="195"
                          VPOS="713"
                          HPOS="784"
                          CONTENT="fecerit"/>
                  <SP HEIGHT="75" WIDTH="18" VPOS="713" HPOS="979"/>
                  <String HEIGHT="75"
                          WIDTH="160"
                          VPOS="713"
                          HPOS="926"
                          CONTENT="deus:"/>
                  <SP HEIGHT="75" WIDTH="18" VPOS="713" HPOS="1085"/>
                  <String HEIGHT="75"
                          WIDTH="124"
                          VPOS="713"
                          HPOS="1032"
                          CONTENT="Sed"/>
                  <SP HEIGHT="75" WIDTH="18" VPOS="713" HPOS="1156"/>
                  <String HEIGHT="75"
                          WIDTH="231"
                          VPOS="713"
                          HPOS="1103"
                          CONTENT="quorundam"/>
                  <SP HEIGHT="75" WIDTH="18" VPOS="713" HPOS="1334"/>
                  <String HEIGHT="75"
                          WIDTH="248"
                          VPOS="713"
                          HPOS="1281"
                          CONTENT="mirabilium"/>
                  <SP HEIGHT="75" WIDTH="18" VPOS="713" HPOS="1529"/>
                  <String HEIGHT="75"
                          WIDTH="177"
                          VPOS="713"
                          HPOS="1476"
                          CONTENT="operum"/>
                  <SP HEIGHT="75" WIDTH="18" VPOS="713" HPOS="1653"/>
                  <String HEIGHT="75"
                          WIDTH="142"
                          VPOS="713"
                          HPOS="1600"
                          CONTENT="eius"/>
                  <SP HEIGHT="75" WIDTH="18" VPOS="713" HPOS="1742"/>
                  <String HEIGHT="75"
                          WIDTH="195"
                          VPOS="713"
                          HPOS="1689"
                          CONTENT="expedit"/>
                  <SP HEIGHT="75" WIDTH="18" VPOS="713" HPOS="1884"/>
                  <String HEIGHT="75" WIDTH="71" VPOS="713" HPOS="1813" CONTENT="oc"/>
               </TextLine>
               <TextLine ID="r1l12"
                         BASELINE="842"
                         HEIGHT="68"
                         WIDTH="1747"
                         VPOS="774"
                         HPOS="125">
                  <String HEIGHT="68"
                          WIDTH="162"
                          VPOS="774"
                          HPOS="109"
                          CONTENT="cultam"/>
                  <SP HEIGHT="68" WIDTH="16" VPOS="774" HPOS="271"/>
                  <String HEIGHT="68"
                          WIDTH="129"
                          VPOS="774"
                          HPOS="222"
                          CONTENT="esse"/>
                  <SP HEIGHT="68" WIDTH="16" VPOS="774" HPOS="351"/>
                  <String HEIGHT="68"
                          WIDTH="210"
                          VPOS="774"
                          HPOS="303"
                          CONTENT="rationem:"/>
                  <SP HEIGHT="68" WIDTH="16" VPOS="774" HPOS="513"/>
                  <String HEIGHT="68" WIDTH="97" VPOS="774" HPOS="465" CONTENT="ne"/>
                  <SP HEIGHT="68" WIDTH="16" VPOS="774" HPOS="562"/>
                  <String HEIGHT="68"
                          WIDTH="129"
                          VPOS="774"
                          HPOS="513"
                          CONTENT="apud"/>
                  <SP HEIGHT="68" WIDTH="16" VPOS="774" HPOS="643"/>
                  <String HEIGHT="68"
                          WIDTH="162"
                          VPOS="774"
                          HPOS="594"
                          CONTENT="animos"/>
                  <SP HEIGHT="68" WIDTH="16" VPOS="774" HPOS="756"/>
                  <String HEIGHT="68"
                          WIDTH="194"
                          VPOS="774"
                          HPOS="707"
                          CONTENT="fastidio"/>
                  <SP HEIGHT="68" WIDTH="16" VPOS="774" HPOS="901"/>
                  <String HEIGHT="68"
                          WIDTH="210"
                          VPOS="774"
                          HPOS="853"
                          CONTENT="lamguidos"/>
                  <SP HEIGHT="68" WIDTH="16" VPOS="774" HPOS="1063"/>
                  <String HEIGHT="68"
                          WIDTH="178"
                          VPOS="774"
                          HPOS="1015"
                          CONTENT="eiusdem"/>
                  <SP HEIGHT="68" WIDTH="16" VPOS="774" HPOS="1193"/>
                  <String HEIGHT="68"
                          WIDTH="194"
                          VPOS="774"
                          HPOS="1144"
                          CONTENT="rationis"/>
                  <SP HEIGHT="68" WIDTH="16" VPOS="774" HPOS="1338"/>
                  <String HEIGHT="68"
                          WIDTH="226"
                          VPOS="774"
                          HPOS="1290"
                          CONTENT="cognitione"/>
                  <SP HEIGHT="68" WIDTH="16" VPOS="774" HPOS="1516"/>
                  <String HEIGHT="68"
                          WIDTH="226"
                          VPOS="774"
                          HPOS="1468"
                          CONTENT="vilescant."/>
                  <SP HEIGHT="68" WIDTH="16" VPOS="774" HPOS="1694"/>
                  <String HEIGHT="68"
                          WIDTH="129"
                          VPOS="774"
                          HPOS="1646"
                          CONTENT="Sunt"/>
                  <SP HEIGHT="68" WIDTH="16" VPOS="774" HPOS="1775"/>
                  <String HEIGHT="68"
                          WIDTH="129"
                          VPOS="774"
                          HPOS="1726"
                          CONTENT="enim"/>
                  <SP HEIGHT="68" WIDTH="16" VPOS="774" HPOS="1856"/>
                  <String HEIGHT="68" WIDTH="81" VPOS="774" HPOS="1791" CONTENT="mul"/>
               </TextLine>
               <TextLine ID="r1l13"
                         BASELINE="888"
                         HEIGHT="54"
                         WIDTH="1747"
                         VPOS="834"
                         HPOS="129">
                  <String HEIGHT="54" WIDTH="103" VPOS="834" HPOS="112" CONTENT="ti"/>
                  <SP HEIGHT="54" WIDTH="17" VPOS="834" HPOS="215"/>
                  <String HEIGHT="54" WIDTH="120" VPOS="834" HPOS="163" CONTENT="qui"/>
                  <SP HEIGHT="54" WIDTH="17" VPOS="834" HPOS="283"/>
                  <String HEIGHT="54"
                          WIDTH="137"
                          VPOS="834"
                          HPOS="232"
                          CONTENT="plus"/>
                  <SP HEIGHT="54" WIDTH="17" VPOS="834" HPOS="369"/>
                  <String HEIGHT="54"
                          WIDTH="206"
                          VPOS="834"
                          HPOS="317"
                          CONTENT="tenentur"/>
                  <SP HEIGHT="54" WIDTH="17" VPOS="834" HPOS="523"/>
                  <String HEIGHT="54"
                          WIDTH="257"
                          VPOS="834"
                          HPOS="472"
                          CONTENT="admiratione"/>
                  <SP HEIGHT="54" WIDTH="17" VPOS="834" HPOS="728"/>
                  <String HEIGHT="54"
                          WIDTH="154"
                          VPOS="834"
                          HPOS="677"
                          CONTENT="rerum"/>
                  <SP HEIGHT="54" WIDTH="17" VPOS="834" HPOS="831"/>
                  <String HEIGHT="54"
                          WIDTH="137"
                          VPOS="834"
                          HPOS="780"
                          CONTENT="quam"/>
                  <SP HEIGHT="54" WIDTH="17" VPOS="834" HPOS="917"/>
                  <String HEIGHT="54"
                          WIDTH="240"
                          VPOS="834"
                          HPOS="865"
                          CONTENT="cognitione"/>
                  <SP HEIGHT="54" WIDTH="17" VPOS="834" HPOS="1105"/>
                  <String HEIGHT="54"
                          WIDTH="206"
                          VPOS="834"
                          HPOS="1054"
                          CONTENT="causarum"/>
                  <SP HEIGHT="54" WIDTH="17" VPOS="834" HPOS="1259"/>
                  <String HEIGHT="54"
                          WIDTH="120"
                          VPOS="834"
                          HPOS="1208"
                          CONTENT="vbi"/>
                  <SP HEIGHT="54" WIDTH="17" VPOS="834" HPOS="1328"/>
                  <String HEIGHT="54"
                          WIDTH="223"
                          VPOS="834"
                          HPOS="1277"
                          CONTENT="mirabilia"/>
                  <SP HEIGHT="54" WIDTH="17" VPOS="834" HPOS="1499"/>
                  <String HEIGHT="54"
                          WIDTH="137"
                          VPOS="834"
                          HPOS="1448"
                          CONTENT="mira"/>
                  <SP HEIGHT="54" WIDTH="17" VPOS="834" HPOS="1585"/>
                  <String HEIGHT="54"
                          WIDTH="137"
                          VPOS="834"
                          HPOS="1533"
                          CONTENT="esse"/>
                  <SP HEIGHT="54" WIDTH="17" VPOS="834" HPOS="1670"/>
                  <String HEIGHT="54"
                          WIDTH="240"
                          VPOS="834"
                          HPOS="1619"
                          CONTENT="desistunt."/>
                  <SP HEIGHT="54" WIDTH="17" VPOS="834" HPOS="1859"/>
                  <String HEIGHT="54"
                          WIDTH="86"
                          VPOS="834"
                          HPOS="1790"
                          CONTENT="Vn"
                          SUBS_TYPE="HypPart1"
                          SUBS_CONTENT="Vnde"/>
                  <HYP CONTENT="-"/>
               </TextLine>
               <TextLine ID="r1l14"
                         BASELINE="941"
                         HEIGHT="64"
                         WIDTH="1757"
                         VPOS="877"
                         HPOS="121">
                  <String HEIGHT="64"
                          WIDTH="94"
                          VPOS="877"
                          HPOS="105"
                          CONTENT="de"
                          SUBS_TYPE="HypPart2"
                          SUBS_CONTENT="Vnde"/>
                  <SP HEIGHT="64" WIDTH="16" VPOS="877" HPOS="199"/>
                  <String HEIGHT="64"
                          WIDTH="126"
                          VPOS="877"
                          HPOS="152"
                          CONTENT="opus"/>
                  <SP HEIGHT="64" WIDTH="16" VPOS="877" HPOS="278"/>
                  <String HEIGHT="64" WIDTH="110" VPOS="877" HPOS="231" CONTENT="est"/>
                  <SP HEIGHT="64" WIDTH="16" VPOS="877" HPOS="341"/>
                  <String HEIGHT="64" WIDTH="110" VPOS="877" HPOS="294" CONTENT="eos"/>
                  <SP HEIGHT="64" WIDTH="16" VPOS="877" HPOS="403"/>
                  <String HEIGHT="64" WIDTH="94" VPOS="877" HPOS="356" CONTENT="ad"/>
                  <SP HEIGHT="64" WIDTH="16" VPOS="877" HPOS="450"/>
                  <String HEIGHT="64"
                          WIDTH="251"
                          VPOS="877"
                          HPOS="403"
                          CONTENT="inuisibilium"/>
                  <SP HEIGHT="64" WIDTH="16" VPOS="877" HPOS="654"/>
                  <String HEIGHT="64"
                          WIDTH="141"
                          VPOS="877"
                          HPOS="607"
                          CONTENT="fidem"/>
                  <SP HEIGHT="64" WIDTH="16" VPOS="877" HPOS="749"/>
                  <String HEIGHT="64"
                          WIDTH="235"
                          VPOS="877"
                          HPOS="701"
                          CONTENT="visibilibus"/>
                  <SP HEIGHT="64" WIDTH="16" VPOS="877" HPOS="937"/>
                  <String HEIGHT="64"
                          WIDTH="235"
                          VPOS="877"
                          HPOS="890"
                          CONTENT="mirabilibus"/>
                  <SP HEIGHT="64" WIDTH="16" VPOS="877" HPOS="1125"/>
                  <String HEIGHT="64"
                          WIDTH="204"
                          VPOS="877"
                          HPOS="1078"
                          CONTENT="excitari,"/>
                  <SP HEIGHT="64" WIDTH="16" VPOS="877" HPOS="1282"/>
                  <String HEIGHT="64" WIDTH="94" VPOS="877" HPOS="1235" CONTENT="vt"/>
                  <SP HEIGHT="64" WIDTH="16" VPOS="877" HPOS="1329"/>
                  <String HEIGHT="64"
                          WIDTH="188"
                          VPOS="877"
                          HPOS="1282"
                          CONTENT="puritate"/>
                  <SP HEIGHT="64" WIDTH="16" VPOS="877" HPOS="1470"/>
                  <String HEIGHT="64"
                          WIDTH="173"
                          VPOS="877"
                          HPOS="1423"
                          CONTENT="purgati"/>
                  <SP HEIGHT="64" WIDTH="16" VPOS="877" HPOS="1596"/>
                  <String HEIGHT="64" WIDTH="94" VPOS="877" HPOS="1549" CONTENT="eo"/>
                  <SP HEIGHT="64" WIDTH="16" VPOS="877" HPOS="1643"/>
                  <String HEIGHT="64"
                          WIDTH="220"
                          VPOS="877"
                          HPOS="1596"
                          CONTENT="parueniant"/>
                  <SP HEIGHT="64" WIDTH="16" VPOS="877" HPOS="1815"/>
                  <String HEIGHT="64"
                          WIDTH="110"
                          VPOS="877"
                          HPOS="1768"
                          CONTENT="vbi"/>
                  <SP HEIGHT="64" WIDTH="16" VPOS="877" HPOS="1878"/>
                  <String HEIGHT="64" WIDTH="63" VPOS="877" HPOS="1815" CONTENT="fa"/>
               </TextLine>
               <TextLine ID="r1l15"
                         BASELINE="998"
                         HEIGHT="63"
                         WIDTH="1757"
                         VPOS="935"
                         HPOS="115">
                  <String HEIGHT="63"
                          WIDTH="266"
                          VPOS="935"
                          HPOS="97"
                          CONTENT="miliaritate"/>
                  <SP HEIGHT="63" WIDTH="18" VPOS="935" HPOS="363"/>
                  <String HEIGHT="63"
                          WIDTH="231"
                          VPOS="935"
                          HPOS="310"
                          CONTENT="veritatis"/>
                  <SP HEIGHT="63" WIDTH="18" VPOS="935" HPOS="541"/>
                  <String HEIGHT="63"
                          WIDTH="177"
                          VPOS="935"
                          HPOS="488"
                          CONTENT="mirari"/>
                  <SP HEIGHT="63" WIDTH="18" VPOS="935" HPOS="665"/>
                  <String HEIGHT="63"
                          WIDTH="248"
                          VPOS="935"
                          HPOS="612"
                          CONTENT="desistant."/>
                  <SP HEIGHT="63" WIDTH="18" VPOS="935" HPOS="860"/>
                  <String HEIGHT="63"
                          WIDTH="160"
                          VPOS="935"
                          HPOS="807"
                          CONTENT="Quare"/>
                  <SP HEIGHT="63" WIDTH="18" VPOS="935" HPOS="967"/>
                  <String HEIGHT="63" WIDTH="124" VPOS="935" HPOS="914" CONTENT="cum"/>
                  <SP HEIGHT="63" WIDTH="18" VPOS="935" HPOS="1038"/>
                  <String HEIGHT="63"
                          WIDTH="160"
                          VPOS="935"
                          HPOS="985"
                          CONTENT="modus"/>
                  <SP HEIGHT="63" WIDTH="18" VPOS="935" HPOS="1144"/>
                  <String HEIGHT="63"
                          WIDTH="213"
                          VPOS="935"
                          HPOS="1091"
                          CONTENT="tradendi"/>
                  <SP HEIGHT="63" WIDTH="18" VPOS="935" HPOS="1304"/>
                  <String HEIGHT="63" WIDTH="89" VPOS="935" HPOS="1251" CONTENT="&amp;"/>
                  <SP HEIGHT="63" WIDTH="18" VPOS="935" HPOS="1340"/>
                  <String HEIGHT="63"
                          WIDTH="248"
                          VPOS="935"
                          HPOS="1286"
                          CONTENT="acquirendi"/>
                  <SP HEIGHT="63" WIDTH="18" VPOS="935" HPOS="1535"/>
                  <String HEIGHT="63"
                          WIDTH="124"
                          VPOS="935"
                          HPOS="1482"
                          CONTENT="rei"/>
                  <SP HEIGHT="63" WIDTH="18" VPOS="935" HPOS="1606"/>
                  <String HEIGHT="63"
                          WIDTH="213"
                          VPOS="935"
                          HPOS="1553"
                          CONTENT="alicuius"/>
                  <SP HEIGHT="63" WIDTH="18" VPOS="935" HPOS="1766"/>
                  <String HEIGHT="63"
                          WIDTH="177"
                          VPOS="935"
                          HPOS="1695"
                          CONTENT="notitiam"/>
               </TextLine>
               <TextLine ID="r1l16"
                         BASELINE="1051"
                         HEIGHT="59"
                         WIDTH="1753"
                         VPOS="992"
                         HPOS="117">
                  <String HEIGHT="59" WIDTH="118" VPOS="992" HPOS="100" CONTENT="non"/>
                  <SP HEIGHT="59" WIDTH="17" VPOS="992" HPOS="218"/>
                  <String HEIGHT="59" WIDTH="118" VPOS="992" HPOS="168" CONTENT="sit"/>
                  <SP HEIGHT="59" WIDTH="17" VPOS="992" HPOS="286"/>
                  <String HEIGHT="59"
                          WIDTH="135"
                          VPOS="992"
                          HPOS="235"
                          CONTENT="nisi"/>
                  <SP HEIGHT="59" WIDTH="17" VPOS="992" HPOS="370"/>
                  <String HEIGHT="59"
                          WIDTH="185"
                          VPOS="992"
                          HPOS="319"
                          CONTENT="duplex,"/>
                  <SP HEIGHT="59" WIDTH="17" VPOS="992" HPOS="505"/>
                  <String HEIGHT="59"
                          WIDTH="135"
                          VPOS="992"
                          HPOS="454"
                          CONTENT="vnus"/>
                  <SP HEIGHT="59" WIDTH="17" VPOS="992" HPOS="589"/>
                  <String HEIGHT="59" WIDTH="118" VPOS="992" HPOS="538" CONTENT="via"/>
                  <SP HEIGHT="59" WIDTH="17" VPOS="992" HPOS="656"/>
                  <String HEIGHT="59"
                          WIDTH="202"
                          VPOS="992"
                          HPOS="606"
                          CONTENT="rationis"/>
                  <SP HEIGHT="59" WIDTH="17" VPOS="992" HPOS="808"/>
                  <String HEIGHT="59"
                          WIDTH="135"
                          VPOS="992"
                          HPOS="758"
                          CONTENT="quae"/>
                  <SP HEIGHT="59" WIDTH="17" VPOS="992" HPOS="892"/>
                  <String HEIGHT="59"
                          WIDTH="169"
                          VPOS="992"
                          HPOS="842"
                          CONTENT="mentem"/>
                  <SP HEIGHT="59" WIDTH="17" VPOS="992" HPOS="1010"/>
                  <String HEIGHT="59"
                          WIDTH="219"
                          VPOS="992"
                          HPOS="960"
                          CONTENT="illuminat"/>
                  <SP HEIGHT="59" WIDTH="17" VPOS="992" HPOS="1179"/>
                  <String HEIGHT="59" WIDTH="101" VPOS="992" HPOS="1128" CONTENT="vt"/>
                  <SP HEIGHT="59" WIDTH="17" VPOS="992" HPOS="1229"/>
                  <String HEIGHT="59" WIDTH="101" VPOS="992" HPOS="1179" CONTENT="ea"/>
                  <SP HEIGHT="59" WIDTH="17" VPOS="992" HPOS="1280"/>
                  <String HEIGHT="59"
                          WIDTH="135"
                          VPOS="992"
                          HPOS="1229"
                          CONTENT="quae"/>
                  <SP HEIGHT="59" WIDTH="17" VPOS="992" HPOS="1364"/>
                  <String HEIGHT="59"
                          WIDTH="236"
                          VPOS="992"
                          HPOS="1314"
                          CONTENT="quaeruntur"/>
                  <SP HEIGHT="59" WIDTH="17" VPOS="992" HPOS="1550"/>
                  <String HEIGHT="59"
                          WIDTH="303"
                          VPOS="992"
                          HPOS="1499"
                          CONTENT="intelligantur:"/>
                  <SP HEIGHT="59" WIDTH="17" VPOS="992" HPOS="1803"/>
                  <String HEIGHT="59" WIDTH="84" VPOS="992" HPOS="1752" CONTENT="&amp;"/>
                  <SP HEIGHT="59" WIDTH="17" VPOS="992" HPOS="1836"/>
                  <String HEIGHT="59"
                          WIDTH="101"
                          VPOS="992"
                          HPOS="1769"
                          CONTENT="vnus"/>
               </TextLine>
               <TextLine ID="r1l17"
                         BASELINE="1106"
                         HEIGHT="80"
                         WIDTH="1760"
                         VPOS="1026"
                         HPOS="122">
                  <String HEIGHT="80"
                          WIDTH="117"
                          VPOS="1026"
                          HPOS="105"
                          CONTENT="via"/>
                  <SP HEIGHT="80" WIDTH="17" VPOS="1026" HPOS="223"/>
                  <String HEIGHT="80"
                          WIDTH="268"
                          VPOS="1026"
                          HPOS="172"
                          CONTENT="auctoritatis"/>
                  <SP HEIGHT="80" WIDTH="17" VPOS="1026" HPOS="440"/>
                  <String HEIGHT="80"
                          WIDTH="134"
                          VPOS="1026"
                          HPOS="390"
                          CONTENT="quae"/>
                  <SP HEIGHT="80" WIDTH="17" VPOS="1026" HPOS="524"/>
                  <String HEIGHT="80"
                          WIDTH="201"
                          VPOS="1026"
                          HPOS="474"
                          CONTENT="assensum"/>
                  <SP HEIGHT="80" WIDTH="17" VPOS="1026" HPOS="675"/>
                  <String HEIGHT="80"
                          WIDTH="201"
                          VPOS="1026"
                          HPOS="625"
                          CONTENT="rationis"/>
                  <SP HEIGHT="80" WIDTH="17" VPOS="1026" HPOS="826"/>
                  <String HEIGHT="80"
                          WIDTH="201"
                          VPOS="1026"
                          HPOS="776"
                          CONTENT="flagitat"/>
                  <SP HEIGHT="80" WIDTH="17" VPOS="1026" HPOS="977"/>
                  <String HEIGHT="80" WIDTH="101" VPOS="1026" HPOS="927" CONTENT="vt"/>
                  <SP HEIGHT="80" WIDTH="17" VPOS="1026" HPOS="1027"/>
                  <String HEIGHT="80" WIDTH="101" VPOS="1026" HPOS="977" CONTENT="ea"/>
                  <SP HEIGHT="80" WIDTH="17" VPOS="1026" HPOS="1077"/>
                  <String HEIGHT="80"
                          WIDTH="134"
                          VPOS="1026"
                          HPOS="1027"
                          CONTENT="quae"/>
                  <SP HEIGHT="80" WIDTH="17" VPOS="1026" HPOS="1161"/>
                  <String HEIGHT="80"
                          WIDTH="251"
                          VPOS="1026"
                          HPOS="1111"
                          CONTENT="proponuntur"/>
                  <SP HEIGHT="80" WIDTH="17" VPOS="1026" HPOS="1362"/>
                  <String HEIGHT="80"
                          WIDTH="235"
                          VPOS="1026"
                          HPOS="1312"
                          CONTENT="credantur."/>
                  <SP HEIGHT="80" WIDTH="17" VPOS="1026" HPOS="1547"/>
                  <String HEIGHT="80"
                          WIDTH="201"
                          VPOS="1026"
                          HPOS="1496"
                          CONTENT="secundum"/>
                  <SP HEIGHT="80" WIDTH="17" VPOS="1026" HPOS="1698"/>
                  <String HEIGHT="80"
                          WIDTH="134"
                          VPOS="1026"
                          HPOS="1647"
                          CONTENT="quod"/>
                  <SP HEIGHT="80" WIDTH="17" VPOS="1026" HPOS="1781"/>
                  <String HEIGHT="80"
                          WIDTH="151"
                          VPOS="1026"
                          HPOS="1731"
                          CONTENT="dicit"/>
                  <SP HEIGHT="80" WIDTH="17" VPOS="1026" HPOS="1882"/>
                  <String HEIGHT="80" WIDTH="67" VPOS="1026" HPOS="1815" CONTENT="Au"/>
               </TextLine>
               <TextLine ID="r1l18"
                         BASELINE="1162"
                         HEIGHT="74"
                         WIDTH="1755"
                         VPOS="1088"
                         HPOS="125">
                  <String HEIGHT="74"
                          WIDTH="206"
                          VPOS="1088"
                          HPOS="108"
                          CONTENT="gustinus"/>
                  <SP HEIGHT="74" WIDTH="17" VPOS="1088" HPOS="314"/>
                  <String HEIGHT="74" WIDTH="103" VPOS="1088" HPOS="263" CONTENT="de"/>
                  <SP HEIGHT="74" WIDTH="17" VPOS="1088" HPOS="366"/>
                  <String HEIGHT="74"
                          WIDTH="138"
                          VPOS="1088"
                          HPOS="314"
                          CONTENT="vera"/>
                  <SP HEIGHT="74" WIDTH="17" VPOS="1088" HPOS="452"/>
                  <String HEIGHT="74"
                          WIDTH="155"
                          VPOS="1088"
                          HPOS="400"
                          CONTENT="reis."/>
                  <SP HEIGHT="74" WIDTH="17" VPOS="1088" HPOS="555"/>
                  <String HEIGHT="74"
                          WIDTH="206"
                          VPOS="1088"
                          HPOS="504"
                          CONTENT="Medicina"/>
                  <SP HEIGHT="74" WIDTH="17" VPOS="1088" HPOS="710"/>
                  <String HEIGHT="74"
                          WIDTH="172"
                          VPOS="1088"
                          HPOS="658"
                          CONTENT="animae"/>
                  <SP HEIGHT="74" WIDTH="17" VPOS="1088" HPOS="830"/>
                  <String HEIGHT="74" WIDTH="103" VPOS="1088" HPOS="779" CONTENT="in"/>
                  <SP HEIGHT="74" WIDTH="17" VPOS="1088" HPOS="882"/>
                  <String HEIGHT="74"
                          WIDTH="275"
                          VPOS="1088"
                          HPOS="830"
                          CONTENT="auctoritatem"/>
                  <SP HEIGHT="74" WIDTH="17" VPOS="1088" HPOS="1106"/>
                  <String HEIGHT="74"
                          WIDTH="258"
                          VPOS="1088"
                          HPOS="1054"
                          CONTENT="rationemque"/>
                  <SP HEIGHT="74" WIDTH="17" VPOS="1088" HPOS="1312"/>
                  <String HEIGHT="74"
                          WIDTH="293"
                          VPOS="1088"
                          HPOS="1261"
                          CONTENT="distribuitur:"/>
                  <SP HEIGHT="74" WIDTH="17" VPOS="1088" HPOS="1553"/>
                  <String HEIGHT="74"
                          WIDTH="241"
                          VPOS="1088"
                          HPOS="1501"
                          CONTENT="auctoritas"/>
                  <SP HEIGHT="74" WIDTH="17" VPOS="1088" HPOS="1742"/>
                  <String HEIGHT="74"
                          WIDTH="155"
                          VPOS="1088"
                          HPOS="1691"
                          CONTENT="fidem"/>
                  <SP HEIGHT="74" WIDTH="17" VPOS="1088" HPOS="1846"/>
                  <String HEIGHT="74"
                          WIDTH="103"
                          VPOS="1088"
                          HPOS="1777"
                          CONTENT="fia"
                          SUBS_TYPE="HypPart1"
                          SUBS_CONTENT="fiagitat"/>
                  <HYP CONTENT="-"/>
               </TextLine>
               <TextLine ID="r1l19"
                         BASELINE="1212"
                         HEIGHT="55"
                         WIDTH="1762"
                         VPOS="1157"
                         HPOS="120">
                  <String HEIGHT="55"
                          WIDTH="169"
                          VPOS="1157"
                          HPOS="101"
                          CONTENT="gitat"
                          SUBS_TYPE="HypPart2"
                          SUBS_CONTENT="fiagitat"/>
                  <SP HEIGHT="55" WIDTH="19" VPOS="1157" HPOS="270"/>
                  <String HEIGHT="55" WIDTH="94" VPOS="1157" HPOS="214" CONTENT="&amp;"/>
                  <SP HEIGHT="55" WIDTH="19" VPOS="1157" HPOS="307"/>
                  <String HEIGHT="55"
                          WIDTH="206"
                          VPOS="1157"
                          HPOS="251"
                          CONTENT="rationi"/>
                  <SP HEIGHT="55" WIDTH="19" VPOS="1157" HPOS="457"/>
                  <String HEIGHT="55"
                          WIDTH="244"
                          VPOS="1157"
                          HPOS="401"
                          CONTENT="praeparat"/>
                  <SP HEIGHT="55" WIDTH="19" VPOS="1157" HPOS="645"/>
                  <String HEIGHT="55"
                          WIDTH="169"
                          VPOS="1157"
                          HPOS="589"
                          CONTENT="viam:"/>
                  <SP HEIGHT="55" WIDTH="19" VPOS="1157" HPOS="757"/>
                  <String HEIGHT="55"
                          WIDTH="169"
                          VPOS="1157"
                          HPOS="701"
                          CONTENT="ratio"/>
                  <SP HEIGHT="55" WIDTH="19" VPOS="1157" HPOS="870"/>
                  <String HEIGHT="55" WIDTH="112" VPOS="1157" HPOS="814" CONTENT="ad"/>
                  <SP HEIGHT="55" WIDTH="19" VPOS="1157" HPOS="926"/>
                  <String HEIGHT="55"
                          WIDTH="281"
                          VPOS="1157"
                          HPOS="870"
                          CONTENT="intellectum"/>
                  <SP HEIGHT="55" WIDTH="19" VPOS="1157" HPOS="1151"/>
                  <String HEIGHT="55"
                          WIDTH="281"
                          VPOS="1157"
                          HPOS="1095"
                          CONTENT="cognitionem"/>
                  <SP HEIGHT="55" WIDTH="19" VPOS="1157" HPOS="1376"/>
                  <String HEIGHT="55"
                          WIDTH="244"
                          VPOS="1157"
                          HPOS="1320"
                          CONTENT="perducit."/>
                  <SP HEIGHT="55" WIDTH="19" VPOS="1157" HPOS="1563"/>
                  <String HEIGHT="55"
                          WIDTH="187"
                          VPOS="1157"
                          HPOS="1507"
                          CONTENT="Primus"/>
                  <SP HEIGHT="55" WIDTH="19" VPOS="1157" HPOS="1695"/>
                  <String HEIGHT="55"
                          WIDTH="169"
                          VPOS="1157"
                          HPOS="1638"
                          CONTENT="modus"/>
                  <SP HEIGHT="55" WIDTH="19" VPOS="1157" HPOS="1807"/>
                  <String HEIGHT="55"
                          WIDTH="150"
                          VPOS="1157"
                          HPOS="1732"
                          CONTENT="inqui"
                          SUBS_TYPE="HypPart1"
                          SUBS_CONTENT="inquisitiuus"/>
                  <HYP CONTENT="-"/>
               </TextLine>
               <TextLine ID="r1l20"
                         BASELINE="1267"
                         HEIGHT="70"
                         WIDTH="1751"
                         VPOS="1197"
                         HPOS="129">
                  <String HEIGHT="70"
                          WIDTH="203"
                          VPOS="1197"
                          HPOS="111"
                          CONTENT="sitiuus"
                          SUBS_TYPE="HypPart2"
                          SUBS_CONTENT="inquisitiuus"/>
                  <SP HEIGHT="70" WIDTH="18" VPOS="1197" HPOS="313"/>
                  <String HEIGHT="70"
                          WIDTH="129"
                          VPOS="1197"
                          HPOS="258"
                          CONTENT="est"/>
                  <SP HEIGHT="70" WIDTH="18" VPOS="1197" HPOS="387"/>
                  <String HEIGHT="70" WIDTH="111" VPOS="1197" HPOS="332" CONTENT="ex"/>
                  <SP HEIGHT="70" WIDTH="18" VPOS="1197" HPOS="442"/>
                  <String HEIGHT="70"
                          WIDTH="166"
                          VPOS="1197"
                          HPOS="387"
                          CONTENT="notis"/>
                  <SP HEIGHT="70" WIDTH="18" VPOS="1197" HPOS="553"/>
                  <String HEIGHT="70"
                          WIDTH="240"
                          VPOS="1197"
                          HPOS="498"
                          CONTENT="ignotorum"/>
                  <SP HEIGHT="70" WIDTH="18" VPOS="1197" HPOS="737"/>
                  <String HEIGHT="70"
                          WIDTH="221"
                          VPOS="1197"
                          HPOS="682"
                          CONTENT="notitiam"/>
                  <SP HEIGHT="70" WIDTH="18" VPOS="1197" HPOS="903"/>
                  <String HEIGHT="70"
                          WIDTH="295"
                          VPOS="1197"
                          HPOS="848"
                          CONTENT="inuestigans."/>
                  <SP HEIGHT="70" WIDTH="18" VPOS="1197" HPOS="1143"/>
                  <String HEIGHT="70"
                          WIDTH="221"
                          VPOS="1197"
                          HPOS="1087"
                          CONTENT="Secundus"/>
                  <SP HEIGHT="70" WIDTH="18" VPOS="1197" HPOS="1309"/>
                  <String HEIGHT="70"
                          WIDTH="147"
                          VPOS="1197"
                          HPOS="1253"
                          CONTENT="vero"/>
                  <SP HEIGHT="70" WIDTH="18" VPOS="1197" HPOS="1401"/>
                  <String HEIGHT="70"
                          WIDTH="166"
                          VPOS="1197"
                          HPOS="1345"
                          CONTENT="modus"/>
                  <SP HEIGHT="70" WIDTH="18" VPOS="1197" HPOS="1511"/>
                  <String HEIGHT="70"
                          WIDTH="276"
                          VPOS="1197"
                          HPOS="1456"
                          CONTENT="authenticus"/>
                  <SP HEIGHT="70" WIDTH="18" VPOS="1197" HPOS="1733"/>
                  <String HEIGHT="70"
                          WIDTH="147"
                          VPOS="1197"
                          HPOS="1677"
                          CONTENT="est:"/>
                  <SP HEIGHT="70" WIDTH="18" VPOS="1197" HPOS="1825"/>
                  <String HEIGHT="70"
                          WIDTH="129"
                          VPOS="1197"
                          HPOS="1751"
                          CONTENT="fidem"/>
               </TextLine>
               <TextLine ID="r1l21"
                         BASELINE="1311"
                         HEIGHT="61"
                         WIDTH="1754"
                         VPOS="1250"
                         HPOS="123">
                  <String HEIGHT="61"
                          WIDTH="168"
                          VPOS="1250"
                          HPOS="104"
                          CONTENT="eorum"/>
                  <SP HEIGHT="61" WIDTH="19" VPOS="1250" HPOS="272"/>
                  <String HEIGHT="61"
                          WIDTH="149"
                          VPOS="1250"
                          HPOS="216"
                          CONTENT="quae"/>
                  <SP HEIGHT="61" WIDTH="19" VPOS="1250" HPOS="366"/>
                  <String HEIGHT="61"
                          WIDTH="187"
                          VPOS="1250"
                          HPOS="310"
                          CONTENT="ignota"/>
                  <SP HEIGHT="61" WIDTH="19" VPOS="1250" HPOS="496"/>
                  <String HEIGHT="61"
                          WIDTH="149"
                          VPOS="1250"
                          HPOS="440"
                          CONTENT="sunt"/>
                  <SP HEIGHT="61" WIDTH="19" VPOS="1250" HPOS="589"/>
                  <String HEIGHT="61"
                          WIDTH="243"
                          VPOS="1250"
                          HPOS="534"
                          CONTENT="exponens."/>
                  <SP HEIGHT="61" WIDTH="19" VPOS="1250" HPOS="776"/>
                  <String HEIGHT="61" WIDTH="112" VPOS="1250" HPOS="720" CONTENT="Et"/>
                  <SP HEIGHT="61" WIDTH="19" VPOS="1250" HPOS="832"/>
                  <String HEIGHT="61" WIDTH="112" VPOS="1250" HPOS="776" CONTENT="vt"/>
                  <SP HEIGHT="61" WIDTH="19" VPOS="1250" HPOS="888"/>
                  <String HEIGHT="61"
                          WIDTH="187"
                          VPOS="1250"
                          HPOS="832"
                          CONTENT="dictum"/>
                  <SP HEIGHT="61" WIDTH="19" VPOS="1250" HPOS="1019"/>
                  <String HEIGHT="61"
                          WIDTH="131"
                          VPOS="1250"
                          HPOS="963"
                          CONTENT="est"/>
                  <SP HEIGHT="61" WIDTH="19" VPOS="1250" HPOS="1093"/>
                  <String HEIGHT="61"
                          WIDTH="168"
                          VPOS="1250"
                          HPOS="1037"
                          CONTENT="modus"/>
                  <SP HEIGHT="61" WIDTH="19" VPOS="1250" HPOS="1205"/>
                  <String HEIGHT="61"
                          WIDTH="224"
                          VPOS="1250"
                          HPOS="1149"
                          CONTENT="tradendi"/>
                  <SP HEIGHT="61" WIDTH="19" VPOS="1250" HPOS="1373"/>
                  <String HEIGHT="61"
                          WIDTH="149"
                          VPOS="1250"
                          HPOS="1317"
                          CONTENT="hanc"/>
                  <SP HEIGHT="61" WIDTH="19" VPOS="1250" HPOS="1466"/>
                  <String HEIGHT="61"
                          WIDTH="243"
                          VPOS="1250"
                          HPOS="1411"
                          CONTENT="scientiam"/>
                  <SP HEIGHT="61" WIDTH="19" VPOS="1250" HPOS="1653"/>
                  <String HEIGHT="61"
                          WIDTH="131"
                          VPOS="1250"
                          HPOS="1597"
                          CONTENT="non"/>
                  <SP HEIGHT="61" WIDTH="19" VPOS="1250" HPOS="1728"/>
                  <String HEIGHT="61"
                          WIDTH="187"
                          VPOS="1250"
                          HPOS="1672"
                          CONTENT="potest"/>
                  <SP HEIGHT="61" WIDTH="19" VPOS="1250" HPOS="1858"/>
                  <String HEIGHT="61"
                          WIDTH="93"
                          VPOS="1250"
                          HPOS="1784"
                          CONTENT="es"
                          SUBS_TYPE="HypPart1"
                          SUBS_CONTENT="esse"/>
                  <HYP CONTENT="-"/>
               </TextLine>
               <TextLine ID="r1l22"
                         BASELINE="1367"
                         HEIGHT="60"
                         WIDTH="1763"
                         VPOS="1307"
                         HPOS="120">
                  <String HEIGHT="60"
                          WIDTH="101"
                          VPOS="1307"
                          HPOS="103"
                          CONTENT="se"
                          SUBS_TYPE="HypPart2"
                          SUBS_CONTENT="esse"/>
                  <SP HEIGHT="60" WIDTH="17" VPOS="1307" HPOS="204"/>
                  <String HEIGHT="60"
                          WIDTH="252"
                          VPOS="1307"
                          HPOS="154"
                          CONTENT="doctrinalis"/>
                  <SP HEIGHT="60" WIDTH="17" VPOS="1307" HPOS="405"/>
                  <String HEIGHT="60"
                          WIDTH="269"
                          VPOS="1307"
                          HPOS="355"
                          CONTENT="inquisitiuus"/>
                  <SP HEIGHT="60" WIDTH="17" VPOS="1307" HPOS="624"/>
                  <String HEIGHT="60"
                          WIDTH="218"
                          VPOS="1307"
                          HPOS="573"
                          CONTENT="procedens"/>
                  <SP HEIGHT="60" WIDTH="17" VPOS="1307" HPOS="792"/>
                  <String HEIGHT="60"
                          WIDTH="185"
                          VPOS="1307"
                          HPOS="741"
                          CONTENT="sermone"/>
                  <SP HEIGHT="60" WIDTH="17" VPOS="1307" HPOS="926"/>
                  <String HEIGHT="60"
                          WIDTH="201"
                          VPOS="1307"
                          HPOS="876"
                          CONTENT="regulari"/>
                  <SP HEIGHT="60" WIDTH="17" VPOS="1307" HPOS="1077"/>
                  <String HEIGHT="60" WIDTH="84" VPOS="1307" HPOS="1027" CONTENT="&amp;"/>
                  <SP HEIGHT="60" WIDTH="17" VPOS="1307" HPOS="1111"/>
                  <String HEIGHT="60"
                          WIDTH="201"
                          VPOS="1307"
                          HPOS="1060"
                          CONTENT="connexo."/>
                  <SP HEIGHT="60" WIDTH="17" VPOS="1307" HPOS="1262"/>
                  <String HEIGHT="60"
                          WIDTH="185"
                          VPOS="1307"
                          HPOS="1211"
                          CONTENT="Necesse"/>
                  <SP HEIGHT="60" WIDTH="17" VPOS="1307" HPOS="1396"/>
                  <String HEIGHT="60"
                          WIDTH="118"
                          VPOS="1307"
                          HPOS="1346"
                          CONTENT="est"/>
                  <SP HEIGHT="60" WIDTH="17" VPOS="1307" HPOS="1463"/>
                  <String HEIGHT="60"
                          WIDTH="168"
                          VPOS="1307"
                          HPOS="1413"
                          CONTENT="igitur"/>
                  <SP HEIGHT="60" WIDTH="17" VPOS="1307" HPOS="1581"/>
                  <String HEIGHT="60"
                          WIDTH="134"
                          VPOS="1307"
                          HPOS="1530"
                          CONTENT="quod"/>
                  <SP HEIGHT="60" WIDTH="17" VPOS="1307" HPOS="1665"/>
                  <String HEIGHT="60"
                          WIDTH="118"
                          VPOS="1307"
                          HPOS="1614"
                          CONTENT="sit"/>
                  <SP HEIGHT="60" WIDTH="17" VPOS="1307" HPOS="1732"/>
                  <String HEIGHT="60"
                          WIDTH="218"
                          VPOS="1307"
                          HPOS="1665"
                          CONTENT="authenticus"/>
               </TextLine>
               <TextLine ID="r1l23"
                         BASELINE="1422"
                         HEIGHT="68"
                         WIDTH="1751"
                         VPOS="1354"
                         HPOS="128">
                  <String HEIGHT="68"
                          WIDTH="318"
                          VPOS="1354"
                          HPOS="110"
                          CONTENT="sententiatiuus"/>
                  <SP HEIGHT="68" WIDTH="18" VPOS="1354" HPOS="429"/>
                  <String HEIGHT="68"
                          WIDTH="230"
                          VPOS="1354"
                          HPOS="376"
                          CONTENT="procedens"/>
                  <SP HEIGHT="68" WIDTH="18" VPOS="1354" HPOS="606"/>
                  <String HEIGHT="68"
                          WIDTH="195"
                          VPOS="1354"
                          HPOS="552"
                          CONTENT="sermone"/>
                  <SP HEIGHT="68" WIDTH="18" VPOS="1354" HPOS="747"/>
                  <String HEIGHT="68"
                          WIDTH="212"
                          VPOS="1354"
                          HPOS="694"
                          CONTENT="simplici"/>
                  <SP HEIGHT="68" WIDTH="18" VPOS="1354" HPOS="906"/>
                  <String HEIGHT="68" WIDTH="88" VPOS="1354" HPOS="853" CONTENT="&amp;"/>
                  <SP HEIGHT="68" WIDTH="18" VPOS="1354" HPOS="942"/>
                  <String HEIGHT="68"
                          WIDTH="230"
                          VPOS="1354"
                          HPOS="889"
                          CONTENT="absoluto."/>
                  <SP HEIGHT="68" WIDTH="18" VPOS="1354" HPOS="1118"/>
                  <String HEIGHT="68"
                          WIDTH="106"
                          VPOS="1354"
                          HPOS="1065"
                          CONTENT="Ex"/>
                  <SP HEIGHT="68" WIDTH="18" VPOS="1354" HPOS="1172"/>
                  <String HEIGHT="68"
                          WIDTH="159"
                          VPOS="1354"
                          HPOS="1118"
                          CONTENT="prima"/>
                  <SP HEIGHT="68" WIDTH="18" VPOS="1354" HPOS="1278"/>
                  <String HEIGHT="68"
                          WIDTH="141"
                          VPOS="1354"
                          HPOS="1225"
                          CONTENT="enim"/>
                  <SP HEIGHT="68" WIDTH="18" VPOS="1354" HPOS="1366"/>
                  <String HEIGHT="68"
                          WIDTH="248"
                          VPOS="1354"
                          HPOS="1313"
                          CONTENT="traditione"/>
                  <SP HEIGHT="68" WIDTH="18" VPOS="1354" HPOS="1561"/>
                  <String HEIGHT="68"
                          WIDTH="124"
                          VPOS="1354"
                          HPOS="1508"
                          CONTENT="sua"/>
                  <SP HEIGHT="68" WIDTH="18" VPOS="1354" HPOS="1631"/>
                  <String HEIGHT="68"
                          WIDTH="124"
                          VPOS="1354"
                          HPOS="1578"
                          CONTENT="non"/>
                  <SP HEIGHT="68" WIDTH="18" VPOS="1354" HPOS="1702"/>
                  <String HEIGHT="68"
                          WIDTH="124"
                          VPOS="1354"
                          HPOS="1649"
                          CONTENT="est"/>
                  <SP HEIGHT="68" WIDTH="18" VPOS="1354" HPOS="1773"/>
                  <String HEIGHT="68"
                          WIDTH="177"
                          VPOS="1354"
                          HPOS="1702"
                          CONTENT="ordinata"/>
               </TextLine>
               <TextLine ID="r1l24"
                         BASELINE="1474"
                         HEIGHT="65"
                         WIDTH="1755"
                         VPOS="1409"
                         HPOS="118">
                  <String HEIGHT="65"
                          WIDTH="145"
                          VPOS="1409"
                          HPOS="100"
                          CONTENT="haec"/>
                  <SP HEIGHT="65" WIDTH="18" VPOS="1409" HPOS="245"/>
                  <String HEIGHT="65"
                          WIDTH="217"
                          VPOS="1409"
                          HPOS="190"
                          CONTENT="scientia"/>
                  <SP HEIGHT="65" WIDTH="18" VPOS="1409" HPOS="407"/>
                  <String HEIGHT="65" WIDTH="109" VPOS="1409" HPOS="353" CONTENT="vt"/>
                  <SP HEIGHT="65" WIDTH="18" VPOS="1409" HPOS="462"/>
                  <String HEIGHT="65"
                          WIDTH="271"
                          VPOS="1409"
                          HPOS="407"
                          CONTENT="intellectum"/>
                  <SP HEIGHT="65" WIDTH="18" VPOS="1409" HPOS="679"/>
                  <String HEIGHT="65"
                          WIDTH="253"
                          VPOS="1409"
                          HPOS="625"
                          CONTENT="demonstret"/>
                  <SP HEIGHT="65" WIDTH="18" VPOS="1409" HPOS="878"/>
                  <String HEIGHT="65"
                          WIDTH="163"
                          VPOS="1409"
                          HPOS="824"
                          CONTENT="eorum"/>
                  <SP HEIGHT="65" WIDTH="18" VPOS="1409" HPOS="986"/>
                  <String HEIGHT="65"
                          WIDTH="145"
                          VPOS="1409"
                          HPOS="932"
                          CONTENT="quae"/>
                  <SP HEIGHT="65" WIDTH="18" VPOS="1409" HPOS="1077"/>
                  <String HEIGHT="65"
                          WIDTH="217"
                          VPOS="1409"
                          HPOS="1023"
                          CONTENT="tractat:"/>
                  <SP HEIGHT="65" WIDTH="18" VPOS="1409" HPOS="1240"/>
                  <String HEIGHT="65"
                          WIDTH="127"
                          VPOS="1409"
                          HPOS="1185"
                          CONTENT="sed"/>
                  <SP HEIGHT="65" WIDTH="18" VPOS="1409" HPOS="1312"/>
                  <String HEIGHT="65"
                          WIDTH="235"
                          VPOS="1409"
                          HPOS="1258"
                          CONTENT="solummodo"/>
                  <SP HEIGHT="65" WIDTH="18" VPOS="1409" HPOS="1493"/>
                  <String HEIGHT="65"
                          WIDTH="109"
                          VPOS="1409"
                          HPOS="1439"
                          CONTENT="vt"/>
                  <SP HEIGHT="65" WIDTH="18" VPOS="1409" HPOS="1547"/>
                  <String HEIGHT="65"
                          WIDTH="145"
                          VPOS="1409"
                          HPOS="1493"
                          CONTENT="homo"/>
                  <SP HEIGHT="65" WIDTH="18" VPOS="1409" HPOS="1638"/>
                  <String HEIGHT="65"
                          WIDTH="127"
                          VPOS="1409"
                          HPOS="1584"
                          CONTENT="eis"/>
                  <SP HEIGHT="65" WIDTH="18" VPOS="1409" HPOS="1710"/>
                  <String HEIGHT="65"
                          WIDTH="163"
                          VPOS="1409"
                          HPOS="1656"
                          CONTENT="fidem"/>
                  <SP HEIGHT="65" WIDTH="18" VPOS="1409" HPOS="1819"/>
                  <String HEIGHT="65"
                          WIDTH="127"
                          VPOS="1409"
                          HPOS="1746"
                          CONTENT="exhi"
                          SUBS_TYPE="HypPart1"
                          SUBS_CONTENT="exhibeat:"/>
                  <HYP CONTENT="-"/>
               </TextLine>
               <TextLine ID="r1l25"
                         BASELINE="1535"
                         HEIGHT="81"
                         WIDTH="1757"
                         VPOS="1454"
                         HPOS="124">
                  <String HEIGHT="81"
                          WIDTH="144"
                          VPOS="1454"
                          HPOS="108"
                          CONTENT="beat:"
                          SUBS_TYPE="HypPart2"
                          SUBS_CONTENT="exhibeat:"/>
                  <SP HEIGHT="81" WIDTH="16" VPOS="1454" HPOS="252"/>
                  <String HEIGHT="81" WIDTH="80" VPOS="1454" HPOS="204" CONTENT="&amp;"/>
                  <SP HEIGHT="81" WIDTH="16" VPOS="1454" HPOS="284"/>
                  <String HEIGHT="81"
                          WIDTH="128"
                          VPOS="1454"
                          HPOS="236"
                          CONTENT="ideo"/>
                  <SP HEIGHT="81" WIDTH="16" VPOS="1454" HPOS="364"/>
                  <String HEIGHT="81"
                          WIDTH="176"
                          VPOS="1454"
                          HPOS="316"
                          CONTENT="proprie"/>
                  <SP HEIGHT="81" WIDTH="16" VPOS="1454" HPOS="491"/>
                  <String HEIGHT="81"
                          WIDTH="176"
                          VPOS="1454"
                          HPOS="443"
                          CONTENT="dicitur"/>
                  <SP HEIGHT="81" WIDTH="16" VPOS="1454" HPOS="619"/>
                  <String HEIGHT="81"
                          WIDTH="192"
                          VPOS="1454"
                          HPOS="571"
                          CONTENT="scientia"/>
                  <SP HEIGHT="81" WIDTH="16" VPOS="1454" HPOS="763"/>
                  <String HEIGHT="81"
                          WIDTH="160"
                          VPOS="1454"
                          HPOS="715"
                          CONTENT="fidei."/>
                  <SP HEIGHT="81" WIDTH="16" VPOS="1454" HPOS="875"/>
                  <String HEIGHT="81" WIDTH="96" VPOS="1454" HPOS="827" CONTENT="Et"/>
                  <SP HEIGHT="81" WIDTH="16" VPOS="1454" HPOS="923"/>
                  <String HEIGHT="81"
                          WIDTH="144"
                          VPOS="1454"
                          HPOS="875"
                          CONTENT="etiam"/>
                  <SP HEIGHT="81" WIDTH="16" VPOS="1454" HPOS="1018"/>
                  <String HEIGHT="81"
                          WIDTH="128"
                          VPOS="1454"
                          HPOS="971"
                          CONTENT="ideo"/>
                  <SP HEIGHT="81" WIDTH="16" VPOS="1454" HPOS="1098"/>
                  <String HEIGHT="81"
                          WIDTH="144"
                          VPOS="1454"
                          HPOS="1050"
                          CONTENT="solet"/>
                  <SP HEIGHT="81" WIDTH="16" VPOS="1454" HPOS="1194"/>
                  <String HEIGHT="81"
                          WIDTH="128"
                          VPOS="1454"
                          HPOS="1146"
                          CONTENT="dici"/>
                  <SP HEIGHT="81" WIDTH="16" VPOS="1454" HPOS="1274"/>
                  <String HEIGHT="81"
                          WIDTH="128"
                          VPOS="1454"
                          HPOS="1226"
                          CONTENT="quod"/>
                  <SP HEIGHT="81" WIDTH="16" VPOS="1454" HPOS="1354"/>
                  <String HEIGHT="81"
                          WIDTH="192"
                          VPOS="1454"
                          HPOS="1306"
                          CONTENT="proprius"/>
                  <SP HEIGHT="81" WIDTH="16" VPOS="1454" HPOS="1498"/>
                  <String HEIGHT="81"
                          WIDTH="144"
                          VPOS="1454"
                          HPOS="1450"
                          CONTENT="modus"/>
                  <SP HEIGHT="81" WIDTH="16" VPOS="1454" HPOS="1593"/>
                  <String HEIGHT="81"
                          WIDTH="208"
                          VPOS="1454"
                          HPOS="1546"
                          CONTENT="scientiae"/>
                  <SP HEIGHT="81" WIDTH="16" VPOS="1454" HPOS="1753"/>
                  <String HEIGHT="81"
                          WIDTH="144"
                          VPOS="1454"
                          HPOS="1705"
                          CONTENT="huius"/>
                  <SP HEIGHT="81" WIDTH="16" VPOS="1454" HPOS="1849"/>
                  <String HEIGHT="81"
                          WIDTH="96"
                          VPOS="1454"
                          HPOS="1785"
                          CONTENT="nar"
                          SUBS_TYPE="HypPart1"
                          SUBS_CONTENT="narratiuus"/>
                  <HYP CONTENT="-"/>
               </TextLine>
               <TextLine ID="r1l26"
                         BASELINE="1583"
                         HEIGHT="67"
                         WIDTH="1758"
                         VPOS="1516"
                         HPOS="122">
                  <String HEIGHT="67"
                          WIDTH="193"
                          VPOS="1516"
                          HPOS="104"
                          CONTENT="ratiuus"
                          SUBS_TYPE="HypPart2"
                          SUBS_CONTENT="narratiuus"/>
                  <SP HEIGHT="67" WIDTH="18" VPOS="1516" HPOS="298"/>
                  <String HEIGHT="67"
                          WIDTH="141"
                          VPOS="1516"
                          HPOS="245"
                          CONTENT="est:"/>
                  <SP HEIGHT="67" WIDTH="18" VPOS="1516" HPOS="386"/>
                  <String HEIGHT="67"
                          WIDTH="141"
                          VPOS="1516"
                          HPOS="333"
                          CONTENT="quia"/>
                  <SP HEIGHT="67" WIDTH="18" VPOS="1516" HPOS="474"/>
                  <String HEIGHT="67"
                          WIDTH="123"
                          VPOS="1516"
                          HPOS="421"
                          CONTENT="per"/>
                  <SP HEIGHT="67" WIDTH="18" VPOS="1516" HPOS="544"/>
                  <String HEIGHT="67"
                          WIDTH="158"
                          VPOS="1516"
                          HPOS="491"
                          CONTENT="totum"/>
                  <SP HEIGHT="67" WIDTH="18" VPOS="1516" HPOS="649"/>
                  <String HEIGHT="67"
                          WIDTH="158"
                          VPOS="1516"
                          HPOS="597"
                          CONTENT="quasi"/>
                  <SP HEIGHT="67" WIDTH="18" VPOS="1516" HPOS="755"/>
                  <String HEIGHT="67"
                          WIDTH="246"
                          VPOS="1516"
                          HPOS="702"
                          CONTENT="sententias"/>
                  <SP HEIGHT="67" WIDTH="18" VPOS="1516" HPOS="948"/>
                  <String HEIGHT="67" WIDTH="88" VPOS="1516" HPOS="896" CONTENT="&amp;"/>
                  <SP HEIGHT="67" WIDTH="18" VPOS="1516" HPOS="983"/>
                  <String HEIGHT="67"
                          WIDTH="281"
                          VPOS="1516"
                          HPOS="931"
                          CONTENT="conclusiones"/>
                  <SP HEIGHT="67" WIDTH="18" VPOS="1516" HPOS="1212"/>
                  <String HEIGHT="67"
                          WIDTH="229"
                          VPOS="1516"
                          HPOS="1159"
                          CONTENT="credendas"/>
                  <SP HEIGHT="67" WIDTH="18" VPOS="1516" HPOS="1388"/>
                  <String HEIGHT="67"
                          WIDTH="229"
                          VPOS="1516"
                          HPOS="1335"
                          CONTENT="proponit,"/>
                  <SP HEIGHT="67" WIDTH="18" VPOS="1516" HPOS="1564"/>
                  <String HEIGHT="67"
                          WIDTH="105"
                          VPOS="1516"
                          HPOS="1511"
                          CONTENT="vt"/>
                  <SP HEIGHT="67" WIDTH="18" VPOS="1516" HPOS="1616"/>
                  <String HEIGHT="67"
                          WIDTH="141"
                          VPOS="1516"
                          HPOS="1564"
                          CONTENT="quod"/>
                  <SP HEIGHT="67" WIDTH="18" VPOS="1516" HPOS="1704"/>
                  <String HEIGHT="67"
                          WIDTH="105"
                          VPOS="1516"
                          HPOS="1651"
                          CONTENT="in"/>
                  <SP HEIGHT="67" WIDTH="18" VPOS="1516" HPOS="1757"/>
                  <String HEIGHT="67"
                          WIDTH="193"
                          VPOS="1516"
                          HPOS="1687"
                          CONTENT="principio"/>
               </TextLine>
               <TextLine ID="r1l27"
                         BASELINE="1639"
                         HEIGHT="71"
                         WIDTH="1753"
                         VPOS="1568"
                         HPOS="135">
                  <String HEIGHT="71"
                          WIDTH="152"
                          VPOS="1568"
                          HPOS="121"
                          CONTENT="creauit"/>
                  <SP HEIGHT="71" WIDTH="14" VPOS="1568" HPOS="273"/>
                  <String HEIGHT="71"
                          WIDTH="110"
                          VPOS="1568"
                          HPOS="232"
                          CONTENT="deus"/>
                  <SP HEIGHT="71" WIDTH="14" VPOS="1568" HPOS="342"/>
                  <String HEIGHT="71"
                          WIDTH="110"
                          VPOS="1568"
                          HPOS="301"
                          CONTENT="cae."/>
                  <SP HEIGHT="71" WIDTH="14" VPOS="1568" HPOS="411"/>
                  <String HEIGHT="71" WIDTH="69" VPOS="1568" HPOS="370" CONTENT="&amp;"/>
                  <SP HEIGHT="71" WIDTH="14" VPOS="1568" HPOS="439"/>
                  <String HEIGHT="71"
                          WIDTH="110"
                          VPOS="1568"
                          HPOS="397"
                          CONTENT="ter."/>
                  <SP HEIGHT="71" WIDTH="14" VPOS="1568" HPOS="508"/>
                  <String HEIGHT="71" WIDTH="69" VPOS="1568" HPOS="466" CONTENT="&amp;"/>
                  <SP HEIGHT="71" WIDTH="14" VPOS="1568" HPOS="535"/>
                  <String HEIGHT="71"
                          WIDTH="110"
                          VPOS="1568"
                          HPOS="494"
                          CONTENT="quod"/>
                  <SP HEIGHT="71" WIDTH="14" VPOS="1568" HPOS="604"/>
                  <String HEIGHT="71"
                          WIDTH="110"
                          VPOS="1568"
                          HPOS="563"
                          CONTENT="tunc"/>
                  <SP HEIGHT="71" WIDTH="14" VPOS="1568" HPOS="673"/>
                  <String HEIGHT="71"
                          WIDTH="124"
                          VPOS="1568"
                          HPOS="632"
                          CONTENT="terra"/>
                  <SP HEIGHT="71" WIDTH="14" VPOS="1568" HPOS="756"/>
                  <String HEIGHT="71"
                          WIDTH="110"
                          VPOS="1568"
                          HPOS="715"
                          CONTENT="erat"/>
                  <SP HEIGHT="71" WIDTH="14" VPOS="1568" HPOS="825"/>
                  <String HEIGHT="71"
                          WIDTH="138"
                          VPOS="1568"
                          HPOS="784"
                          CONTENT="imanis"/>
                  <SP HEIGHT="71" WIDTH="14" VPOS="1568" HPOS="922"/>
                  <String HEIGHT="71" WIDTH="69" VPOS="1568" HPOS="880" CONTENT="&amp;"/>
                  <SP HEIGHT="71" WIDTH="14" VPOS="1568" HPOS="949"/>
                  <String HEIGHT="71" WIDTH="97" VPOS="1568" HPOS="908" CONTENT="va."/>
                  <SP HEIGHT="71" WIDTH="14" VPOS="1568" HPOS="1005"/>
                  <String HEIGHT="71" WIDTH="69" VPOS="1568" HPOS="963" CONTENT="&amp;"/>
                  <SP HEIGHT="71" WIDTH="14" VPOS="1568" HPOS="1032"/>
                  <String HEIGHT="71"
                          WIDTH="152"
                          VPOS="1568"
                          HPOS="991"
                          CONTENT="caetera"/>
                  <SP HEIGHT="71" WIDTH="14" VPOS="1568" HPOS="1143"/>
                  <String HEIGHT="71"
                          WIDTH="193"
                          VPOS="1568"
                          HPOS="1101"
                          CONTENT="huiusmodi."/>
                  <SP HEIGHT="71" WIDTH="14" VPOS="1568" HPOS="1294"/>
                  <String HEIGHT="71" WIDTH="83" VPOS="1568" HPOS="1253" CONTENT="Et"/>
                  <SP HEIGHT="71" WIDTH="14" VPOS="1568" HPOS="1336"/>
                  <String HEIGHT="71"
                          WIDTH="110"
                          VPOS="1568"
                          HPOS="1294"
                          CONTENT="ideo"/>
                  <SP HEIGHT="71" WIDTH="14" VPOS="1568" HPOS="1405"/>
                  <String HEIGHT="71"
                          WIDTH="207"
                          VPOS="1568"
                          HPOS="1363"
                          CONTENT="philosophis"/>
                  <SP HEIGHT="71" WIDTH="14" VPOS="1568" HPOS="1571"/>
                  <String HEIGHT="71"
                          WIDTH="110"
                          VPOS="1568"
                          HPOS="1529"
                          CONTENT="quid"/>
                  <SP HEIGHT="71" WIDTH="14" VPOS="1568" HPOS="1640"/>
                  <String HEIGHT="71" WIDTH="83" VPOS="1568" HPOS="1598" CONTENT="vt"/>
                  <SP HEIGHT="71" WIDTH="14" VPOS="1568" HPOS="1681"/>
                  <String HEIGHT="71"
                          WIDTH="124"
                          VPOS="1568"
                          HPOS="1640"
                          CONTENT="dicit"/>
                  <SP HEIGHT="71" WIDTH="14" VPOS="1568" HPOS="1764"/>
                  <String HEIGHT="71"
                          WIDTH="193"
                          VPOS="1568"
                          HPOS="1722"
                          CONTENT="Augustinus"/>
                  <SP HEIGHT="71" WIDTH="14" VPOS="1568" HPOS="1916"/>
                  <String HEIGHT="71" WIDTH="28" VPOS="1568" HPOS="1860" CONTENT=""/>
               </TextLine>
               <TextLine ID="r1l28"
                         BASELINE="1687"
                         HEIGHT="65"
                         WIDTH="1747"
                         VPOS="1622"
                         HPOS="139">
                  <String HEIGHT="65"
                          WIDTH="147"
                          VPOS="1622"
                          HPOS="123"
                          CONTENT="nihil"/>
                  <SP HEIGHT="65" WIDTH="16" VPOS="1622" HPOS="270"/>
                  <String HEIGHT="65"
                          WIDTH="196"
                          VPOS="1622"
                          HPOS="221"
                          CONTENT="volebant"/>
                  <SP HEIGHT="65" WIDTH="16" VPOS="1622" HPOS="417"/>
                  <String HEIGHT="65"
                          WIDTH="180"
                          VPOS="1622"
                          HPOS="368"
                          CONTENT="credere"/>
                  <SP HEIGHT="65" WIDTH="16" VPOS="1622" HPOS="547"/>
                  <String HEIGHT="65"
                          WIDTH="131"
                          VPOS="1622"
                          HPOS="498"
                          CONTENT="nisi"/>
                  <SP HEIGHT="65" WIDTH="16" VPOS="1622" HPOS="629"/>
                  <String HEIGHT="65"
                          WIDTH="131"
                          VPOS="1622"
                          HPOS="580"
                          CONTENT="quod"/>
                  <SP HEIGHT="65" WIDTH="16" VPOS="1622" HPOS="710"/>
                  <String HEIGHT="65"
                          WIDTH="180"
                          VPOS="1622"
                          HPOS="661"
                          CONTENT="ratione"/>
                  <SP HEIGHT="65" WIDTH="16" VPOS="1622" HPOS="841"/>
                  <String HEIGHT="65"
                          WIDTH="212"
                          VPOS="1622"
                          HPOS="792"
                          CONTENT="potuerunt"/>
                  <SP HEIGHT="65" WIDTH="16" VPOS="1622" HPOS="1004"/>
                  <String HEIGHT="65"
                          WIDTH="229"
                          VPOS="1622"
                          HPOS="955"
                          CONTENT="agnoscere,"/>
                  <SP HEIGHT="65" WIDTH="16" VPOS="1622" HPOS="1184"/>
                  <String HEIGHT="65"
                          WIDTH="147"
                          VPOS="1622"
                          HPOS="1135"
                          CONTENT="fidem"/>
                  <SP HEIGHT="65" WIDTH="16" VPOS="1622" HPOS="1282"/>
                  <String HEIGHT="65"
                          WIDTH="212"
                          VPOS="1622"
                          HPOS="1233"
                          CONTENT="scientiae"/>
                  <SP HEIGHT="65" WIDTH="16" VPOS="1622" HPOS="1445"/>
                  <String HEIGHT="65"
                          WIDTH="131"
                          VPOS="1622"
                          HPOS="1396"
                          CONTENT="huic"/>
                  <SP HEIGHT="65" WIDTH="16" VPOS="1622" HPOS="1527"/>
                  <String HEIGHT="65"
                          WIDTH="196"
                          VPOS="1622"
                          HPOS="1478"
                          CONTENT="exhibere"/>
                  <SP HEIGHT="65" WIDTH="16" VPOS="1622" HPOS="1674"/>
                  <String HEIGHT="65"
                          WIDTH="229"
                          VPOS="1622"
                          HPOS="1625"
                          CONTENT="noluerunt:"/>
                  <SP HEIGHT="65" WIDTH="16" VPOS="1622" HPOS="1853"/>
                  <String HEIGHT="65"
                          WIDTH="114"
                          VPOS="1622"
                          HPOS="1804"
                          CONTENT="sed"/>
                  <SP HEIGHT="65" WIDTH="16" VPOS="1622" HPOS="1919"/>
                  <String HEIGHT="65" WIDTH="33" VPOS="1622" HPOS="1853" CONTENT=""/>
               </TextLine>
               <TextLine ID="r1l29"
                         BASELINE="1735"
                         HEIGHT="61"
                         WIDTH="1751"
                         VPOS="1674"
                         HPOS="135">
                  <String HEIGHT="61"
                          WIDTH="286"
                          VPOS="1674"
                          HPOS="118"
                          CONTENT="simplicitatem"/>
                  <SP HEIGHT="61" WIDTH="17" VPOS="1674" HPOS="404"/>
                  <String HEIGHT="61"
                          WIDTH="135"
                          VPOS="1674"
                          HPOS="354"
                          CONTENT="eius"/>
                  <SP HEIGHT="61" WIDTH="17" VPOS="1674" HPOS="489"/>
                  <String HEIGHT="61"
                          WIDTH="253"
                          VPOS="1674"
                          HPOS="438"
                          CONTENT="respuebant."/>
                  <SP HEIGHT="61" WIDTH="17" VPOS="1674" HPOS="691"/>
                  <String HEIGHT="61"
                          WIDTH="135"
                          VPOS="1674"
                          HPOS="640"
                          CONTENT="Quid"/>
                  <SP HEIGHT="61" WIDTH="17" VPOS="1674" HPOS="775"/>
                  <String HEIGHT="61"
                          WIDTH="185"
                          VPOS="1674"
                          HPOS="724"
                          CONTENT="seipsum"/>
                  <SP HEIGHT="61" WIDTH="17" VPOS="1674" HPOS="909"/>
                  <String HEIGHT="61"
                          WIDTH="202"
                          VPOS="1674"
                          HPOS="859"
                          CONTENT="testatur"/>
                  <SP HEIGHT="61" WIDTH="17" VPOS="1674" HPOS="1061"/>
                  <String HEIGHT="61"
                          WIDTH="185"
                          VPOS="1674"
                          HPOS="1011"
                          CONTENT="fecisse"/>
                  <SP HEIGHT="61" WIDTH="17" VPOS="1674" HPOS="1196"/>
                  <String HEIGHT="61"
                          WIDTH="135"
                          VPOS="1674"
                          HPOS="1145"
                          CONTENT="ante"/>
                  <SP HEIGHT="61" WIDTH="17" VPOS="1674" HPOS="1280"/>
                  <String HEIGHT="61"
                          WIDTH="135"
                          VPOS="1674"
                          HPOS="1229"
                          CONTENT="suam"/>
                  <SP HEIGHT="61" WIDTH="17" VPOS="1674" HPOS="1364"/>
                  <String HEIGHT="61"
                          WIDTH="286"
                          VPOS="1674"
                          HPOS="1314"
                          CONTENT="conuersionem,"/>
                  <SP HEIGHT="61" WIDTH="17" VPOS="1674" HPOS="1600"/>
                  <String HEIGHT="61"
                          WIDTH="118"
                          VPOS="1674"
                          HPOS="1549"
                          CONTENT="cum"/>
                  <SP HEIGHT="61" WIDTH="17" VPOS="1674" HPOS="1667"/>
                  <String HEIGHT="61"
                          WIDTH="168"
                          VPOS="1674"
                          HPOS="1617"
                          CONTENT="dicit."/>
                  <SP HEIGHT="61" WIDTH="17" VPOS="1674" HPOS="1785"/>
                  <String HEIGHT="61"
                          WIDTH="135"
                          VPOS="1674"
                          HPOS="1734"
                          CONTENT="iii."/>
                  <SP HEIGHT="61" WIDTH="17" VPOS="1674" HPOS="1869"/>
                  <String HEIGHT="61"
                          WIDTH="84"
                          VPOS="1674"
                          HPOS="1802"
                          CONTENT="con"/>
               </TextLine>
               <TextLine ID="r1l30"
                         BASELINE="1794"
                         HEIGHT="63"
                         WIDTH="1760"
                         VPOS="1731"
                         HPOS="132">
                  <String HEIGHT="63"
                          WIDTH="145"
                          VPOS="1731"
                          HPOS="114"
                          CONTENT="fes."/>
                  <SP HEIGHT="63" WIDTH="18" VPOS="1731" HPOS="259"/>
                  <String HEIGHT="63"
                          WIDTH="181"
                          VPOS="1731"
                          HPOS="205"
                          CONTENT="Animum"/>
                  <SP HEIGHT="63" WIDTH="18" VPOS="1731" HPOS="386"/>
                  <String HEIGHT="63"
                          WIDTH="145"
                          VPOS="1731"
                          HPOS="332"
                          CONTENT="meum"/>
                  <SP HEIGHT="63" WIDTH="18" VPOS="1731" HPOS="477"/>
                  <String HEIGHT="63"
                          WIDTH="218"
                          VPOS="1731"
                          HPOS="422"
                          CONTENT="institui"/>
                  <SP HEIGHT="63" WIDTH="18" VPOS="1731" HPOS="640"/>
                  <String HEIGHT="63"
                          WIDTH="236"
                          VPOS="1731"
                          HPOS="586"
                          CONTENT="intendere"/>
                  <SP HEIGHT="63" WIDTH="18" VPOS="1731" HPOS="821"/>
                  <String HEIGHT="63" WIDTH="109" VPOS="1731" HPOS="767" CONTENT="in"/>
                  <SP HEIGHT="63" WIDTH="18" VPOS="1731" HPOS="876"/>
                  <String HEIGHT="63"
                          WIDTH="254"
                          VPOS="1731"
                          HPOS="821"
                          CONTENT="scripturas"/>
                  <SP HEIGHT="63" WIDTH="18" VPOS="1731" HPOS="1076"/>
                  <String HEIGHT="63"
                          WIDTH="218"
                          VPOS="1731"
                          HPOS="1021"
                          CONTENT="sanctas:"/>
                  <SP HEIGHT="63" WIDTH="18" VPOS="1731" HPOS="1239"/>
                  <String HEIGHT="63"
                          WIDTH="109"
                          VPOS="1731"
                          HPOS="1184"
                          CONTENT="vt"/>
                  <SP HEIGHT="63" WIDTH="18" VPOS="1731" HPOS="1293"/>
                  <String HEIGHT="63"
                          WIDTH="200"
                          VPOS="1731"
                          HPOS="1239"
                          CONTENT="viderem"/>
                  <SP HEIGHT="63" WIDTH="18" VPOS="1731" HPOS="1438"/>
                  <String HEIGHT="63"
                          WIDTH="181"
                          VPOS="1731"
                          HPOS="1384"
                          CONTENT="quales"/>
                  <SP HEIGHT="63" WIDTH="18" VPOS="1731" HPOS="1565"/>
                  <String HEIGHT="63"
                          WIDTH="200"
                          VPOS="1731"
                          HPOS="1511"
                          CONTENT="essent."/>
                  <SP HEIGHT="63" WIDTH="18" VPOS="1731" HPOS="1711"/>
                  <String HEIGHT="63" WIDTH="91" VPOS="1731" HPOS="1656" CONTENT="&amp;"/>
                  <SP HEIGHT="63" WIDTH="18" VPOS="1731" HPOS="1747"/>
                  <String HEIGHT="63"
                          WIDTH="145"
                          VPOS="1731"
                          HPOS="1692"
                          CONTENT="ecce"/>
                  <SP HEIGHT="63" WIDTH="18" VPOS="1731" HPOS="1838"/>
                  <String HEIGHT="63"
                          WIDTH="127"
                          VPOS="1731"
                          HPOS="1765"
                          CONTENT="video"/>
               </TextLine>
               <TextLine ID="r1l31"
                         BASELINE="1846"
                         HEIGHT="64"
                         WIDTH="1753"
                         VPOS="1782"
                         HPOS="136">
                  <String HEIGHT="64"
                          WIDTH="124"
                          VPOS="1782"
                          HPOS="118"
                          CONTENT="rem"/>
                  <SP HEIGHT="64" WIDTH="18" VPOS="1782" HPOS="242"/>
                  <String HEIGHT="64"
                          WIDTH="124"
                          VPOS="1782"
                          HPOS="189"
                          CONTENT="non"/>
                  <SP HEIGHT="64" WIDTH="18" VPOS="1782" HPOS="313"/>
                  <String HEIGHT="64"
                          WIDTH="248"
                          VPOS="1782"
                          HPOS="260"
                          CONTENT="conspectam"/>
                  <SP HEIGHT="64" WIDTH="18" VPOS="1782" HPOS="508"/>
                  <String HEIGHT="64"
                          WIDTH="212"
                          VPOS="1782"
                          HPOS="455"
                          CONTENT="superbis"/>
                  <SP HEIGHT="64" WIDTH="18" VPOS="1782" HPOS="667"/>
                  <String HEIGHT="64"
                          WIDTH="159"
                          VPOS="1782"
                          HPOS="614"
                          CONTENT="neque"/>
                  <SP HEIGHT="64" WIDTH="18" VPOS="1782" HPOS="773"/>
                  <String HEIGHT="64"
                          WIDTH="195"
                          VPOS="1782"
                          HPOS="720"
                          CONTENT="nudatam"/>
                  <SP HEIGHT="64" WIDTH="18" VPOS="1782" HPOS="915"/>
                  <String HEIGHT="64"
                          WIDTH="195"
                          VPOS="1782"
                          HPOS="862"
                          CONTENT="pueris:"/>
                  <SP HEIGHT="64" WIDTH="18" VPOS="1782" HPOS="1057"/>
                  <String HEIGHT="64"
                          WIDTH="124"
                          VPOS="1782"
                          HPOS="1004"
                          CONTENT="sed"/>
                  <SP HEIGHT="64" WIDTH="18" VPOS="1782" HPOS="1128"/>
                  <String HEIGHT="64"
                          WIDTH="195"
                          VPOS="1782"
                          HPOS="1074"
                          CONTENT="incessu"/>
                  <SP HEIGHT="64" WIDTH="18" VPOS="1782" HPOS="1269"/>
                  <String HEIGHT="64"
                          WIDTH="212"
                          VPOS="1782"
                          HPOS="1216"
                          CONTENT="humilem,"/>
                  <SP HEIGHT="64" WIDTH="18" VPOS="1782" HPOS="1429"/>
                  <String HEIGHT="64"
                          WIDTH="212"
                          VPOS="1782"
                          HPOS="1375"
                          CONTENT="successu"/>
                  <SP HEIGHT="64" WIDTH="18" VPOS="1782" HPOS="1588"/>
                  <String HEIGHT="64"
                          WIDTH="230"
                          VPOS="1782"
                          HPOS="1535"
                          CONTENT="excelsam:"/>
                  <SP HEIGHT="64" WIDTH="18" VPOS="1782" HPOS="1765"/>
                  <String HEIGHT="64" WIDTH="89" VPOS="1782" HPOS="1712" CONTENT="&amp;"/>
                  <SP HEIGHT="64" WIDTH="18" VPOS="1782" HPOS="1800"/>
                  <String HEIGHT="64"
                          WIDTH="159"
                          VPOS="1782"
                          HPOS="1730"
                          CONTENT="velatam"/>
               </TextLine>
               <TextLine ID="r1l32"
                         BASELINE="1911"
                         HEIGHT="80"
                         WIDTH="1751"
                         VPOS="1831"
                         HPOS="140">
                  <String HEIGHT="80"
                          WIDTH="253"
                          VPOS="1831"
                          HPOS="122"
                          CONTENT="mysteriis:"/>
                  <SP HEIGHT="80" WIDTH="18" VPOS="1831" HPOS="375"/>
                  <String HEIGHT="80"
                          WIDTH="126"
                          VPOS="1831"
                          HPOS="321"
                          CONTENT="sed"/>
                  <SP HEIGHT="80" WIDTH="18" VPOS="1831" HPOS="447"/>
                  <String HEIGHT="80"
                          WIDTH="144"
                          VPOS="1831"
                          HPOS="393"
                          CONTENT="visa"/>
                  <SP HEIGHT="80" WIDTH="18" VPOS="1831" HPOS="537"/>
                  <String HEIGHT="80"
                          WIDTH="126"
                          VPOS="1831"
                          HPOS="483"
                          CONTENT="est"/>
                  <SP HEIGHT="80" WIDTH="18" VPOS="1831" HPOS="609"/>
                  <String HEIGHT="80"
                          WIDTH="144"
                          VPOS="1831"
                          HPOS="555"
                          CONTENT="mihi"/>
                  <SP HEIGHT="80" WIDTH="18" VPOS="1831" HPOS="700"/>
                  <String HEIGHT="80"
                          WIDTH="199"
                          VPOS="1831"
                          HPOS="645"
                          CONTENT="indigna"/>
                  <SP HEIGHT="80" WIDTH="18" VPOS="1831" HPOS="844"/>
                  <String HEIGHT="80"
                          WIDTH="144"
                          VPOS="1831"
                          HPOS="790"
                          CONTENT="quam"/>
                  <SP HEIGHT="80" WIDTH="18" VPOS="1831" HPOS="934"/>
                  <String HEIGHT="80"
                          WIDTH="235"
                          VPOS="1831"
                          HPOS="880"
                          CONTENT="Tullianae"/>
                  <SP HEIGHT="80" WIDTH="18" VPOS="1831" HPOS="1115"/>
                  <String HEIGHT="80"
                          WIDTH="235"
                          VPOS="1831"
                          HPOS="1061"
                          CONTENT="dignitati"/>
                  <SP HEIGHT="80" WIDTH="18" VPOS="1831" HPOS="1295"/>
                  <String HEIGHT="80"
                          WIDTH="271"
                          VPOS="1831"
                          HPOS="1241"
                          CONTENT="compararem."/>
                  <SP HEIGHT="80" WIDTH="18" VPOS="1831" HPOS="1512"/>
                  <String HEIGHT="80"
                          WIDTH="162"
                          VPOS="1831"
                          HPOS="1458"
                          CONTENT="Tumor"/>
                  <SP HEIGHT="80" WIDTH="18" VPOS="1831" HPOS="1620"/>
                  <String HEIGHT="80"
                          WIDTH="144"
                          VPOS="1831"
                          HPOS="1566"
                          CONTENT="enim"/>
                  <SP HEIGHT="80" WIDTH="18" VPOS="1831" HPOS="1710"/>
                  <String HEIGHT="80"
                          WIDTH="144"
                          VPOS="1831"
                          HPOS="1656"
                          CONTENT="meus"/>
                  <SP HEIGHT="80" WIDTH="18" VPOS="1831" HPOS="1801"/>
                  <String HEIGHT="80"
                          WIDTH="162"
                          VPOS="1831"
                          HPOS="1729"
                          CONTENT="refugie"/>
               </TextLine>
               <TextLine ID="r1l33"
                         BASELINE="1966"
                         HEIGHT="74"
                         WIDTH="324"
                         VPOS="1892"
                         HPOS="127">
                  <String HEIGHT="74"
                          WIDTH="151"
                          VPOS="1892"
                          HPOS="105"
                          CONTENT="bat"/>
                  <SP HEIGHT="74" WIDTH="22" VPOS="1892" HPOS="257"/>
                  <String HEIGHT="74"
                          WIDTH="194"
                          VPOS="1892"
                          HPOS="192"
                          CONTENT="modum"/>
                  <SP HEIGHT="74" WIDTH="22" VPOS="1892" HPOS="386"/>
                  <String HEIGHT="74"
                          WIDTH="151"
                          VPOS="1892"
                          HPOS="300"
                          CONTENT="eius."/>
               </TextLine>
               <TextLine ID="r1l34"
                         BASELINE="2020"
                         HEIGHT="108"
                         WIDTH="1727"
                         VPOS="1912"
                         HPOS="143">
                  <String HEIGHT="108" WIDTH="105" VPOS="1912" HPOS="122" CONTENT=""/>
                  <SP HEIGHT="108" WIDTH="21" VPOS="1912" HPOS="227"/>
                  <String HEIGHT="108"
                          WIDTH="126"
                          VPOS="1912"
                          HPOS="164"
                          CONTENT="Ad"/>
                  <SP HEIGHT="108" WIDTH="21" VPOS="1912" HPOS="290"/>
                  <String HEIGHT="108"
                          WIDTH="211"
                          VPOS="1912"
                          HPOS="227"
                          CONTENT="primum"/>
                  <SP HEIGHT="108" WIDTH="21" VPOS="1912" HPOS="438"/>
                  <String HEIGHT="108"
                          WIDTH="126"
                          VPOS="1912"
                          HPOS="375"
                          CONTENT="in"/>
                  <SP HEIGHT="108" WIDTH="21" VPOS="1912" HPOS="501"/>
                  <String HEIGHT="108"
                          WIDTH="295"
                          VPOS="1912"
                          HPOS="438"
                          CONTENT="oppositum,"/>
                  <SP HEIGHT="108" WIDTH="21" VPOS="1912" HPOS="733"/>
                  <String HEIGHT="108"
                          WIDTH="168"
                          VPOS="1912"
                          HPOS="670"
                          CONTENT="quod"/>
                  <SP HEIGHT="108" WIDTH="21" VPOS="1912" HPOS="838"/>
                  <String HEIGHT="108"
                          WIDTH="253"
                          VPOS="1912"
                          HPOS="775"
                          CONTENT="scientia"/>
                  <SP HEIGHT="108" WIDTH="21" VPOS="1912" HPOS="1028"/>
                  <String HEIGHT="108"
                          WIDTH="168"
                          VPOS="1912"
                          HPOS="964"
                          CONTENT="ista"/>
                  <SP HEIGHT="108" WIDTH="21" VPOS="1912" HPOS="1133"/>
                  <String HEIGHT="108"
                          WIDTH="295"
                          VPOS="1912"
                          HPOS="1070"
                          CONTENT="certissima"/>
                  <SP HEIGHT="108" WIDTH="21" VPOS="1912" HPOS="1365"/>
                  <String HEIGHT="108"
                          WIDTH="168"
                          VPOS="1912"
                          HPOS="1301"
                          CONTENT="est:"/>
                  <SP HEIGHT="108" WIDTH="21" VPOS="1912" HPOS="1470"/>
                  <String HEIGHT="108"
                          WIDTH="190"
                          VPOS="1912"
                          HPOS="1407"
                          CONTENT="quare"/>
                  <SP HEIGHT="108" WIDTH="21" VPOS="1912" HPOS="1596"/>
                  <String HEIGHT="108"
                          WIDTH="190"
                          VPOS="1912"
                          HPOS="1533"
                          CONTENT="debet"/>
                  <SP HEIGHT="108" WIDTH="21" VPOS="1912" HPOS="1723"/>
                  <String HEIGHT="108"
                          WIDTH="211"
                          VPOS="1912"
                          HPOS="1659"
                          CONTENT="habere"/>
                  <SP HEIGHT="108" WIDTH="21" VPOS="1912" HPOS="1870"/>
                  <String HEIGHT="108"
                          WIDTH="84"
                          VPOS="1912"
                          HPOS="1786"
                          CONTENT="mo"/>
               </TextLine>
               <TextLine ID="r1l35"
                         BASELINE="2075"
                         HEIGHT="82"
                         WIDTH="1734"
                         VPOS="1993"
                         HPOS="139">
                  <String HEIGHT="82"
                          WIDTH="118"
                          VPOS="1993"
                          HPOS="122"
                          CONTENT="dum"/>
                  <SP HEIGHT="82" WIDTH="17" VPOS="1993" HPOS="240"/>
                  <String HEIGHT="82"
                          WIDTH="269"
                          VPOS="1993"
                          HPOS="190"
                          CONTENT="certissimum:"/>
                  <SP HEIGHT="82" WIDTH="17" VPOS="1993" HPOS="459"/>
                  <String HEIGHT="82"
                          WIDTH="202"
                          VPOS="1993"
                          HPOS="408"
                          CONTENT="Dicendum"/>
                  <SP HEIGHT="82" WIDTH="17" VPOS="1993" HPOS="610"/>
                  <String HEIGHT="82"
                          WIDTH="202"
                          VPOS="1993"
                          HPOS="560"
                          CONTENT="secundum"/>
                  <SP HEIGHT="82" WIDTH="17" VPOS="1993" HPOS="762"/>
                  <String HEIGHT="82"
                          WIDTH="135"
                          VPOS="1993"
                          HPOS="711"
                          CONTENT="quod"/>
                  <SP HEIGHT="82" WIDTH="17" VPOS="1993" HPOS="846"/>
                  <String HEIGHT="82"
                          WIDTH="269"
                          VPOS="1993"
                          HPOS="796"
                          CONTENT="determinatum"/>
                  <SP HEIGHT="82" WIDTH="17" VPOS="1993" HPOS="1065"/>
                  <String HEIGHT="82"
                          WIDTH="118"
                          VPOS="1993"
                          HPOS="1014"
                          CONTENT="est"/>
                  <SP HEIGHT="82" WIDTH="17" VPOS="1993" HPOS="1132"/>
                  <String HEIGHT="82"
                          WIDTH="168"
                          VPOS="1993"
                          HPOS="1082"
                          CONTENT="supra,"/>
                  <SP HEIGHT="82" WIDTH="17" VPOS="1993" HPOS="1250"/>
                  <String HEIGHT="82"
                          WIDTH="135"
                          VPOS="1993"
                          HPOS="1200"
                          CONTENT="quod"/>
                  <SP HEIGHT="82" WIDTH="17" VPOS="1993" HPOS="1334"/>
                  <String HEIGHT="82"
                          WIDTH="135"
                          VPOS="1993"
                          HPOS="1284"
                          CONTENT="etsi"/>
                  <SP HEIGHT="82" WIDTH="17" VPOS="1993" HPOS="1418"/>
                  <String HEIGHT="82"
                          WIDTH="202"
                          VPOS="1993"
                          HPOS="1368"
                          CONTENT="scientia"/>
                  <SP HEIGHT="82" WIDTH="17" VPOS="1993" HPOS="1570"/>
                  <String HEIGHT="82"
                          WIDTH="135"
                          VPOS="1993"
                          HPOS="1519"
                          CONTENT="ista"/>
                  <SP HEIGHT="82" WIDTH="17" VPOS="1993" HPOS="1654"/>
                  <String HEIGHT="82"
                          WIDTH="118"
                          VPOS="1993"
                          HPOS="1604"
                          CONTENT="sit"/>
                  <SP HEIGHT="82" WIDTH="17" VPOS="1993" HPOS="1721"/>
                  <String HEIGHT="82"
                          WIDTH="219"
                          VPOS="1993"
                          HPOS="1654"
                          CONTENT="certissima"
                          SUBS_TYPE="HypPart1"
                          SUBS_CONTENT="certissimahoc"/>
                  <HYP CONTENT="-"/>
               </TextLine>
               <TextLine ID="r1l36"
                         BASELINE="2122"
                         HEIGHT="72"
                         WIDTH="1738"
                         VPOS="2050"
                         HPOS="139">
                  <String HEIGHT="72"
                          WIDTH="116"
                          VPOS="2050"
                          HPOS="122"
                          CONTENT="hoc"
                          SUBS_TYPE="HypPart2"
                          SUBS_CONTENT="certissimahoc"/>
                  <SP HEIGHT="72" WIDTH="17" VPOS="2050" HPOS="238"/>
                  <String HEIGHT="72"
                          WIDTH="116"
                          VPOS="2050"
                          HPOS="189"
                          CONTENT="est"/>
                  <SP HEIGHT="72" WIDTH="17" VPOS="2050" HPOS="305"/>
                  <String HEIGHT="72" WIDTH="99" VPOS="2050" HPOS="255" CONTENT="ex"/>
                  <SP HEIGHT="72" WIDTH="17" VPOS="2050" HPOS="354"/>
                  <String HEIGHT="72"
                          WIDTH="149"
                          VPOS="2050"
                          HPOS="305"
                          CONTENT="parte"/>
                  <SP HEIGHT="72" WIDTH="17" VPOS="2050" HPOS="453"/>
                  <String HEIGHT="72"
                          WIDTH="116"
                          VPOS="2050"
                          HPOS="404"
                          CONTENT="rei"/>
                  <SP HEIGHT="72" WIDTH="17" VPOS="2050" HPOS="520"/>
                  <String HEIGHT="72"
                          WIDTH="182"
                          VPOS="2050"
                          HPOS="470"
                          CONTENT="scitae,"/>
                  <SP HEIGHT="72" WIDTH="17" VPOS="2050" HPOS="652"/>
                  <String HEIGHT="72"
                          WIDTH="116"
                          VPOS="2050"
                          HPOS="602"
                          CONTENT="non"/>
                  <SP HEIGHT="72" WIDTH="17" VPOS="2050" HPOS="718"/>
                  <String HEIGHT="72"
                          WIDTH="149"
                          VPOS="2050"
                          HPOS="669"
                          CONTENT="autem"/>
                  <SP HEIGHT="72" WIDTH="17" VPOS="2050" HPOS="818"/>
                  <String HEIGHT="72" WIDTH="99" VPOS="2050" HPOS="768" CONTENT="ex"/>
                  <SP HEIGHT="72" WIDTH="17" VPOS="2050" HPOS="867"/>
                  <String HEIGHT="72"
                          WIDTH="149"
                          VPOS="2050"
                          HPOS="818"
                          CONTENT="parte"/>
                  <SP HEIGHT="72" WIDTH="17" VPOS="2050" HPOS="967"/>
                  <String HEIGHT="72"
                          WIDTH="182"
                          VPOS="2050"
                          HPOS="917"
                          CONTENT="hominis"/>
                  <SP HEIGHT="72" WIDTH="17" VPOS="2050" HPOS="1099"/>
                  <String HEIGHT="72"
                          WIDTH="199"
                          VPOS="2050"
                          HPOS="1049"
                          CONTENT="scientis"/>
                  <SP HEIGHT="72" WIDTH="17" VPOS="2050" HPOS="1248"/>
                  <String HEIGHT="72"
                          WIDTH="132"
                          VPOS="2050"
                          HPOS="1198"
                          CONTENT="eam,"/>
                  <SP HEIGHT="72" WIDTH="17" VPOS="2050" HPOS="1331"/>
                  <String HEIGHT="72"
                          WIDTH="132"
                          VPOS="2050"
                          HPOS="1281"
                          CONTENT="nisi"/>
                  <SP HEIGHT="72" WIDTH="17" VPOS="2050" HPOS="1414"/>
                  <String HEIGHT="72"
                          WIDTH="182"
                          VPOS="2050"
                          HPOS="1364"
                          CONTENT="quantum"/>
                  <SP HEIGHT="72" WIDTH="17" VPOS="2050" HPOS="1546"/>
                  <String HEIGHT="72" WIDTH="99" VPOS="2050" HPOS="1496" CONTENT="ad"/>
                  <SP HEIGHT="72" WIDTH="17" VPOS="2050" HPOS="1596"/>
                  <String HEIGHT="72"
                          WIDTH="248"
                          VPOS="2050"
                          HPOS="1546"
                          CONTENT="securitatem"/>
                  <SP HEIGHT="72" WIDTH="17" VPOS="2050" HPOS="1794"/>
                  <String HEIGHT="72" WIDTH="83" VPOS="2050" HPOS="1745" CONTENT="&amp;"/>
                  <SP HEIGHT="72" WIDTH="17" VPOS="2050" HPOS="1827"/>
                  <String HEIGHT="72"
                          WIDTH="116"
                          VPOS="2050"
                          HPOS="1761"
                          CONTENT="firmi"/>
               </TextLine>
               <TextLine ID="r1l37"
                         BASELINE="2182"
                         HEIGHT="69"
                         WIDTH="1742"
                         VPOS="2113"
                         HPOS="138">
                  <String HEIGHT="69"
                          WIDTH="144"
                          VPOS="2113"
                          HPOS="122"
                          CONTENT="tatem"/>
                  <SP HEIGHT="69" WIDTH="16" VPOS="2113" HPOS="266"/>
                  <String HEIGHT="69"
                          WIDTH="256"
                          VPOS="2113"
                          HPOS="218"
                          CONTENT="adhaerentiae"/>
                  <SP HEIGHT="69" WIDTH="16" VPOS="2113" HPOS="474"/>
                  <String HEIGHT="69"
                          WIDTH="192"
                          VPOS="2113"
                          HPOS="426"
                          CONTENT="veritati"/>
                  <SP HEIGHT="69" WIDTH="16" VPOS="2113" HPOS="617"/>
                  <String HEIGHT="69"
                          WIDTH="128"
                          VPOS="2113"
                          HPOS="570"
                          CONTENT="quam"/>
                  <SP HEIGHT="69" WIDTH="16" VPOS="2113" HPOS="697"/>
                  <String HEIGHT="69"
                          WIDTH="176"
                          VPOS="2113"
                          HPOS="649"
                          CONTENT="tractat"/>
                  <SP HEIGHT="69" WIDTH="16" VPOS="2113" HPOS="825"/>
                  <String HEIGHT="69"
                          WIDTH="144"
                          VPOS="2113"
                          HPOS="777"
                          CONTENT="prius"/>
                  <SP HEIGHT="69" WIDTH="16" VPOS="2113" HPOS="921"/>
                  <String HEIGHT="69"
                          WIDTH="128"
                          VPOS="2113"
                          HPOS="873"
                          CONTENT="quam"/>
                  <SP HEIGHT="69" WIDTH="16" VPOS="2113" HPOS="1001"/>
                  <String HEIGHT="69"
                          WIDTH="208"
                          VPOS="2113"
                          HPOS="953"
                          CONTENT="credibile"/>
                  <SP HEIGHT="69" WIDTH="16" VPOS="2113" HPOS="1161"/>
                  <String HEIGHT="69" WIDTH="96" VPOS="2113" HPOS="1113" CONTENT="in"/>
                  <SP HEIGHT="69" WIDTH="16" VPOS="2113" HPOS="1209"/>
                  <String HEIGHT="69"
                          WIDTH="128"
                          VPOS="2113"
                          HPOS="1161"
                          CONTENT="ipsa"/>
                  <SP HEIGHT="69" WIDTH="16" VPOS="2113" HPOS="1289"/>
                  <String HEIGHT="69"
                          WIDTH="160"
                          VPOS="2113"
                          HPOS="1241"
                          CONTENT="factum"/>
                  <SP HEIGHT="69" WIDTH="16" VPOS="2113" HPOS="1401"/>
                  <String HEIGHT="69"
                          WIDTH="112"
                          VPOS="2113"
                          HPOS="1353"
                          CONTENT="sit"/>
                  <SP HEIGHT="69" WIDTH="16" VPOS="2113" HPOS="1464"/>
                  <String HEIGHT="69"
                          WIDTH="288"
                          VPOS="2113"
                          HPOS="1417"
                          CONTENT="intelligibile."/>
                  <SP HEIGHT="69" WIDTH="16" VPOS="2113" HPOS="1704"/>
                  <String HEIGHT="69"
                          WIDTH="128"
                          VPOS="2113"
                          HPOS="1656"
                          CONTENT="Nunc"/>
                  <SP HEIGHT="69" WIDTH="16" VPOS="2113" HPOS="1784"/>
                  <String HEIGHT="69"
                          WIDTH="128"
                          VPOS="2113"
                          HPOS="1736"
                          CONTENT="ergo"/>
                  <SP HEIGHT="69" WIDTH="16" VPOS="2113" HPOS="1864"/>
                  <String HEIGHT="69"
                          WIDTH="80"
                          VPOS="2113"
                          HPOS="1800"
                          CONTENT="cum"/>
               </TextLine>
               <TextLine ID="r1l38"
                         BASELINE="2234"
                         HEIGHT="66"
                         WIDTH="1747"
                         VPOS="2168"
                         HPOS="144">
                  <String HEIGHT="66"
                          WIDTH="153"
                          VPOS="2168"
                          HPOS="129"
                          CONTENT="icitur"/>
                  <SP HEIGHT="66" WIDTH="15" VPOS="2168" HPOS="282"/>
                  <String HEIGHT="66"
                          WIDTH="123"
                          VPOS="2168"
                          HPOS="236"
                          CONTENT="quod"/>
                  <SP HEIGHT="66" WIDTH="15" VPOS="2168" HPOS="359"/>
                  <String HEIGHT="66"
                          WIDTH="184"
                          VPOS="2168"
                          HPOS="313"
                          CONTENT="scientia"/>
                  <SP HEIGHT="66" WIDTH="15" VPOS="2168" HPOS="496"/>
                  <String HEIGHT="66"
                          WIDTH="215"
                          VPOS="2168"
                          HPOS="450"
                          CONTENT="certissima"/>
                  <SP HEIGHT="66" WIDTH="15" VPOS="2168" HPOS="665"/>
                  <String HEIGHT="66"
                          WIDTH="138"
                          VPOS="2168"
                          HPOS="619"
                          CONTENT="debet"/>
                  <SP HEIGHT="66" WIDTH="15" VPOS="2168" HPOS="757"/>
                  <String HEIGHT="66"
                          WIDTH="153"
                          VPOS="2168"
                          HPOS="711"
                          CONTENT="habere"/>
                  <SP HEIGHT="66" WIDTH="15" VPOS="2168" HPOS="864"/>
                  <String HEIGHT="66"
                          WIDTH="230"
                          VPOS="2168"
                          HPOS="818"
                          CONTENT="certissimum"/>
                  <SP HEIGHT="66" WIDTH="15" VPOS="2168" HPOS="1048"/>
                  <String HEIGHT="66"
                          WIDTH="153"
                          VPOS="2168"
                          HPOS="1002"
                          CONTENT="modum:"/>
                  <SP HEIGHT="66" WIDTH="15" VPOS="2168" HPOS="1155"/>
                  <String HEIGHT="66"
                          WIDTH="184"
                          VPOS="2168"
                          HPOS="1109"
                          CONTENT="Dicendum"/>
                  <SP HEIGHT="66" WIDTH="15" VPOS="2168" HPOS="1293"/>
                  <String HEIGHT="66"
                          WIDTH="123"
                          VPOS="2168"
                          HPOS="1247"
                          CONTENT="quod"/>
                  <SP HEIGHT="66" WIDTH="15" VPOS="2168" HPOS="1370"/>
                  <String HEIGHT="66"
                          WIDTH="138"
                          VPOS="2168"
                          HPOS="1324"
                          CONTENT="verum"/>
                  <SP HEIGHT="66" WIDTH="15" VPOS="2168" HPOS="1462"/>
                  <String HEIGHT="66"
                          WIDTH="107"
                          VPOS="2168"
                          HPOS="1416"
                          CONTENT="est"/>
                  <SP HEIGHT="66" WIDTH="15" VPOS="2168" HPOS="1523"/>
                  <String HEIGHT="66"
                          WIDTH="138"
                          VPOS="2168"
                          HPOS="1477"
                          CONTENT="iuxta"/>
                  <SP HEIGHT="66" WIDTH="15" VPOS="2168" HPOS="1615"/>
                  <String HEIGHT="66"
                          WIDTH="138"
                          VPOS="2168"
                          HPOS="1569"
                          CONTENT="genus"/>
                  <SP HEIGHT="66" WIDTH="15" VPOS="2168" HPOS="1707"/>
                  <String HEIGHT="66"
                          WIDTH="123"
                          VPOS="2168"
                          HPOS="1661"
                          CONTENT="suae"/>
                  <SP HEIGHT="66" WIDTH="15" VPOS="2168" HPOS="1784"/>
                  <String HEIGHT="66"
                          WIDTH="169"
                          VPOS="2168"
                          HPOS="1722"
                          CONTENT="certitudi"/>
               </TextLine>
               <TextLine ID="r1l39"
                         BASELINE="2301"
                         HEIGHT="83"
                         WIDTH="1760"
                         VPOS="2218"
                         HPOS="127">
                  <String HEIGHT="83"
                          WIDTH="126"
                          VPOS="2218"
                          HPOS="111"
                          CONTENT="nis:"/>
                  <SP HEIGHT="83" WIDTH="16" VPOS="2218" HPOS="237"/>
                  <String HEIGHT="83" WIDTH="79" VPOS="2218" HPOS="190" CONTENT="&amp;"/>
                  <SP HEIGHT="83" WIDTH="16" VPOS="2218" HPOS="268"/>
                  <String HEIGHT="83"
                          WIDTH="110"
                          VPOS="2218"
                          HPOS="221"
                          CONTENT="hoc"/>
                  <SP HEIGHT="83" WIDTH="16" VPOS="2218" HPOS="331"/>
                  <String HEIGHT="83" WIDTH="94" VPOS="2218" HPOS="284" CONTENT="in"/>
                  <SP HEIGHT="83" WIDTH="16" VPOS="2218" HPOS="378"/>
                  <String HEIGHT="83"
                          WIDTH="204"
                          VPOS="2218"
                          HPOS="331"
                          CONTENT="proposito"/>
                  <SP HEIGHT="83" WIDTH="16" VPOS="2218" HPOS="536"/>
                  <String HEIGHT="83"
                          WIDTH="157"
                          VPOS="2218"
                          HPOS="488"
                          CONTENT="maxime"/>
                  <SP HEIGHT="83" WIDTH="16" VPOS="2218" HPOS="646"/>
                  <String HEIGHT="83"
                          WIDTH="110"
                          VPOS="2218"
                          HPOS="598"
                          CONTENT="non"/>
                  <SP HEIGHT="83" WIDTH="16" VPOS="2218" HPOS="708"/>
                  <String HEIGHT="83" WIDTH="94" VPOS="2218" HPOS="661" CONTENT="ex"/>
                  <SP HEIGHT="83" WIDTH="16" VPOS="2218" HPOS="756"/>
                  <String HEIGHT="83"
                          WIDTH="141"
                          VPOS="2218"
                          HPOS="708"
                          CONTENT="parte"/>
                  <SP HEIGHT="83" WIDTH="16" VPOS="2218" HPOS="850"/>
                  <String HEIGHT="83"
                          WIDTH="110"
                          VPOS="2218"
                          HPOS="803"
                          CONTENT="rei"/>
                  <SP HEIGHT="83" WIDTH="16" VPOS="2218" HPOS="913"/>
                  <String HEIGHT="83"
                          WIDTH="173"
                          VPOS="2218"
                          HPOS="866"
                          CONTENT="scitae:"/>
                  <SP HEIGHT="83" WIDTH="16" VPOS="2218" HPOS="1038"/>
                  <String HEIGHT="83"
                          WIDTH="110"
                          VPOS="2218"
                          HPOS="991"
                          CONTENT="sed"/>
                  <SP HEIGHT="83" WIDTH="16" VPOS="2218" HPOS="1101"/>
                  <String HEIGHT="83" WIDTH="94" VPOS="2218" HPOS="1054" CONTENT="ex"/>
                  <SP HEIGHT="83" WIDTH="16" VPOS="2218" HPOS="1148"/>
                  <String HEIGHT="83"
                          WIDTH="141"
                          VPOS="2218"
                          HPOS="1101"
                          CONTENT="parte"/>
                  <SP HEIGHT="83" WIDTH="16" VPOS="2218" HPOS="1243"/>
                  <String HEIGHT="83"
                          WIDTH="204"
                          VPOS="2218"
                          HPOS="1196"
                          CONTENT="scientis."/>
                  <SP HEIGHT="83" WIDTH="16" VPOS="2218" HPOS="1400"/>
                  <String HEIGHT="83"
                          WIDTH="141"
                          VPOS="2218"
                          HPOS="1353"
                          CONTENT="Modus"/>
                  <SP HEIGHT="83" WIDTH="16" VPOS="2218" HPOS="1494"/>
                  <String HEIGHT="83"
                          WIDTH="126"
                          VPOS="2218"
                          HPOS="1447"
                          CONTENT="enim"/>
                  <SP HEIGHT="83" WIDTH="16" VPOS="2218" HPOS="1573"/>
                  <String HEIGHT="83"
                          WIDTH="173"
                          VPOS="2218"
                          HPOS="1526"
                          CONTENT="sciendi"/>
                  <SP HEIGHT="83" WIDTH="16" VPOS="2218" HPOS="1698"/>
                  <String HEIGHT="83"
                          WIDTH="141"
                          VPOS="2218"
                          HPOS="1651"
                          CONTENT="magis"/>
                  <SP HEIGHT="83" WIDTH="16" VPOS="2218" HPOS="1793"/>
                  <String HEIGHT="83"
                          WIDTH="157"
                          VPOS="2218"
                          HPOS="1730"
                          CONTENT="sequitur"/>
               </TextLine>
               <TextLine ID="r1l40"
                         BASELINE="2340"
                         HEIGHT="51"
                         WIDTH="1755"
                         VPOS="2289"
                         HPOS="130">
                  <String HEIGHT="51"
                          WIDTH="248"
                          VPOS="2289"
                          HPOS="113"
                          CONTENT="conditionem"/>
                  <SP HEIGHT="51" WIDTH="17" VPOS="2289" HPOS="362"/>
                  <String HEIGHT="51"
                          WIDTH="199"
                          VPOS="2289"
                          HPOS="312"
                          CONTENT="scientis"/>
                  <SP HEIGHT="51" WIDTH="17" VPOS="2289" HPOS="511"/>
                  <String HEIGHT="51"
                          WIDTH="132"
                          VPOS="2289"
                          HPOS="461"
                          CONTENT="quam"/>
                  <SP HEIGHT="51" WIDTH="17" VPOS="2289" HPOS="594"/>
                  <String HEIGHT="51"
                          WIDTH="116"
                          VPOS="2289"
                          HPOS="544"
                          CONTENT="rei"/>
                  <SP HEIGHT="51" WIDTH="17" VPOS="2289" HPOS="660"/>
                  <String HEIGHT="51"
                          WIDTH="182"
                          VPOS="2289"
                          HPOS="610"
                          CONTENT="scitae."/>
                  <SP HEIGHT="51" WIDTH="17" VPOS="2289" HPOS="792"/>
                  <String HEIGHT="51"
                          WIDTH="116"
                          VPOS="2289"
                          HPOS="743"
                          CONTENT="Cum"/>
                  <SP HEIGHT="51" WIDTH="17" VPOS="2289" HPOS="858"/>
                  <String HEIGHT="51"
                          WIDTH="132"
                          VPOS="2289"
                          HPOS="809"
                          CONTENT="ergo"/>
                  <SP HEIGHT="51" WIDTH="17" VPOS="2289" HPOS="941"/>
                  <String HEIGHT="51"
                          WIDTH="215"
                          VPOS="2289"
                          HPOS="892"
                          CONTENT="certitudo"/>
                  <SP HEIGHT="51" WIDTH="17" VPOS="2289" HPOS="1107"/>
                  <String HEIGHT="51"
                          WIDTH="248"
                          VPOS="2289"
                          HPOS="1057"
                          CONTENT="securitatis"/>
                  <SP HEIGHT="51" WIDTH="17" VPOS="2289" HPOS="1306"/>
                  <String HEIGHT="51" WIDTH="83" VPOS="2289" HPOS="1256" CONTENT="&amp;"/>
                  <SP HEIGHT="51" WIDTH="17" VPOS="2289" HPOS="1339"/>
                  <String HEIGHT="51"
                          WIDTH="265"
                          VPOS="2289"
                          HPOS="1289"
                          CONTENT="adhaerentiae"/>
                  <SP HEIGHT="51" WIDTH="17" VPOS="2289" HPOS="1554"/>
                  <String HEIGHT="51" WIDTH="99" VPOS="2289" HPOS="1504" CONTENT="in"/>
                  <SP HEIGHT="51" WIDTH="17" VPOS="2289" HPOS="1604"/>
                  <String HEIGHT="51"
                          WIDTH="116"
                          VPOS="2289"
                          HPOS="1554"
                          CONTENT="hac"/>
                  <SP HEIGHT="51" WIDTH="17" VPOS="2289" HPOS="1670"/>
                  <String HEIGHT="51"
                          WIDTH="199"
                          VPOS="2289"
                          HPOS="1620"
                          CONTENT="scientia"/>
                  <SP HEIGHT="51" WIDTH="17" VPOS="2289" HPOS="1819"/>
                  <String HEIGHT="51"
                          WIDTH="116"
                          VPOS="2289"
                          HPOS="1769"
                          CONTENT="sit"/>
                  <SP HEIGHT="51" WIDTH="17" VPOS="2289" HPOS="1885"/>
                  <String HEIGHT="51" WIDTH="66" VPOS="2289" HPOS="1819" CONTENT="ex"/>
               </TextLine>
               <TextLine ID="r1l41"
                         BASELINE="2394"
                         HEIGHT="67"
                         WIDTH="1760"
                         VPOS="2327"
                         HPOS="136">
                  <String HEIGHT="67"
                          WIDTH="261"
                          VPOS="2327"
                          HPOS="119"
                          CONTENT="auctoritate"/>
                  <SP HEIGHT="67" WIDTH="17" VPOS="2327" HPOS="380"/>
                  <String HEIGHT="67"
                          WIDTH="174"
                          VPOS="2327"
                          HPOS="328"
                          CONTENT="primae"/>
                  <SP HEIGHT="67" WIDTH="17" VPOS="2327" HPOS="502"/>
                  <String HEIGHT="67"
                          WIDTH="244"
                          VPOS="2327"
                          HPOS="450"
                          CONTENT="veritatis,"/>
                  <SP HEIGHT="67" WIDTH="17" VPOS="2327" HPOS="694"/>
                  <String HEIGHT="67" WIDTH="105" VPOS="2327" HPOS="641" CONTENT="vt"/>
                  <SP HEIGHT="67" WIDTH="17" VPOS="2327" HPOS="746"/>
                  <String HEIGHT="67"
                          WIDTH="174"
                          VPOS="2327"
                          HPOS="694"
                          CONTENT="dictum"/>
                  <SP HEIGHT="67" WIDTH="17" VPOS="2327" HPOS="868"/>
                  <String HEIGHT="67"
                          WIDTH="122"
                          VPOS="2327"
                          HPOS="816"
                          CONTENT="est"/>
                  <SP HEIGHT="67" WIDTH="17" VPOS="2327" HPOS="938"/>
                  <String HEIGHT="67"
                          WIDTH="174"
                          VPOS="2327"
                          HPOS="885"
                          CONTENT="supra,"/>
                  <SP HEIGHT="67" WIDTH="17" VPOS="2327" HPOS="1060"/>
                  <String HEIGHT="67"
                          WIDTH="261"
                          VPOS="2327"
                          HPOS="1007"
                          CONTENT="certissimus"/>
                  <SP HEIGHT="67" WIDTH="17" VPOS="2327" HPOS="1269"/>
                  <String HEIGHT="67"
                          WIDTH="157"
                          VPOS="2327"
                          HPOS="1216"
                          CONTENT="modus"/>
                  <SP HEIGHT="67" WIDTH="17" VPOS="2327" HPOS="1373"/>
                  <String HEIGHT="67"
                          WIDTH="244"
                          VPOS="2327"
                          HPOS="1321"
                          CONTENT="respondens"/>
                  <SP HEIGHT="67" WIDTH="17" VPOS="2327" HPOS="1565"/>
                  <String HEIGHT="67"
                          WIDTH="261"
                          VPOS="2327"
                          HPOS="1513"
                          CONTENT="certitudini"/>
                  <SP HEIGHT="67" WIDTH="17" VPOS="2327" HPOS="1774"/>
                  <String HEIGHT="67"
                          WIDTH="192"
                          VPOS="2327"
                          HPOS="1704"
                          CONTENT="adhaeren"
                          SUBS_TYPE="HypPart1"
                          SUBS_CONTENT="adhaerentiae"/>
                  <HYP CONTENT="-"/>
               </TextLine>
               <TextLine ID="r1l42"
                         BASELINE="2451"
                         HEIGHT="70"
                         WIDTH="1727"
                         VPOS="2381"
                         HPOS="143">
                  <String HEIGHT="70"
                          WIDTH="147"
                          VPOS="2381"
                          HPOS="125"
                          CONTENT="tiae"
                          SUBS_TYPE="HypPart2"
                          SUBS_CONTENT="adhaerentiae"/>
                  <SP HEIGHT="70" WIDTH="18" VPOS="2381" HPOS="272"/>
                  <String HEIGHT="70"
                          WIDTH="129"
                          VPOS="2381"
                          HPOS="216"
                          CONTENT="est"/>
                  <SP HEIGHT="70" WIDTH="18" VPOS="2381" HPOS="345"/>
                  <String HEIGHT="70"
                          WIDTH="165"
                          VPOS="2381"
                          HPOS="290"
                          CONTENT="modus"/>
                  <SP HEIGHT="70" WIDTH="18" VPOS="2381" HPOS="455"/>
                  <String HEIGHT="70"
                          WIDTH="220"
                          VPOS="2381"
                          HPOS="400"
                          CONTENT="tradendi"/>
                  <SP HEIGHT="70" WIDTH="18" VPOS="2381" HPOS="621"/>
                  <String HEIGHT="70"
                          WIDTH="147"
                          VPOS="2381"
                          HPOS="566"
                          CONTENT="hanc"/>
                  <SP HEIGHT="70" WIDTH="18" VPOS="2381" HPOS="713"/>
                  <String HEIGHT="70"
                          WIDTH="239"
                          VPOS="2381"
                          HPOS="657"
                          CONTENT="scientiam"/>
                  <SP HEIGHT="70" WIDTH="18" VPOS="2381" HPOS="896"/>
                  <String HEIGHT="70"
                          WIDTH="147"
                          VPOS="2381"
                          HPOS="841"
                          CONTENT="modo"/>
                  <SP HEIGHT="70" WIDTH="18" VPOS="2381" HPOS="988"/>
                  <String HEIGHT="70"
                          WIDTH="257"
                          VPOS="2381"
                          HPOS="933"
                          CONTENT="authentico"/>
                  <SP HEIGHT="70" WIDTH="18" VPOS="2381" HPOS="1190"/>
                  <String HEIGHT="70"
                          WIDTH="129"
                          VPOS="2381"
                          HPOS="1135"
                          CONTENT="non"/>
                  <SP HEIGHT="70" WIDTH="18" VPOS="2381" HPOS="1264"/>
                  <String HEIGHT="70"
                          WIDTH="294"
                          VPOS="2381"
                          HPOS="1209"
                          CONTENT="inquisitiuo:"/>
                  <SP HEIGHT="70" WIDTH="18" VPOS="2381" HPOS="1503"/>
                  <String HEIGHT="70"
                          WIDTH="147"
                          VPOS="2381"
                          HPOS="1447"
                          CONTENT="quia"/>
                  <SP HEIGHT="70" WIDTH="18" VPOS="2381" HPOS="1594"/>
                  <String HEIGHT="70"
                          WIDTH="165"
                          VPOS="2381"
                          HPOS="1539"
                          CONTENT="modus"/>
                  <SP HEIGHT="70" WIDTH="18" VPOS="2381" HPOS="1705"/>
                  <String HEIGHT="70"
                          WIDTH="239"
                          VPOS="2381"
                          HPOS="1631"
                          CONTENT="inquisitius"/>
               </TextLine>
               <TextLine ID="r1l43"
                         BASELINE="2503"
                         HEIGHT="66"
                         WIDTH="1757"
                         VPOS="2437"
                         HPOS="135">
                  <String HEIGHT="66"
                          WIDTH="179"
                          VPOS="2437"
                          HPOS="117"
                          CONTENT="causat"/>
                  <SP HEIGHT="66" WIDTH="18" VPOS="2437" HPOS="296"/>
                  <String HEIGHT="66"
                          WIDTH="287"
                          VPOS="2437"
                          HPOS="243"
                          CONTENT="certitudinem"/>
                  <SP HEIGHT="66" WIDTH="18" VPOS="2437" HPOS="529"/>
                  <String HEIGHT="66"
                          WIDTH="269"
                          VPOS="2437"
                          HPOS="476"
                          CONTENT="euidentiae."/>
                  <SP HEIGHT="66" WIDTH="18" VPOS="2437" HPOS="745"/>
                  <String HEIGHT="66"
                          WIDTH="143"
                          VPOS="2437"
                          HPOS="691"
                          CONTENT="quae"/>
                  <SP HEIGHT="66" WIDTH="18" VPOS="2437" HPOS="834"/>
                  <String HEIGHT="66"
                          WIDTH="161"
                          VPOS="2437"
                          HPOS="780"
                          CONTENT="licet"/>
                  <SP HEIGHT="66" WIDTH="18" VPOS="2437" HPOS="942"/>
                  <String HEIGHT="66"
                          WIDTH="161"
                          VPOS="2437"
                          HPOS="888"
                          CONTENT="eorum"/>
                  <SP HEIGHT="66" WIDTH="18" VPOS="2437" HPOS="1049"/>
                  <String HEIGHT="66"
                          WIDTH="143"
                          VPOS="2437"
                          HPOS="996"
                          CONTENT="quae"/>
                  <SP HEIGHT="66" WIDTH="18" VPOS="2437" HPOS="1139"/>
                  <String HEIGHT="66"
                          WIDTH="233"
                          VPOS="2437"
                          HPOS="1085"
                          CONTENT="traduntur"/>
                  <SP HEIGHT="66" WIDTH="18" VPOS="2437" HPOS="1318"/>
                  <String HEIGHT="66"
                          WIDTH="108"
                          VPOS="2437"
                          HPOS="1264"
                          CONTENT="in"/>
                  <SP HEIGHT="66" WIDTH="18" VPOS="2437" HPOS="1372"/>
                  <String HEIGHT="66"
                          WIDTH="126"
                          VPOS="2437"
                          HPOS="1318"
                          CONTENT="hac"/>
                  <SP HEIGHT="66" WIDTH="18" VPOS="2437" HPOS="1444"/>
                  <String HEIGHT="66"
                          WIDTH="233"
                          VPOS="2437"
                          HPOS="1390"
                          CONTENT="scientia,"/>
                  <SP HEIGHT="66" WIDTH="18" VPOS="2437" HPOS="1623"/>
                  <String HEIGHT="66"
                          WIDTH="161"
                          VPOS="2437"
                          HPOS="1569"
                          CONTENT="maior"/>
                  <SP HEIGHT="66" WIDTH="18" VPOS="2437" HPOS="1731"/>
                  <String HEIGHT="66"
                          WIDTH="179"
                          VPOS="2437"
                          HPOS="1677"
                          CONTENT="potest"/>
                  <SP HEIGHT="66" WIDTH="18" VPOS="2437" HPOS="1856"/>
                  <String HEIGHT="66"
                          WIDTH="108"
                          VPOS="2437"
                          HPOS="1784"
                          CONTENT="esse"/>
               </TextLine>
               <TextLine ID="r1l44"
                         BASELINE="2558"
                         HEIGHT="68"
                         WIDTH="1749"
                         VPOS="2490"
                         HPOS="137">
                  <String HEIGHT="68" WIDTH="112" VPOS="2490" HPOS="118" CONTENT="in"/>
                  <SP HEIGHT="68" WIDTH="19" VPOS="2490" HPOS="230"/>
                  <String HEIGHT="68"
                          WIDTH="205"
                          VPOS="2490"
                          HPOS="174"
                          CONTENT="multis:"/>
                  <SP HEIGHT="68" WIDTH="19" VPOS="2490" HPOS="379"/>
                  <String HEIGHT="68"
                          WIDTH="149"
                          VPOS="2490"
                          HPOS="323"
                          CONTENT="quam"/>
                  <SP HEIGHT="68" WIDTH="19" VPOS="2490" HPOS="472"/>
                  <String HEIGHT="68"
                          WIDTH="167"
                          VPOS="2490"
                          HPOS="416"
                          CONTENT="eorum"/>
                  <SP HEIGHT="68" WIDTH="19" VPOS="2490" HPOS="584"/>
                  <String HEIGHT="68"
                          WIDTH="149"
                          VPOS="2490"
                          HPOS="528"
                          CONTENT="quae"/>
                  <SP HEIGHT="68" WIDTH="19" VPOS="2490" HPOS="677"/>
                  <String HEIGHT="68"
                          WIDTH="242"
                          VPOS="2490"
                          HPOS="621"
                          CONTENT="traduntur"/>
                  <SP HEIGHT="68" WIDTH="19" VPOS="2490" HPOS="863"/>
                  <String HEIGHT="68" WIDTH="112" VPOS="2490" HPOS="807" CONTENT="in"/>
                  <SP HEIGHT="68" WIDTH="19" VPOS="2490" HPOS="918"/>
                  <String HEIGHT="68"
                          WIDTH="167"
                          VPOS="2490"
                          HPOS="863"
                          CONTENT="aliis"/>
                  <SP HEIGHT="68" WIDTH="19" VPOS="2490" HPOS="1030"/>
                  <String HEIGHT="68"
                          WIDTH="260"
                          VPOS="2490"
                          HPOS="974"
                          CONTENT="scientiis."/>
                  <SP HEIGHT="68" WIDTH="19" VPOS="2490" HPOS="1235"/>
                  <String HEIGHT="68"
                          WIDTH="130"
                          VPOS="2490"
                          HPOS="1179"
                          CONTENT="hoc"/>
                  <SP HEIGHT="68" WIDTH="19" VPOS="2490" HPOS="1309"/>
                  <String HEIGHT="68"
                          WIDTH="167"
                          VPOS="2490"
                          HPOS="1253"
                          CONTENT="tamen"/>
                  <SP HEIGHT="68" WIDTH="19" VPOS="2490" HPOS="1421"/>
                  <String HEIGHT="68"
                          WIDTH="130"
                          VPOS="2490"
                          HPOS="1365"
                          CONTENT="non"/>
                  <SP HEIGHT="68" WIDTH="19" VPOS="2490" HPOS="1495"/>
                  <String HEIGHT="68"
                          WIDTH="186"
                          VPOS="2490"
                          HPOS="1439"
                          CONTENT="potest"/>
                  <SP HEIGHT="68" WIDTH="19" VPOS="2490" HPOS="1626"/>
                  <String HEIGHT="68"
                          WIDTH="242"
                          VPOS="2490"
                          HPOS="1570"
                          CONTENT="attingere"/>
                  <SP HEIGHT="68" WIDTH="19" VPOS="2490" HPOS="1812"/>
                  <String HEIGHT="68"
                          WIDTH="167"
                          VPOS="2490"
                          HPOS="1756"
                          CONTENT="quan-"/>
                  <SP HEIGHT="68" WIDTH="19" VPOS="2490" HPOS="1923"/>
                  <String HEIGHT="68" WIDTH="37" VPOS="2490" HPOS="1849" CONTENT=""/>
               </TextLine>
               <TextLine ID="r1l45"
                         BASELINE="2603"
                         HEIGHT="66"
                         WIDTH="1757"
                         VPOS="2537"
                         HPOS="138">
                  <String HEIGHT="66"
                          WIDTH="117"
                          VPOS="2537"
                          HPOS="121"
                          CONTENT="tum"/>
                  <SP HEIGHT="66" WIDTH="17" VPOS="2537" HPOS="238"/>
                  <String HEIGHT="66"
                          WIDTH="117"
                          VPOS="2537"
                          HPOS="188"
                          CONTENT="est"/>
                  <SP HEIGHT="66" WIDTH="17" VPOS="2537" HPOS="305"/>
                  <String HEIGHT="66" WIDTH="100" VPOS="2537" HPOS="255" CONTENT="ex"/>
                  <SP HEIGHT="66" WIDTH="17" VPOS="2537" HPOS="356"/>
                  <String HEIGHT="66"
                          WIDTH="151"
                          VPOS="2537"
                          HPOS="305"
                          CONTENT="parte"/>
                  <SP HEIGHT="66" WIDTH="17" VPOS="2537" HPOS="456"/>
                  <String HEIGHT="66"
                          WIDTH="234"
                          VPOS="2537"
                          HPOS="406"
                          CONTENT="discentis,"/>
                  <SP HEIGHT="66" WIDTH="17" VPOS="2537" HPOS="640"/>
                  <String HEIGHT="66" WIDTH="100" VPOS="2537" HPOS="590" CONTENT="vt"/>
                  <SP HEIGHT="66" WIDTH="17" VPOS="2537" HPOS="690"/>
                  <String HEIGHT="66"
                          WIDTH="167"
                          VPOS="2537"
                          HPOS="640"
                          CONTENT="dictum"/>
                  <SP HEIGHT="66" WIDTH="17" VPOS="2537" HPOS="807"/>
                  <String HEIGHT="66"
                          WIDTH="134"
                          VPOS="2537"
                          HPOS="757"
                          CONTENT="est,"/>
                  <SP HEIGHT="66" WIDTH="17" VPOS="2537" HPOS="891"/>
                  <String HEIGHT="66" WIDTH="100" VPOS="2537" HPOS="841" CONTENT="ex"/>
                  <SP HEIGHT="66" WIDTH="17" VPOS="2537" HPOS="941"/>
                  <String HEIGHT="66"
                          WIDTH="151"
                          VPOS="2537"
                          HPOS="891"
                          CONTENT="prima"/>
                  <SP HEIGHT="66" WIDTH="17" VPOS="2537" HPOS="1042"/>
                  <String HEIGHT="66"
                          WIDTH="151"
                          VPOS="2537"
                          HPOS="991"
                          CONTENT="huius"/>
                  <SP HEIGHT="66" WIDTH="17" VPOS="2537" HPOS="1142"/>
                  <String HEIGHT="66"
                          WIDTH="218"
                          VPOS="2537"
                          HPOS="1092"
                          CONTENT="scientiae"/>
                  <SP HEIGHT="66" WIDTH="17" VPOS="2537" HPOS="1309"/>
                  <String HEIGHT="66"
                          WIDTH="251"
                          VPOS="2537"
                          HPOS="1259"
                          CONTENT="traditione:"/>
                  <SP HEIGHT="66" WIDTH="17" VPOS="2537" HPOS="1510"/>
                  <String HEIGHT="66"
                          WIDTH="117"
                          VPOS="2537"
                          HPOS="1460"
                          CONTENT="sed"/>
                  <SP HEIGHT="66" WIDTH="17" VPOS="2537" HPOS="1577"/>
                  <String HEIGHT="66"
                          WIDTH="100"
                          VPOS="2537"
                          HPOS="1527"
                          CONTENT="ex"/>
                  <SP HEIGHT="66" WIDTH="17" VPOS="2537" HPOS="1627"/>
                  <String HEIGHT="66"
                          WIDTH="201"
                          VPOS="2537"
                          HPOS="1577"
                          CONTENT="speciali"/>
                  <SP HEIGHT="66" WIDTH="17" VPOS="2537" HPOS="1778"/>
                  <String HEIGHT="66"
                          WIDTH="167"
                          VPOS="2537"
                          HPOS="1728"
                          CONTENT="diuina"/>
                  <SP HEIGHT="66" WIDTH="17" VPOS="2537" HPOS="1895"/>
                  <String HEIGHT="66" WIDTH="67" VPOS="2537" HPOS="1828" CONTENT="il"/>
               </TextLine>
               <TextLine ID="r1l46"
                         BASELINE="2665"
                         HEIGHT="65"
                         WIDTH="1751"
                         VPOS="2600"
                         HPOS="138">
                  <String HEIGHT="65"
                          WIDTH="258"
                          VPOS="2600"
                          HPOS="121"
                          CONTENT="lustratione"/>
                  <SP HEIGHT="65" WIDTH="17" VPOS="2600" HPOS="378"/>
                  <String HEIGHT="65"
                          WIDTH="120"
                          VPOS="2600"
                          HPOS="327"
                          CONTENT="vel"/>
                  <SP HEIGHT="65" WIDTH="17" VPOS="2600" HPOS="447"/>
                  <String HEIGHT="65" WIDTH="103" VPOS="2600" HPOS="396" CONTENT="ex"/>
                  <SP HEIGHT="65" WIDTH="17" VPOS="2600" HPOS="499"/>
                  <String HEIGHT="65"
                          WIDTH="137"
                          VPOS="2600"
                          HPOS="447"
                          CONTENT="eius"/>
                  <SP HEIGHT="65" WIDTH="17" VPOS="2600" HPOS="584"/>
                  <String HEIGHT="65"
                          WIDTH="258"
                          VPOS="2600"
                          HPOS="533"
                          CONTENT="rationabili"/>
                  <SP HEIGHT="65" WIDTH="17" VPOS="2600" HPOS="790"/>
                  <String HEIGHT="65"
                          WIDTH="275"
                          VPOS="2600"
                          HPOS="739"
                          CONTENT="expositione."/>
                  <SP HEIGHT="65" WIDTH="17" VPOS="2600" HPOS="1014"/>
                  <String HEIGHT="65"
                          WIDTH="137"
                          VPOS="2600"
                          HPOS="962"
                          CONTENT="Vnde"/>
                  <SP HEIGHT="65" WIDTH="17" VPOS="2600" HPOS="1099"/>
                  <String HEIGHT="65"
                          WIDTH="240"
                          VPOS="2600"
                          HPOS="1048"
                          CONTENT="Augustinus"/>
                  <SP HEIGHT="65" WIDTH="17" VPOS="2600" HPOS="1288"/>
                  <String HEIGHT="65"
                          WIDTH="172"
                          VPOS="2600"
                          HPOS="1237"
                          CONTENT="docens"/>
                  <SP HEIGHT="65" WIDTH="17" VPOS="2600" HPOS="1408"/>
                  <String HEIGHT="65"
                          WIDTH="206"
                          VPOS="2600"
                          HPOS="1357"
                          CONTENT="qualiter"/>
                  <SP HEIGHT="65" WIDTH="17" VPOS="2600" HPOS="1563"/>
                  <String HEIGHT="65" WIDTH="86" VPOS="2600" HPOS="1511" CONTENT="&amp;"/>
                  <SP HEIGHT="65" WIDTH="17" VPOS="2600" HPOS="1597"/>
                  <String HEIGHT="65"
                          WIDTH="103"
                          VPOS="2600"
                          HPOS="1546"
                          CONTENT="ad"/>
                  <SP HEIGHT="65" WIDTH="17" VPOS="2600" HPOS="1649"/>
                  <String HEIGHT="65"
                          WIDTH="137"
                          VPOS="2600"
                          HPOS="1597"
                          CONTENT="quid"/>
                  <SP HEIGHT="65" WIDTH="17" VPOS="2600" HPOS="1735"/>
                  <String HEIGHT="65"
                          WIDTH="120"
                          VPOS="2600"
                          HPOS="1683"
                          CONTENT="per"/>
                  <SP HEIGHT="65" WIDTH="17" VPOS="2600" HPOS="1803"/>
                  <String HEIGHT="65"
                          WIDTH="155"
                          VPOS="2600"
                          HPOS="1735"
                          CONTENT="homines"/>
               </TextLine>
               <TextLine ID="r1l47"
                         BASELINE="2710"
                         HEIGHT="65"
                         WIDTH="1740"
                         VPOS="2645"
                         HPOS="147">
                  <String HEIGHT="65"
                          WIDTH="302"
                          VPOS="2645"
                          HPOS="129"
                          CONTENT="administratae"/>
                  <SP HEIGHT="65" WIDTH="18" VPOS="2645" HPOS="431"/>
                  <String HEIGHT="65"
                          WIDTH="142"
                          VPOS="2645"
                          HPOS="378"
                          CONTENT="sunt"/>
                  <SP HEIGHT="65" WIDTH="18" VPOS="2645" HPOS="520"/>
                  <String HEIGHT="65"
                          WIDTH="178"
                          VPOS="2645"
                          HPOS="467"
                          CONTENT="sacrae"/>
                  <SP HEIGHT="65" WIDTH="18" VPOS="2645" HPOS="644"/>
                  <String HEIGHT="65"
                          WIDTH="266"
                          VPOS="2645"
                          HPOS="591"
                          CONTENT="scripturae,"/>
                  <SP HEIGHT="65" WIDTH="18" VPOS="2645" HPOS="857"/>
                  <String HEIGHT="65"
                          WIDTH="195"
                          VPOS="2645"
                          HPOS="804"
                          CONTENT="loquens"/>
                  <SP HEIGHT="65" WIDTH="18" VPOS="2645" HPOS="999"/>
                  <String HEIGHT="65" WIDTH="107" VPOS="2645" HPOS="946" CONTENT="de"/>
                  <SP HEIGHT="65" WIDTH="18" VPOS="2645" HPOS="1053"/>
                  <String HEIGHT="65"
                          WIDTH="124"
                          VPOS="2645"
                          HPOS="999"
                          CONTENT="eis"/>
                  <SP HEIGHT="65" WIDTH="18" VPOS="2645" HPOS="1124"/>
                  <String HEIGHT="65"
                          WIDTH="124"
                          VPOS="2645"
                          HPOS="1070"
                          CONTENT="sub"/>
                  <SP HEIGHT="65" WIDTH="18" VPOS="2645" HPOS="1195"/>
                  <String HEIGHT="65"
                          WIDTH="231"
                          VPOS="2645"
                          HPOS="1141"
                          CONTENT="metaphora"/>
                  <SP HEIGHT="65" WIDTH="18" VPOS="2645" HPOS="1372"/>
                  <String HEIGHT="65"
                          WIDTH="213"
                          VPOS="2645"
                          HPOS="1319"
                          CONTENT="montium,"/>
                  <SP HEIGHT="65" WIDTH="18" VPOS="2645" HPOS="1532"/>
                  <String HEIGHT="65"
                          WIDTH="160"
                          VPOS="2645"
                          HPOS="1479"
                          CONTENT="dicit"/>
                  <SP HEIGHT="65" WIDTH="18" VPOS="2645" HPOS="1638"/>
                  <String HEIGHT="65"
                          WIDTH="142"
                          VPOS="2645"
                          HPOS="1585"
                          CONTENT="sic."/>
                  <SP HEIGHT="65" WIDTH="18" VPOS="2645" HPOS="1727"/>
                  <String HEIGHT="65"
                          WIDTH="107"
                          VPOS="2645"
                          HPOS="1674"
                          CONTENT="Ex"/>
                  <SP HEIGHT="65" WIDTH="18" VPOS="2645" HPOS="1780"/>
                  <String HEIGHT="65"
                          WIDTH="178"
                          VPOS="2645"
                          HPOS="1709"
                          CONTENT="montibus"/>
               </TextLine>
               <TextLine ID="r1l48"
                         BASELINE="2773"
                         HEIGHT="58"
                         WIDTH="1731"
                         VPOS="2715"
                         HPOS="148">
                  <String HEIGHT="58"
                          WIDTH="159"
                          VPOS="2715"
                          HPOS="130"
                          CONTENT="venit"/>
                  <SP HEIGHT="58" WIDTH="18" VPOS="2715" HPOS="289"/>
                  <String HEIGHT="58"
                          WIDTH="159"
                          VPOS="2715"
                          HPOS="236"
                          CONTENT="vobis"/>
                  <SP HEIGHT="58" WIDTH="18" VPOS="2715" HPOS="395"/>
                  <String HEIGHT="58"
                          WIDTH="212"
                          VPOS="2715"
                          HPOS="342"
                          CONTENT="auxilium"/>
                  <SP HEIGHT="58" WIDTH="18" VPOS="2715" HPOS="554"/>
                  <String HEIGHT="58" WIDTH="106" VPOS="2715" HPOS="501" CONTENT="vt"/>
                  <SP HEIGHT="58" WIDTH="18" VPOS="2715" HPOS="607"/>
                  <String HEIGHT="58"
                          WIDTH="141"
                          VPOS="2715"
                          HPOS="554"
                          CONTENT="ista"/>
                  <SP HEIGHT="58" WIDTH="18" VPOS="2715" HPOS="696"/>
                  <String HEIGHT="58"
                          WIDTH="247"
                          VPOS="2715"
                          HPOS="643"
                          CONTENT="audiretis:"/>
                  <SP HEIGHT="58" WIDTH="18" VPOS="2715" HPOS="890"/>
                  <String HEIGHT="58"
                          WIDTH="124"
                          VPOS="2715"
                          HPOS="837"
                          CONTENT="sed"/>
                  <SP HEIGHT="58" WIDTH="18" VPOS="2715" HPOS="961"/>
                  <String HEIGHT="58"
                          WIDTH="177"
                          VPOS="2715"
                          HPOS="908"
                          CONTENT="nondum"/>
                  <SP HEIGHT="58" WIDTH="18" VPOS="2715" HPOS="1084"/>
                  <String HEIGHT="58"
                          WIDTH="212"
                          VPOS="2715"
                          HPOS="1031"
                          CONTENT="potestis"/>
                  <SP HEIGHT="58" WIDTH="18" VPOS="2715" HPOS="1243"/>
                  <String HEIGHT="58"
                          WIDTH="265"
                          VPOS="2715"
                          HPOS="1190"
                          CONTENT="intelligere"/>
                  <SP HEIGHT="58" WIDTH="18" VPOS="2715" HPOS="1455"/>
                  <String HEIGHT="58"
                          WIDTH="124"
                          VPOS="2715"
                          HPOS="1402"
                          CONTENT="&amp;c."/>
                  <SP HEIGHT="58" WIDTH="18" VPOS="2715" HPOS="1526"/>
                  <String HEIGHT="58"
                          WIDTH="106"
                          VPOS="2715"
                          HPOS="1473"
                          CONTENT="vt"/>
                  <SP HEIGHT="58" WIDTH="18" VPOS="2715" HPOS="1579"/>
                  <String HEIGHT="58"
                          WIDTH="177"
                          VPOS="2715"
                          HPOS="1526"
                          CONTENT="supra."/>
                  <SP HEIGHT="58" WIDTH="18" VPOS="2715" HPOS="1702"/>
                  <String HEIGHT="58"
                          WIDTH="141"
                          VPOS="2715"
                          HPOS="1649"
                          CONTENT="Vnde"/>
                  <SP HEIGHT="58" WIDTH="18" VPOS="2715" HPOS="1791"/>
                  <String HEIGHT="58" WIDTH="88" VPOS="2715" HPOS="1738" CONTENT="&amp;"/>
                  <SP HEIGHT="58" WIDTH="18" VPOS="2715" HPOS="1826"/>
                  <String HEIGHT="58"
                          WIDTH="124"
                          VPOS="2715"
                          HPOS="1755"
                          CONTENT="prae"
                          SUBS_TYPE="HypPart1"
                          SUBS_CONTENT="praeter"/>
                  <HYP CONTENT="-"/>
               </TextLine>
               <TextLine ID="r1l49"
                         BASELINE="2821"
                         HEIGHT="59"
                         WIDTH="1747"
                         VPOS="2762"
                         HPOS="143">
                  <String HEIGHT="59"
                          WIDTH="133"
                          VPOS="2762"
                          HPOS="124"
                          CONTENT="ter"
                          SUBS_TYPE="HypPart2"
                          SUBS_CONTENT="praeter"/>
                  <SP HEIGHT="59" WIDTH="19" VPOS="2762" HPOS="257"/>
                  <String HEIGHT="59"
                          WIDTH="228"
                          VPOS="2762"
                          HPOS="200"
                          CONTENT="rationem"/>
                  <SP HEIGHT="59" WIDTH="19" VPOS="2762" HPOS="428"/>
                  <String HEIGHT="59"
                          WIDTH="133"
                          VPOS="2762"
                          HPOS="371"
                          CONTENT="iam"/>
                  <SP HEIGHT="59" WIDTH="19" VPOS="2762" HPOS="504"/>
                  <String HEIGHT="59"
                          WIDTH="190"
                          VPOS="2762"
                          HPOS="447"
                          CONTENT="dictam"/>
                  <SP HEIGHT="59" WIDTH="19" VPOS="2762" HPOS="637"/>
                  <String HEIGHT="59"
                          WIDTH="209"
                          VPOS="2762"
                          HPOS="580"
                          CONTENT="propter"/>
                  <SP HEIGHT="59" WIDTH="19" VPOS="2762" HPOS="789"/>
                  <String HEIGHT="59"
                          WIDTH="190"
                          VPOS="2762"
                          HPOS="732"
                          CONTENT="eandem"/>
                  <SP HEIGHT="59" WIDTH="19" VPOS="2762" HPOS="922"/>
                  <String HEIGHT="59"
                          WIDTH="228"
                          VPOS="2762"
                          HPOS="865"
                          CONTENT="rationem"/>
                  <SP HEIGHT="59" WIDTH="19" VPOS="2762" HPOS="1092"/>
                  <String HEIGHT="59"
                          WIDTH="133"
                          VPOS="2762"
                          HPOS="1035"
                          CONTENT="qua"/>
                  <SP HEIGHT="59" WIDTH="19" VPOS="2762" HPOS="1168"/>
                  <String HEIGHT="59"
                          WIDTH="171"
                          VPOS="2762"
                          HPOS="1111"
                          CONTENT="primi"/>
                  <SP HEIGHT="59" WIDTH="19" VPOS="2762" HPOS="1282"/>
                  <String HEIGHT="59"
                          WIDTH="228"
                          VPOS="2762"
                          HPOS="1225"
                          CONTENT="doctores"/>
                  <SP HEIGHT="59" WIDTH="19" VPOS="2762" HPOS="1453"/>
                  <String HEIGHT="59"
                          WIDTH="171"
                          VPOS="2762"
                          HPOS="1396"
                          CONTENT="huius"/>
                  <SP HEIGHT="59" WIDTH="19" VPOS="2762" HPOS="1567"/>
                  <String HEIGHT="59"
                          WIDTH="247"
                          VPOS="2762"
                          HPOS="1510"
                          CONTENT="scientiae"/>
                  <SP HEIGHT="59" WIDTH="19" VPOS="2762" HPOS="1757"/>
                  <String HEIGHT="59"
                          WIDTH="209"
                          VPOS="2762"
                          HPOS="1681"
                          CONTENT="simplices"/>
               </TextLine>
               <TextLine ID="r1l50"
                         BASELINE="2878"
                         HEIGHT="65"
                         WIDTH="1745"
                         VPOS="2813"
                         HPOS="150">
                  <String HEIGHT="65"
                          WIDTH="134"
                          VPOS="2813"
                          HPOS="133"
                          CONTENT="esse"/>
                  <SP HEIGHT="65" WIDTH="17" VPOS="2813" HPOS="267"/>
                  <String HEIGHT="65"
                          WIDTH="201"
                          VPOS="2813"
                          HPOS="217"
                          CONTENT="debebant"/>
                  <SP HEIGHT="65" WIDTH="17" VPOS="2813" HPOS="418"/>
                  <String HEIGHT="65"
                          WIDTH="117"
                          VPOS="2813"
                          HPOS="368"
                          CONTENT="non"/>
                  <SP HEIGHT="65" WIDTH="17" VPOS="2813" HPOS="486"/>
                  <String HEIGHT="65"
                          WIDTH="235"
                          VPOS="2813"
                          HPOS="435"
                          CONTENT="illustrati"/>
                  <SP HEIGHT="65" WIDTH="17" VPOS="2813" HPOS="670"/>
                  <String HEIGHT="65"
                          WIDTH="235"
                          VPOS="2813"
                          HPOS="620"
                          CONTENT="rationibus"/>
                  <SP HEIGHT="65" WIDTH="17" VPOS="2813" HPOS="855"/>
                  <String HEIGHT="65"
                          WIDTH="185"
                          VPOS="2813"
                          HPOS="804"
                          CONTENT="humanae"/>
                  <SP HEIGHT="65" WIDTH="17" VPOS="2813" HPOS="989"/>
                  <String HEIGHT="65"
                          WIDTH="252"
                          VPOS="2813"
                          HPOS="939"
                          CONTENT="sapientiae,"/>
                  <SP HEIGHT="65" WIDTH="17" VPOS="2813" HPOS="1190"/>
                  <String HEIGHT="65"
                          WIDTH="101"
                          VPOS="2813"
                          HPOS="1140"
                          CONTENT="vt"/>
                  <SP HEIGHT="65" WIDTH="17" VPOS="2813" HPOS="1241"/>
                  <String HEIGHT="65"
                          WIDTH="101"
                          VPOS="2813"
                          HPOS="1190"
                          CONTENT="in"/>
                  <SP HEIGHT="65" WIDTH="17" VPOS="2813" HPOS="1291"/>
                  <String HEIGHT="65"
                          WIDTH="117"
                          VPOS="2813"
                          HPOS="1241"
                          CONTENT="eis"/>
                  <SP HEIGHT="65" WIDTH="17" VPOS="2813" HPOS="1358"/>
                  <String HEIGHT="65"
                          WIDTH="151"
                          VPOS="2813"
                          HPOS="1308"
                          CONTENT="magis"/>
                  <SP HEIGHT="65" WIDTH="17" VPOS="2813" HPOS="1459"/>
                  <String HEIGHT="65"
                          WIDTH="268"
                          VPOS="2813"
                          HPOS="1408"
                          CONTENT="illucesceret"/>
                  <SP HEIGHT="65" WIDTH="17" VPOS="2813" HPOS="1677"/>
                  <String HEIGHT="65"
                          WIDTH="168"
                          VPOS="2813"
                          HPOS="1627"
                          CONTENT="diuina"/>
                  <SP HEIGHT="65" WIDTH="17" VPOS="2813" HPOS="1794"/>
                  <String HEIGHT="65"
                          WIDTH="168"
                          VPOS="2813"
                          HPOS="1727"
                          CONTENT="auctori"
                          SUBS_TYPE="HypPart1"
                          SUBS_CONTENT="auctoritas,"/>
                  <HYP CONTENT="-"/>
               </TextLine>
               <TextLine ID="r1l51"
                         BASELINE="2939"
                         HEIGHT="73"
                         WIDTH="1744"
                         VPOS="2866"
                         HPOS="139">
                  <String HEIGHT="73"
                          WIDTH="148"
                          VPOS="2866"
                          HPOS="120"
                          CONTENT="tas,"
                          SUBS_TYPE="HypPart2"
                          SUBS_CONTENT="auctoritas,"/>
                  <SP HEIGHT="73" WIDTH="19" VPOS="2866" HPOS="269"/>
                  <String HEIGHT="73"
                          WIDTH="167"
                          VPOS="2866"
                          HPOS="213"
                          CONTENT="eadem"/>
                  <SP HEIGHT="73" WIDTH="19" VPOS="2866" HPOS="380"/>
                  <String HEIGHT="73"
                          WIDTH="204"
                          VPOS="2866"
                          HPOS="325"
                          CONTENT="ratione"/>
                  <SP HEIGHT="73" WIDTH="19" VPOS="2866" HPOS="529"/>
                  <String HEIGHT="73"
                          WIDTH="186"
                          VPOS="2866"
                          HPOS="473"
                          CONTENT="omnino"/>
                  <SP HEIGHT="73" WIDTH="19" VPOS="2866" HPOS="658"/>
                  <String HEIGHT="73"
                          WIDTH="167"
                          VPOS="2866"
                          HPOS="603"
                          CONTENT="debet"/>
                  <SP HEIGHT="73" WIDTH="19" VPOS="2866" HPOS="770"/>
                  <String HEIGHT="73"
                          WIDTH="148"
                          VPOS="2866"
                          HPOS="714"
                          CONTENT="ista"/>
                  <SP HEIGHT="73" WIDTH="19" VPOS="2866" HPOS="863"/>
                  <String HEIGHT="73"
                          WIDTH="223"
                          VPOS="2866"
                          HPOS="807"
                          CONTENT="scientia"/>
                  <SP HEIGHT="73" WIDTH="19" VPOS="2866" HPOS="1030"/>
                  <String HEIGHT="73"
                          WIDTH="167"
                          VPOS="2866"
                          HPOS="974"
                          CONTENT="tradi"/>
                  <SP HEIGHT="73" WIDTH="19" VPOS="2866" HPOS="1141"/>
                  <String HEIGHT="73"
                          WIDTH="148"
                          VPOS="2866"
                          HPOS="1085"
                          CONTENT="modo"/>
                  <SP HEIGHT="73" WIDTH="19" VPOS="2866" HPOS="1234"/>
                  <String HEIGHT="73"
                          WIDTH="223"
                          VPOS="2866"
                          HPOS="1178"
                          CONTENT="simplici"/>
                  <SP HEIGHT="73" WIDTH="19" VPOS="2866" HPOS="1401"/>
                  <String HEIGHT="73"
                          WIDTH="148"
                          VPOS="2866"
                          HPOS="1345"
                          CONTENT="sine"/>
                  <SP HEIGHT="73" WIDTH="19" VPOS="2866" HPOS="1493"/>
                  <String HEIGHT="73"
                          WIDTH="223"
                          VPOS="2866"
                          HPOS="1438"
                          CONTENT="rationum"/>
                  <SP HEIGHT="73" WIDTH="19" VPOS="2866" HPOS="1660"/>
                  <String HEIGHT="73"
                          WIDTH="278"
                          VPOS="2866"
                          HPOS="1605"
                          CONTENT="connexione,"/>
                  <SP HEIGHT="73" WIDTH="19" VPOS="2866" HPOS="1883"/>
                  <String HEIGHT="73" WIDTH="74" VPOS="2866" HPOS="1809" CONTENT="vt"/>
               </TextLine>
               <TextLine ID="r1l52"
                         BASELINE="2980"
                         HEIGHT="69"
                         WIDTH="1743"
                         VPOS="2911"
                         HPOS="148">
                  <String HEIGHT="69"
                          WIDTH="120"
                          VPOS="2911"
                          HPOS="131"
                          CONTENT="non"/>
                  <SP HEIGHT="69" WIDTH="17" VPOS="2911" HPOS="251"/>
                  <String HEIGHT="69"
                          WIDTH="171"
                          VPOS="2911"
                          HPOS="199"
                          CONTENT="humana"/>
                  <SP HEIGHT="69" WIDTH="17" VPOS="2911" HPOS="370"/>
                  <String HEIGHT="69"
                          WIDTH="239"
                          VPOS="2911"
                          HPOS="319"
                          CONTENT="industria:"/>
                  <SP HEIGHT="69" WIDTH="17" VPOS="2911" HPOS="558"/>
                  <String HEIGHT="69"
                          WIDTH="120"
                          VPOS="2911"
                          HPOS="507"
                          CONTENT="sed"/>
                  <SP HEIGHT="69" WIDTH="17" VPOS="2911" HPOS="626"/>
                  <String HEIGHT="69"
                          WIDTH="171"
                          VPOS="2911"
                          HPOS="575"
                          CONTENT="diuina"/>
                  <SP HEIGHT="69" WIDTH="17" VPOS="2911" HPOS="746"/>
                  <String HEIGHT="69"
                          WIDTH="256"
                          VPOS="2911"
                          HPOS="695"
                          CONTENT="auctoritate"/>
                  <SP HEIGHT="69" WIDTH="17" VPOS="2911" HPOS="951"/>
                  <String HEIGHT="69"
                          WIDTH="273"
                          VPOS="2911"
                          HPOS="900"
                          CONTENT="intelligatur"/>
                  <SP HEIGHT="69" WIDTH="17" VPOS="2911" HPOS="1173"/>
                  <String HEIGHT="69"
                          WIDTH="171"
                          VPOS="2911"
                          HPOS="1122"
                          CONTENT="edita."/>
                  <SP HEIGHT="69" WIDTH="17" VPOS="2911" HPOS="1293"/>
                  <String HEIGHT="69"
                          WIDTH="205"
                          VPOS="2911"
                          HPOS="1242"
                          CONTENT="secundum"/>
                  <SP HEIGHT="69" WIDTH="17" VPOS="2911" HPOS="1447"/>
                  <String HEIGHT="69"
                          WIDTH="137"
                          VPOS="2911"
                          HPOS="1395"
                          CONTENT="quod"/>
                  <SP HEIGHT="69" WIDTH="17" VPOS="2911" HPOS="1532"/>
                  <String HEIGHT="69"
                          WIDTH="154"
                          VPOS="2911"
                          HPOS="1481"
                          CONTENT="dicit"/>
                  <SP HEIGHT="69" WIDTH="17" VPOS="2911" HPOS="1635"/>
                  <String HEIGHT="69"
                          WIDTH="239"
                          VPOS="2911"
                          HPOS="1583"
                          CONTENT="Augustinus"/>
                  <SP HEIGHT="69" WIDTH="17" VPOS="2911" HPOS="1823"/>
                  <String HEIGHT="69"
                          WIDTH="137"
                          VPOS="2911"
                          HPOS="1754"
                          CONTENT="xviii."/>
               </TextLine>
               <TextLine ID="r1l53"
                         BASELINE="3043"
                         HEIGHT="71"
                         WIDTH="1751"
                         VPOS="2972"
                         HPOS="147">
                  <String HEIGHT="71" WIDTH="105" VPOS="2972" HPOS="129" CONTENT="de"/>
                  <SP HEIGHT="71" WIDTH="18" VPOS="2972" HPOS="235"/>
                  <String HEIGHT="71"
                          WIDTH="158"
                          VPOS="2972"
                          HPOS="182"
                          CONTENT="ciui."/>
                  <SP HEIGHT="71" WIDTH="18" VPOS="2972" HPOS="340"/>
                  <String HEIGHT="71"
                          WIDTH="140"
                          VPOS="2972"
                          HPOS="287"
                          CONTENT="dei."/>
                  <SP HEIGHT="71" WIDTH="18" VPOS="2972" HPOS="427"/>
                  <String HEIGHT="71"
                          WIDTH="140"
                          VPOS="2972"
                          HPOS="375"
                          CONTENT="Quia"/>
                  <SP HEIGHT="71" WIDTH="18" VPOS="2972" HPOS="515"/>
                  <String HEIGHT="71" WIDTH="105" VPOS="2972" HPOS="462" CONTENT="ea"/>
                  <SP HEIGHT="71" WIDTH="18" VPOS="2972" HPOS="567"/>
                  <String HEIGHT="71"
                          WIDTH="140"
                          VPOS="2972"
                          HPOS="515"
                          CONTENT="quae"/>
                  <SP HEIGHT="71" WIDTH="18" VPOS="2972" HPOS="655"/>
                  <String HEIGHT="71"
                          WIDTH="140"
                          VPOS="2972"
                          HPOS="602"
                          CONTENT="sunt"/>
                  <SP HEIGHT="71" WIDTH="18" VPOS="2972" HPOS="742"/>
                  <String HEIGHT="71"
                          WIDTH="158"
                          VPOS="2972"
                          HPOS="690"
                          CONTENT="huius"/>
                  <SP HEIGHT="71" WIDTH="18" VPOS="2972" HPOS="847"/>
                  <String HEIGHT="71"
                          WIDTH="228"
                          VPOS="2972"
                          HPOS="795"
                          CONTENT="scientiae"/>
                  <SP HEIGHT="71" WIDTH="18" VPOS="2972" HPOS="1023"/>
                  <String HEIGHT="71"
                          WIDTH="193"
                          VPOS="2972"
                          HPOS="970"
                          CONTENT="diuinis"/>
                  <SP HEIGHT="71" WIDTH="18" VPOS="2972" HPOS="1163"/>
                  <String HEIGHT="71"
                          WIDTH="193"
                          VPOS="2972"
                          HPOS="1110"
                          CONTENT="vocibus"/>
                  <SP HEIGHT="71" WIDTH="18" VPOS="2972" HPOS="1303"/>
                  <String HEIGHT="71"
                          WIDTH="175"
                          VPOS="2972"
                          HPOS="1250"
                          CONTENT="populo"/>
                  <SP HEIGHT="71" WIDTH="18" VPOS="2972" HPOS="1425"/>
                  <String HEIGHT="71"
                          WIDTH="140"
                          VPOS="2972"
                          HPOS="1373"
                          CONTENT="sunt"/>
                  <SP HEIGHT="71" WIDTH="18" VPOS="2972" HPOS="1513"/>
                  <String HEIGHT="71"
                          WIDTH="263"
                          VPOS="2972"
                          HPOS="1460"
                          CONTENT="commendata,"/>
                  <SP HEIGHT="71" WIDTH="18" VPOS="2972" HPOS="1723"/>
                  <String HEIGHT="71"
                          WIDTH="123"
                          VPOS="2972"
                          HPOS="1670"
                          CONTENT="non"/>
                  <SP HEIGHT="71" WIDTH="18" VPOS="2972" HPOS="1793"/>
                  <String HEIGHT="71"
                          WIDTH="175"
                          VPOS="2972"
                          HPOS="1723"
                          CONTENT="argumen"
                          SUBS_TYPE="HypPart1"
                          SUBS_CONTENT="argumentationum"/>
                  <HYP CONTENT="-"/>
               </TextLine>
               <TextLine ID="r1l54"
                         BASELINE="3088"
                         HEIGHT="62"
                         WIDTH="1745"
                         VPOS="3026"
                         HPOS="156">
                  <String HEIGHT="62"
                          WIDTH="225"
                          VPOS="3026"
                          HPOS="137"
                          CONTENT="tationum"
                          SUBS_TYPE="HypPart2"
                          SUBS_CONTENT="argumentationum"/>
                  <SP HEIGHT="62" WIDTH="19" VPOS="3026" HPOS="362"/>
                  <String HEIGHT="62"
                          WIDTH="375"
                          VPOS="3026"
                          HPOS="306"
                          CONTENT="coniectationibus"/>
                  <SP HEIGHT="62" WIDTH="19" VPOS="3026" HPOS="681"/>
                  <String HEIGHT="62"
                          WIDTH="263"
                          VPOS="3026"
                          HPOS="625"
                          CONTENT="inculcata:"/>
                  <SP HEIGHT="62" WIDTH="19" VPOS="3026" HPOS="888"/>
                  <String HEIGHT="62" WIDTH="113" VPOS="3026" HPOS="831" CONTENT="vt"/>
                  <SP HEIGHT="62" WIDTH="19" VPOS="3026" HPOS="944"/>
                  <String HEIGHT="62"
                          WIDTH="131"
                          VPOS="3026"
                          HPOS="888"
                          CONTENT="non"/>
                  <SP HEIGHT="62" WIDTH="19" VPOS="3026" HPOS="1019"/>
                  <String HEIGHT="62"
                          WIDTH="206"
                          VPOS="3026"
                          HPOS="963"
                          CONTENT="hominis"/>
                  <SP HEIGHT="62" WIDTH="19" VPOS="3026" HPOS="1169"/>
                  <String HEIGHT="62"
                          WIDTH="244"
                          VPOS="3026"
                          HPOS="1113"
                          CONTENT="ingenium:"/>
                  <SP HEIGHT="62" WIDTH="19" VPOS="3026" HPOS="1357"/>
                  <String HEIGHT="62"
                          WIDTH="131"
                          VPOS="3026"
                          HPOS="1301"
                          CONTENT="sed"/>
                  <SP HEIGHT="62" WIDTH="19" VPOS="3026" HPOS="1432"/>
                  <String HEIGHT="62"
                          WIDTH="131"
                          VPOS="3026"
                          HPOS="1376"
                          CONTENT="dei"/>
                  <SP HEIGHT="62" WIDTH="19" VPOS="3026" HPOS="1507"/>
                  <String HEIGHT="62"
                          WIDTH="225"
                          VPOS="3026"
                          HPOS="1451"
                          CONTENT="eloquium"/>
                  <SP HEIGHT="62" WIDTH="19" VPOS="3026" HPOS="1676"/>
                  <String HEIGHT="62"
                          WIDTH="263"
                          VPOS="3026"
                          HPOS="1620"
                          CONTENT="contemnere"/>
                  <SP HEIGHT="62" WIDTH="19" VPOS="3026" HPOS="1882"/>
                  <String HEIGHT="62"
                          WIDTH="94"
                          VPOS="3026"
                          HPOS="1807"
                          CONTENT="for"/>
               </TextLine>
               <TextLine ID="r1l55"
                         BASELINE="3144"
                         HEIGHT="67"
                         WIDTH="1749"
                         VPOS="3077"
                         HPOS="150">
                  <String HEIGHT="67"
                          WIDTH="187"
                          VPOS="3077"
                          HPOS="133"
                          CONTENT="midaret"/>
                  <SP HEIGHT="67" WIDTH="17" VPOS="3077" HPOS="320"/>
                  <String HEIGHT="67"
                          WIDTH="119"
                          VPOS="3077"
                          HPOS="269"
                          CONTENT="qui"/>
                  <SP HEIGHT="67" WIDTH="17" VPOS="3077" HPOS="388"/>
                  <String HEIGHT="67"
                          WIDTH="153"
                          VPOS="3077"
                          HPOS="337"
                          CONTENT="illas"/>
                  <SP HEIGHT="67" WIDTH="17" VPOS="3077" HPOS="490"/>
                  <String HEIGHT="67"
                          WIDTH="272"
                          VPOS="3077"
                          HPOS="439"
                          CONTENT="cognosceret."/>
                  <SP HEIGHT="67" WIDTH="17" VPOS="3077" HPOS="710"/>
                  <String HEIGHT="67" WIDTH="102" VPOS="3077" HPOS="659" CONTENT="Et"/>
                  <SP HEIGHT="67" WIDTH="17" VPOS="3077" HPOS="761"/>
                  <String HEIGHT="67"
                          WIDTH="153"
                          VPOS="3077"
                          HPOS="710"
                          CONTENT="super"/>
                  <SP HEIGHT="67" WIDTH="17" VPOS="3077" HPOS="863"/>
                  <String HEIGHT="67"
                          WIDTH="170"
                          VPOS="3077"
                          HPOS="812"
                          CONTENT="illud."/>
                  <SP HEIGHT="67" WIDTH="17" VPOS="3077" HPOS="982"/>
                  <String HEIGHT="67" WIDTH="102" VPOS="3077" HPOS="931" CONTENT="i."/>
                  <SP HEIGHT="67" WIDTH="17" VPOS="3077" HPOS="1033"/>
                  <String HEIGHT="67"
                          WIDTH="170"
                          VPOS="3077"
                          HPOS="982"
                          CONTENT="Petri."/>
                  <SP HEIGHT="67" WIDTH="17" VPOS="3077" HPOS="1152"/>
                  <String HEIGHT="67"
                          WIDTH="119"
                          VPOS="3077"
                          HPOS="1101"
                          CONTENT="ii."/>
                  <SP HEIGHT="67" WIDTH="17" VPOS="3077" HPOS="1220"/>
                  <String HEIGHT="67"
                          WIDTH="119"
                          VPOS="3077"
                          HPOS="1169"
                          CONTENT="Non"/>
                  <SP HEIGHT="67" WIDTH="17" VPOS="3077" HPOS="1288"/>
                  <String HEIGHT="67"
                          WIDTH="221"
                          VPOS="3077"
                          HPOS="1237"
                          CONTENT="voluntate"/>
                  <SP HEIGHT="67" WIDTH="17" VPOS="3077" HPOS="1458"/>
                  <String HEIGHT="67"
                          WIDTH="170"
                          VPOS="3077"
                          HPOS="1407"
                          CONTENT="humana"/>
                  <SP HEIGHT="67" WIDTH="17" VPOS="3077" HPOS="1576"/>
                  <String HEIGHT="67"
                          WIDTH="170"
                          VPOS="3077"
                          HPOS="1525"
                          CONTENT="allata"/>
                  <SP HEIGHT="67" WIDTH="17" VPOS="3077" HPOS="1695"/>
                  <String HEIGHT="67"
                          WIDTH="119"
                          VPOS="3077"
                          HPOS="1644"
                          CONTENT="est"/>
                  <SP HEIGHT="67" WIDTH="17" VPOS="3077" HPOS="1763"/>
                  <String HEIGHT="67"
                          WIDTH="221"
                          VPOS="3077"
                          HPOS="1712"
                          CONTENT="aliquando"/>
                  <SP HEIGHT="67" WIDTH="17" VPOS="3077" HPOS="1933"/>
                  <String HEIGHT="67" WIDTH="34" VPOS="3077" HPOS="1865" CONTENT=""/>
               </TextLine>
               <TextLine ID="r1l56"
                         BASELINE="3202"
                         HEIGHT="70"
                         WIDTH="1760"
                         VPOS="3132"
                         HPOS="146">
                  <String HEIGHT="70"
                          WIDTH="237"
                          VPOS="3132"
                          HPOS="129"
                          CONTENT="prophetia."/>
                  <SP HEIGHT="70" WIDTH="17" VPOS="3132" HPOS="366"/>
                  <String HEIGHT="70"
                          WIDTH="152"
                          VPOS="3132"
                          HPOS="315"
                          CONTENT="dicit"/>
                  <SP HEIGHT="70" WIDTH="17" VPOS="3132" HPOS="468"/>
                  <String HEIGHT="70"
                          WIDTH="152"
                          VPOS="3132"
                          HPOS="417"
                          CONTENT="Glos."/>
                  <SP HEIGHT="70" WIDTH="17" VPOS="3132" HPOS="569"/>
                  <String HEIGHT="70"
                          WIDTH="220"
                          VPOS="3132"
                          HPOS="518"
                          CONTENT="Attendite"/>
                  <SP HEIGHT="70" WIDTH="17" VPOS="3132" HPOS="738"/>
                  <String HEIGHT="70"
                          WIDTH="237"
                          VPOS="3132"
                          HPOS="688"
                          CONTENT="prophetico"/>
                  <SP HEIGHT="70" WIDTH="17" VPOS="3132" HPOS="924"/>
                  <String HEIGHT="70"
                          WIDTH="203"
                          VPOS="3132"
                          HPOS="874"
                          CONTENT="sermoni."/>
                  <SP HEIGHT="70" WIDTH="17" VPOS="3132" HPOS="1077"/>
                  <String HEIGHT="70"
                          WIDTH="118"
                          VPOS="3132"
                          HPOS="1026"
                          CONTENT="Nam"/>
                  <SP HEIGHT="70" WIDTH="17" VPOS="3132" HPOS="1144"/>
                  <String HEIGHT="70" WIDTH="85" VPOS="3132" HPOS="1094" CONTENT="a"/>
                  <SP HEIGHT="70" WIDTH="17" VPOS="3132" HPOS="1178"/>
                  <String HEIGHT="70"
                          WIDTH="118"
                          VPOS="3132"
                          HPOS="1128"
                          CONTENT="deo"/>
                  <SP HEIGHT="70" WIDTH="17" VPOS="3132" HPOS="1246"/>
                  <String HEIGHT="70"
                          WIDTH="135"
                          VPOS="3132"
                          HPOS="1195"
                          CONTENT="est."/>
                  <SP HEIGHT="70" WIDTH="17" VPOS="3132" HPOS="1331"/>
                  <String HEIGHT="70"
                          WIDTH="135"
                          VPOS="3132"
                          HPOS="1280"
                          CONTENT="Quod"/>
                  <SP HEIGHT="70" WIDTH="17" VPOS="3132" HPOS="1415"/>
                  <String HEIGHT="70"
                          WIDTH="169"
                          VPOS="3132"
                          HPOS="1364"
                          CONTENT="potest"/>
                  <SP HEIGHT="70" WIDTH="17" VPOS="3132" HPOS="1534"/>
                  <String HEIGHT="70"
                          WIDTH="186"
                          VPOS="3132"
                          HPOS="1483"
                          CONTENT="probari"/>
                  <SP HEIGHT="70" WIDTH="17" VPOS="3132" HPOS="1669"/>
                  <String HEIGHT="70"
                          WIDTH="118"
                          VPOS="3132"
                          HPOS="1618"
                          CONTENT="per"/>
                  <SP HEIGHT="70" WIDTH="17" VPOS="3132" HPOS="1737"/>
                  <String HEIGHT="70"
                          WIDTH="118"
                          VPOS="3132"
                          HPOS="1686"
                          CONTENT="hoc"/>
                  <SP HEIGHT="70" WIDTH="17" VPOS="3132" HPOS="1804"/>
                  <String HEIGHT="70"
                          WIDTH="135"
                          VPOS="3132"
                          HPOS="1754"
                          CONTENT="quod"/>
                  <SP HEIGHT="70" WIDTH="17" VPOS="3132" HPOS="1889"/>
                  <String HEIGHT="70"
                          WIDTH="85"
                          VPOS="3132"
                          HPOS="1821"
                          CONTENT="pro"/>
               </TextLine>
               <TextLine ID="r1l57"
                         BASELINE="3269"
                         HEIGHT="90"
                         WIDTH="1744"
                         VPOS="3179"
                         HPOS="146">
                  <String HEIGHT="90"
                          WIDTH="169"
                          VPOS="3179"
                          HPOS="129"
                          CONTENT="phetia"/>
                  <SP HEIGHT="90" WIDTH="17" VPOS="3179" HPOS="298"/>
                  <String HEIGHT="90"
                          WIDTH="119"
                          VPOS="3179"
                          HPOS="248"
                          CONTENT="non"/>
                  <SP HEIGHT="90" WIDTH="17" VPOS="3179" HPOS="366"/>
                  <String HEIGHT="90"
                          WIDTH="119"
                          VPOS="3179"
                          HPOS="315"
                          CONTENT="est"/>
                  <SP HEIGHT="90" WIDTH="17" VPOS="3179" HPOS="434"/>
                  <String HEIGHT="90"
                          WIDTH="186"
                          VPOS="3179"
                          HPOS="383"
                          CONTENT="talibus"/>
                  <SP HEIGHT="90" WIDTH="17" VPOS="3179" HPOS="569"/>
                  <String HEIGHT="90"
                          WIDTH="169"
                          VPOS="3179"
                          HPOS="519"
                          CONTENT="verbis"/>
                  <SP HEIGHT="90" WIDTH="17" VPOS="3179" HPOS="688"/>
                  <String HEIGHT="90" WIDTH="85" VPOS="3179" HPOS="637" CONTENT="&amp;"/>
                  <SP HEIGHT="90" WIDTH="17" VPOS="3179" HPOS="722"/>
                  <String HEIGHT="90"
                          WIDTH="135"
                          VPOS="3179"
                          HPOS="671"
                          CONTENT="tali"/>
                  <SP HEIGHT="90" WIDTH="17" VPOS="3179" HPOS="806"/>
                  <String HEIGHT="90"
                          WIDTH="135"
                          VPOS="3179"
                          HPOS="756"
                          CONTENT="modo"/>
                  <SP HEIGHT="90" WIDTH="17" VPOS="3179" HPOS="891"/>
                  <String HEIGHT="90"
                          WIDTH="237"
                          VPOS="3179"
                          HPOS="840"
                          CONTENT="locutionis"/>
                  <SP HEIGHT="90" WIDTH="17" VPOS="3179" HPOS="1077"/>
                  <String HEIGHT="90"
                          WIDTH="186"
                          VPOS="3179"
                          HPOS="1026"
                          CONTENT="scripta"/>
                  <SP HEIGHT="90" WIDTH="17" VPOS="3179" HPOS="1213"/>
                  <String HEIGHT="90"
                          WIDTH="152"
                          VPOS="3179"
                          HPOS="1162"
                          CONTENT="quali"/>
                  <SP HEIGHT="90" WIDTH="17" VPOS="3179" HPOS="1314"/>
                  <String HEIGHT="90"
                          WIDTH="186"
                          VPOS="3179"
                          HPOS="1264"
                          CONTENT="vtuntur"/>
                  <SP HEIGHT="90" WIDTH="17" VPOS="3179" HPOS="1450"/>
                  <String HEIGHT="90"
                          WIDTH="186"
                          VPOS="3179"
                          HPOS="1399"
                          CONTENT="homines"/>
                  <SP HEIGHT="90" WIDTH="17" VPOS="3179" HPOS="1585"/>
                  <String HEIGHT="90"
                          WIDTH="220"
                          VPOS="3179"
                          HPOS="1534"
                          CONTENT="seculares"/>
                  <SP HEIGHT="90" WIDTH="17" VPOS="3179" HPOS="1755"/>
                  <String HEIGHT="90"
                          WIDTH="102"
                          VPOS="3179"
                          HPOS="1704"
                          CONTENT="in"/>
                  <SP HEIGHT="90" WIDTH="17" VPOS="3179" HPOS="1805"/>
                  <String HEIGHT="90"
                          WIDTH="152"
                          VPOS="3179"
                          HPOS="1738"
                          CONTENT="locutio"/>
               </TextLine>
            </TextBlock>
         </PrintSpace>
      </Page>
   </Layout>
</alto>
