2351 3766
446 260 246 103 testamentum
642 260 115 103 non
708 260 180 103 fuisset
839 260 148 103 datum
937 260 131 103 nisi
1019 260 98 103 in
1068 260 131 103 onus
1150 260 82 103 &
1183 260 279 103 obseruantiam,
1413 260 131 103 bene
1495 260 148 103 verum
1593 260 115 103 est
1658 260 131 103 quod
1740 260 115 103 cum
1806 260 197 103 venisset
1953 260 148 103 nouum
2052 260 180 103 cessare
2166 260 66 103 de

460 343 140 61 buit
547 343 140 61 eius
634 343 262 61 obseruantia
844 343 192 61 omnino,
983 343 87 61 &
1018 343 175 61 poiici
1140 343 244 61 debuisset,
1333 343 122 61 nec
1402 343 140 61 legi
1490 343 122 61 nec
1560 343 192 61 exponi.
1699 343 87 61 â‹
1734 343 157 61 Quare
1839 343 122 61 cum
1909 343 122 61 non
1979 343 157 61 solum
2083 343 105 61 in
2118 343 105 61 onus

466 398 132 50 fuit
548 398 165 50 datum,
663 398 115 50 sed
729 398 99 50 in
779 398 231 50 prophetiam
960 398 148 50 eorum
1059 398 132 50 quae
1142 398 247 50 continentur
1340 398 99 50 in
1389 398 132 50 nouo
1471 398 165 50 testa.
1587 398 198 50 Dicendum
1735 398 165 50 igitur
1851 398 198 50 absolute
1999 398 132 50 quod
2082 398 148 50 vetus
2164 398 66 50 te

469 446 219 68 stamentum
637 446 151 68 debet
738 446 168 68 exponi
856 446 101 68 vt
906 446 151 68 maior
1007 446 151 68 fides
1108 446 235 68 adhibeatur
1293 446 168 68 dictis
1410 446 101 68 in
1461 446 134 68 nouo
1545 446 134 68 tes.
1629 446 84 68 &
1663 446 101 68 vt
1713 446 252 68 cognoscatur
1915 446 151 68 nouum
2016 446 101 68 in
2066 446 134 68 illo
2133 446 101 68 fuis

467 500 100 64 se
517 500 301 64 praenunciatum.
769 500 134 64 Vnde
852 500 167 64 beatus
969 500 167 64 Petrus
1087 500 117 64 cum
1154 500 251 64 ostendisset
1355 500 167 64 multis
1472 500 167 64 signis
1589 500 268 64 certitudinem
1806 500 218 64 doctrinae
1974 500 117 64 no.
2041 500 134 64 tes.
2108 500 117 64 adiun

457 555 113 70 xit
522 555 178 70 dicens,
651 555 97 70 Et
700 555 178 70 habemus
829 555 211 70 firmiorem
992 555 243 70 propheticum
1186 555 211 70 sermonem.
1348 555 113 70 vbi
1413 555 146 70 dicit
1510 555 146 70 Glos.
1607 555 130 70 Quod
1688 555 113 70 ego
1753 555 130 70 dixi
1834 555 146 70 vobis
1931 555 113 70 non
1996 555 113 70 est
2045 555 178 70 fabulosum

457 604 113 74 sed
522 604 162 74 certum
635 604 130 74 est,
716 604 81 74 &
748 604 113 74 non
813 604 162 74 tantum
927 604 113 74 his
992 604 162 74 signis
1105 604 243 74 declaratum,
1299 604 113 74 sed
1364 604 97 74 ad
1413 604 292 74 confirmationem
1656 604 178 74 nostrae
1786 604 292 74 praedicationis
2029 604 178 74 habemus
2142 604 81 74 pro

460 653 203 75 pheticum
612 653 220 75 sermonem.
781 653 101 75 Et
832 653 186 75 debemus
967 653 118 75 ibi
1035 653 118 75 pro
1102 653 186 75 sermone
1238 653 237 75 prophetico
1424 653 254 75 intelligere
1626 653 152 75 totum
1728 653 118 75 ve.
1795 653 135 75 tes.
1880 653 203 75 secundum
2032 653 135 75 quod
2100 653 118 75 dicit

449 727 218 60 Augustinus
620 727 93 60 in
667 727 109 60 li.
729 727 93 60 de
776 727 171 60 Catech.
900 727 124 60 Ante
978 727 187 60 aduentum
1118 727 155 60 domini
1227 727 171 60 scripta
1351 727 124 60 sunt
1429 727 140 60 omnia
1522 727 124 60 quae
1600 727 93 60 in
1647 727 171 60 sanctis
1771 727 218 60 scripturis
1942 727 187 60 legimus,
2082 727 93 60 vt
2113 727 109 60 illis

460 779 281 57 commendaretur
692 779 199 57 aduentus
841 779 215 57 Christin,
1006 779 83 57 &
1039 779 165 57 futura
1155 779 298 57 praesignaretur
1403 779 215 57 ecclesia.
1569 779 99 57 Et
1618 779 132 57 ideo
1701 779 99 57 vt
1751 779 165 57 dicit.
1867 779 149 57 iiii.
1966 779 165 57 contra
2065 779 149 57 Faustum

445 818 127 65 illa
524 818 174 65 veteris
651 818 127 65 tes.
730 818 95 65 ad
777 818 269 65 intelligendas
999 818 95 65 in
1046 818 111 65 eis
1110 818 111 65 no.
1173 818 127 65 tes.
1252 818 316 65 praenunciationes
1521 818 222 65 accipimus.
1695 818 174 65 veteris
1822 818 158 65 quidem
1932 818 253 65 testificatio
2122 818 111 65 fidem

459 873 135 70 nouo
544 873 236 70 conciliat.
729 873 135 70 ldem
814 873 152 70 super
915 873 118 70 Apo
982 873 135 70 ser.
1067 873 135 70 iii.
1151 873 152 70 Sicut
1252 873 169 70 animal
1370 873 169 70 volare
1489 873 118 70 non
1556 873 169 70 potest
1674 873 135 70 nisi
1759 873 169 70 pennas
1877 873 186 70 habeat:
2012 873 118 70 sic
2062 873 169 70 praedica

458 926 105 67 tio
518 926 105 67 no.
578 926 121 67 tes.
654 926 136 67 fidem
744 926 105 67 non
805 926 136 67 habet
895 926 121 67 nisi
970 926 151 67 habeat
1076 926 166 67 veteris
1196 926 121 67 tes.
1272 926 241 67 praenunciata
1468 926 226 67 testimonia.
1648 926 151 67 Semper
1754 926 121 67 enim
1829 926 121 67 quod
1905 926 121 67 ante
1980 926 151 67 dictum
2085 926 105 67 est
2131 926 90 67 futu

463 992 138 66 rum,
549 992 86 66 &
583 992 172 66 postea
704 992 172 66 factum
824 992 241 66 inuenitur,
1014 992 155 66 fidem
1117 992 155 66 facit
1220 992 310 66 indubitabilem.
1479 992 138 66 ltem
1565 992 155 66 glos.
1668 992 155 66 super
1771 992 155 66 illud
1875 992 138 66 Mat.
1961 992 155 66 xiii.
2064 992 121 66 Qui
2116 992 103 66 pro-

456 1035 138 66 fert
542 1035 104 66 de
594 1035 208 66 thesauro
750 1035 121 66 suo
819 1035 138 66 noua
906 1035 87 66 &
940 1035 190 66 vetera.
1079 1035 208 66 Apostoli
1235 1035 138 66 sunt
1321 1035 190 66 scribae
1459 1035 87 66 &
1494 1035 190 66 notarii
1633 1035 190 66 Christi
1771 1035 242 66 eiicientes
1961 1035 104 66 de
2013 1035 208 66 thelauro
2152 1035 69 66 do

457 1091 235 55 ctrinarum
637 1091 180 55 suarum
764 1091 144 55 noua
854 1091 90 55 &
890 1091 198 55 vetera,
1034 1091 144 55 quia
1124 1091 216 55 quicquid
1287 1091 108 55 in
1341 1091 235 55 euangelio
1521 1091 253 55 praedicant
1720 1091 162 55 legis
1828 1091 90 55 &
1864 1091 271 55 prophetarum
2063 1091 162 55 vocibus

457 1141 264 75 comprobant.
669 1141 141 75 Vnde
757 1141 88 75 &
792 1141 176 75 ludaei
915 1141 176 75 diuina
1039 1141 264 75 ordinatione
1250 1141 106 75 ad
1303 1141 123 75 hoc
1373 1141 123 75 per
1444 1141 229 75 vniuersum
1620 1141 176 75 mundum
1743 1141 194 75 dispesi
1884 1141 159 75 sunt,
1990 1141 88 75 &
2025 1141 106 75 ab
2060 1141 159 75 antiqua

451 1188 144 65 legis
547 1188 241 65 veneratione
740 1188 176 65 nunquam
868 1188 96 65 in
916 1188 144 65 ritum
1012 1188 192 65 alicuius
1157 1188 160 65 gentis
1269 1188 208 65 conuersi,
1429 1188 96 65 vt
1477 1188 160 65 vbique
1590 1188 112 65 per
1654 1188 160 65 ipsos,
1766 1188 160 65 libros
1878 1188 112 65 ve.
1942 1188 128 65 tes.
2023 1188 96 65 in
2055 1188 160 65 testimo-

459 1244 112 85 nium
529 1244 112 85 noui
599 1244 182 85 ostendere
740 1244 182 85 possemus.
880 1244 168 85 secundum
1006 1244 112 85 quod
1076 1244 154 85 dicitur
1189 1244 84 85 in
1231 1244 126 85 Psal.
1315 1244 140 85 liiii.
1413 1244 98 85 vbi
1469 1244 168 85 secundum
1596 1244 112 85 ant.
1666 1244 154 85 transt.
1778 1244 154 85 loqutur
1890 1244 168 85 propheta
2017 1244 84 85 de
2059 1244 168 85 ludaeis:
2171 1244 56 85 di

459 1301 143 75 cens.
554 1301 95 75 Ne
602 1301 174 75 occidas
729 1301 111 75 eos
792 1301 174 75 nequane
919 1301 269 75 obliuiscantur
1141 1301 143 75 legis
1236 1301 143 75 tuae:
1331 1301 190 75 disperge
1473 1301 143 75 illos
1568 1301 95 75 in
1616 1301 174 75 virtute
1743 1301 127 75 tua.
1822 1301 127 75 Quod
1901 1301 190 75 exponens
2028 1301 190 75 Augustinus

452 1352 92 59 in
498 1352 215 59 Epistitana
666 1352 153 59 quadam
774 1352 92 59 ad
820 1352 184 59 Paulinum
958 1352 138 59 dicit
1050 1352 123 59 sic.
1126 1352 245 59 Convenienter
1326 1352 123 59 mihi
1402 1352 169 59 videtur
1525 1352 199 59 intelligi
1678 1352 107 59 ita
1740 1352 123 59 esse
1816 1352 261 59 praenunciatum
2031 1352 153 59 eandem
2123 1352 92 59 gen-

462 1402 119 75 tem
530 1402 153 75 etiam
632 1402 237 75 debellatam
818 1402 153 75 atque
920 1402 220 75 subuersam
1089 1402 102 75 in
1140 1402 170 75 populi
1259 1402 203 75 victoris
1411 1402 339 75 superstitionibus
1700 1402 119 75 non
1767 1402 170 75 fuisse
1886 1402 220 75 cessuram,
2055 1402 119 75 sed
2123 1402 102 75 in
2157 1402 68 75 ve

455 1458 140 71 teri
543 1458 140 71 lege
631 1458 228 71 mansuram,
806 1458 105 71 vt
859 1458 140 71 apud
947 1458 123 71 eum
1017 1458 158 71 esset
1122 1458 263 71 testimonium
1333 1458 281 71 scripturarum
1561 1458 140 71 toto
1649 1458 140 71 orbe
1737 1458 228 71 terrarum,
1912 1458 140 71 vnde
2000 1458 211 71 ecclesia
2140 1458 88 71 fue

458 1514 127 75 rat
530 1514 235 75 euocanda.
711 1514 163 75 Nullo
820 1514 145 75 enim
911 1514 272 75 euidentiori
1128 1514 235 75 documento
1309 1514 254 75 ostenditur
1509 1514 217 75 gentibus
1672 1514 145 75 quid
1762 1514 91 75 &
1798 1514 272 75 saluberrime
1998 1514 217 75 aduertitur

457 1568 124 57 non
528 1568 248 57 inopinatum
723 1568 88 57 &
758 1568 248 57 repentinum
953 1568 195 57 aliquid
1094 1568 248 57 institutum
1289 1568 195 57 spiritu
1431 1568 319 57 praesumptionis
1696 1568 212 57 humanae,
1855 1568 106 57 vt
1908 1568 195 57 Christi
2050 1568 159 57 nomen
2156 1568 106 57 in

457 1622 113 64 spe
521 1622 177 64 salutis
650 1622 193 64 aeternae
795 1622 145 64 tanta
891 1622 241 64 auctoritate
1084 1622 257 64 praepolleat,
1294 1622 113 64 sed
1358 1622 129 64 olim
1439 1622 161 64 fuisse
1551 1622 241 64 prophetatum
1744 1622 145 64 atque
1841 1622 257 64 conscriptum.
2050 1622 80 64 &
2066 1622 161 64 sequitur

453 1673 135 72 post
538 1673 169 72 pauca.
656 1673 101 72 Si
706 1673 135 72 enim
791 1673 101 72 in
841 1673 118 72 vno
909 1673 135 72 loco
993 1673 169 72 essent
1111 1673 203 72 terrarum
1263 1673 118 72 non
1331 1673 236 72 adiuuarent
1516 1673 236 72 testimonio
1702 1673 304 72 praedicationem
1955 1673 219 72 euangelii
2124 1673 135 72 quae

456 1729 250 64 fructificat
656 1729 133 64 toto
740 1729 133 64 orbe
823 1729 217 64 terrarum.
990 1729 133 64 ldeo
1073 1729 133 64 ergo
1156 1729 200 64 disperge
1306 1729 150 64 illos
1406 1729 100 64 in
1456 1729 183 64 virtute
1590 1729 133 64 tua,
1673 1729 100 64 vt
1723 1729 133 64 eius
1806 1729 167 64 ipsius
1923 1729 150 64 cuius
2023 1729 183 64 fuerunt
2140 1729 83 64 ne-

468 1776 191 75 gatores,
611 1776 270 75 persecutores,
834 1776 286 75 interfectores,
1073 1776 159 75 vbique
1184 1776 127 75 sint
1264 1776 159 75 testes
1375 1776 111 75 per
1438 1776 143 75 ipsam
1534 1776 143 75 legen
1629 1776 127 75 quam
1709 1776 111 75 non
1773 1776 286 75 obliuiscuntur:
2011 1776 80 75 &
2043 1776 95 75 in
2091 1776 111 75 qua
2138 1776 80 75 il-

455 1839 95 63 le
503 1839 238 63 prophetatus
693 1839 111 63 est
757 1839 127 63 quem
836 1839 111 63 non
900 1839 222 63 sequuntur.
1075 1839 127 63 ldem
1154 1839 95 63 in
1202 1839 127 63 ser.
1281 1839 95 63 de
1329 1839 191 63 conceptu
1472 1839 191 63 Rebeccae
1615 1839 191 63 exponens
1758 1839 143 63 illud
1854 1839 111 63 Ge.
1917 1839 127 63 xxv.
1997 1839 143 63 Maior
2076 1839 143 63 seruiet

460 1888 183 57 minori.
593 1888 166 57 dicit.
710 1888 133 57 Haec
793 1888 116 57 qui
859 1888 233 57 diligenter
1042 1888 199 57 attendit
1192 1888 100 57 in
1241 1888 249 57 christianis
1441 1888 83 57 &
1474 1888 183 57 iudaeis
1607 1888 216 57 agnoscit.
1773 1888 150 57 Maior
1873 1888 116 57 eim
1939 1888 83 57 &
1973 1888 166 57 senior
2072 1888 150 57 populus

459 1943 245 68 ludaeorum:
651 1943 192 68 minori.
791 1943 105 68 i.
843 1943 175 68 populo
965 1943 245 68 christiano
1158 1943 192 68 seruire
1297 1943 227 68 probatur,
1472 1943 122 68 dum
1542 1943 122 68 per
1612 1943 157 68 totum
1717 1943 175 68 mundum
1839 1943 175 68 libros
1961 1943 192 68 diuinae
2084 1943 122 68 legis

462 1993 101 59 ad
513 1993 285 59 instructionem
748 1993 168 59 omnium
865 1993 185 59 portare
999 1993 201 59 cogitur.
1151 1993 134 59 ldeo
1234 1993 134 59 enim
1318 1993 118 59 per
1386 1993 151 59 omnem
1486 1993 168 59 terram
1604 1993 168 59 ludaei
1721 1993 134 59 sunt
1805 1993 218 59 dispersi,
1973 1993 101 59 vt
2024 1993 118 59 cum
2074 1993 151 59 aliquem

459 2050 195 65 paganum
601 2050 248 65 voluerimus
796 2050 231 65 inuitare,
974 2050 89 65 &
1009 2050 106 65 ab
1063 2050 195 65 omnibus
1205 2050 231 65 prophetis
1382 2050 160 65 ipsum
1488 2050 213 65 Christum
1648 2050 266 65 annunciatum
1861 2050 142 65 esse
1950 2050 231 65 testamur,
2127 2050 89 65 &
2145 2050 71 65 il

460 2099 95 72 le
508 2099 207 72 resistens
667 2099 175 72 dixerit
794 2099 79 72 a
826 2099 143 72 nobis
921 2099 159 72 potius
1032 2099 127 72 quam
1112 2099 79 72 a
1144 2099 175 72 spiritu
1271 2099 159 72 sancto
1382 2099 159 72 libros
1494 2099 175 72 diuinae
1621 2099 143 72 legis
1716 2099 127 72 esse
1796 2099 254 72 conscriptos,
2002 2099 111 72 nos
2050 2099 159 72 habeamus

458 2154 136 62 vnde
543 2154 119 62 eum
611 2154 238 62 redarguere
797 2154 153 62 certa
899 2154 187 62 ratione
1035 2154 221 62 possimus,
1205 2154 204 62 dicentes
1357 2154 119 62 ei:
1425 2154 102 62 de
1476 2154 187 62 nostris
1612 2154 170 62 libris
1731 2154 136 62 tibi
1816 2154 221 62 dubitatio
1985 2154 221 62 nascitur:
2138 2154 85 62 ec-

454 2208 94 55 ce
501 2208 204 55 ludaeorum
659 2208 157 55 libros
769 2208 157 55 vtique
879 2208 204 55 simicorum
1036 2208 220 55 nostrorum:
1209 2208 126 55 quos
1287 2208 157 55 certum
1398 2208 110 55 est
1460 2208 126 55 quod
1539 2208 110 55 ego
1602 2208 236 55 conscribere
1791 2208 79 55 &
1822 2208 189 55 immutare
1963 2208 110 55 non
2026 2208 157 55 potui:
2121 2208 94 55 ipse

457 2263 193 75 relege,
598 2263 88 75 &
633 2263 123 75 cum
703 2263 175 75 ipsis:
826 2263 88 75 &
861 2263 140 75 noli
948 2263 140 75 esse
1036 2263 245 75 incredulus
1229 2263 123 75 sed
1299 2263 210 75 fidelis.
1456 2263 123 75 Hoc
1527 2263 175 75 ordine
1649 2263 158 75 maior
1754 2263 193 75 populus
1895 2263 175 75 minori
2017 2263 193 75 seruire
2140 2263 70 75 co

472 2314 169 65 gitur,
590 2314 118 65 cum
658 2314 152 65 etiam
759 2314 118 65 per
826 2314 185 65 illorum
961 2314 169 65 libror
1079 2314 101 65 ad
1130 2314 219 65 credendum
1298 2314 101 65 in
1349 2314 185 65 Christo
1484 2314 185 65 gentium
1619 2314 185 65 populus
1737 2314 202 65 inuitatur.

481 2353 104 81 â‹
523 2353 125 81 Ad
585 2353 209 81 primum
732 2353 125 81 in
794 2353 292 81 oppositum,
1024 2353 167 81 quod
1128 2353 146 81 ve.
1211 2353 167 81 tes,
1316 2353 146 81 nec
1399 2353 146 81 est
1483 2353 250 81 legendum
1670 2353 188 81 neque
1796 2353 292 81 exponendum
2025 2353 167 81 quia
2109 2353 104 81 non

460 2434 107 65 est
521 2434 213 65 seruandum:
688 2434 183 65 dicendum
825 2434 183 65 secundum
963 2434 107 65 iam
1024 2434 137 65 dicta
1115 2434 122 65 quod
1191 2434 137 65 verum
1283 2434 137 65 esset
1374 2434 91 65 si
1420 2434 107 65 non
1481 2434 137 65 esset
1572 2434 183 65 legendum
1709 2434 122 65 nisi
1785 2434 91 65 ad
1831 2434 244 65 obseruandum:
2029 2434 137 65 sicut
2105 2434 107 65 secun

450 2494 116 66 dum
517 2494 248 66 Philosophum
715 2494 166 66 aliter
831 2494 182 66 moralis
964 2494 248 66 philosophia
1162 2494 116 66 non
1229 2494 116 66 est
1295 2494 182 66 legenda
1427 2494 132 66 nisi
1510 2494 199 66 scilicet
1659 2494 99 66 vt
1709 2494 99 66 in
1758 2494 149 66 opere
1858 2494 248 66 obseruentur
2056 2494 132 66 quae
2139 2494 116 66 di-

448 2555 154 53 ctat.
550 2555 119 53 Non
619 2555 137 53 enim
704 2555 119 53 est
772 2555 102 53 vt
823 2555 205 53 sciamus,
977 2555 119 53 sed
1045 2555 102 53 vt
1097 2555 137 53 boni
1182 2555 188 53 fiamus.
1318 2555 137 53 Nunc
1404 2555 154 53 autem
1506 2555 205 53 legendum
1660 2555 119 53 est
1728 2555 154 53 etiam
1830 2555 102 53 vt
1882 2555 239 53 prophetata
2069 2555 85 53 &
2087 2555 119 53 prae-

442 2586 204 79 nunciata
595 2586 119 79 per
663 2586 153 79 ipsum
765 2586 102 79 ea
816 2586 136 79 quae
901 2586 136 79 sunt
986 2586 119 79 no.
1054 2586 136 79 tes.
1139 2586 272 79 cognoscamus.
1361 2586 136 79 Vnde
1446 2586 153 79 Augu.
1548 2586 119 79 li.
1616 2586 119 79 vi.
1684 2586 170 79 contra
1803 2586 187 79 Faustum
1939 2586 204 79 exponens
2092 2586 153 79 illud

458 2646 123 59 Apo.
535 2646 123 59 Haec
612 2646 123 59 enim
689 2646 139 59 illis
782 2646 93 59 in
828 2646 154 59 figura
936 2646 154 59 nostri
1044 2646 247 59 contigerunt:
1244 2646 170 59 scripta
1368 2646 139 59 autem
1460 2646 123 59 sunt
1538 2646 170 59 propter
1661 2646 123 59 nos.
1738 2646 139 59 dicit
1831 2646 123 59 sic.
1908 2646 108 59 Cum
1970 2646 154 59 dixit,
2062 2646 139 59 Scripta

448 2700 141 62 sunt
536 2700 194 62 propter
677 2700 141 62 nos:
765 2700 264 62 proculdubio
977 2700 247 62 demonstrat
1171 2700 176 62 quanta
1294 2700 159 62 nobis
1400 2700 141 62 cura
1488 2700 194 62 legenda
1629 2700 88 62 &
1664 2700 299 62 intelligenda,
1911 2700 88 62 &
1946 2700 106 62 in
1999 2700 176 62 quanta
2122 2700 123 62 au-

446 2752 221 62 ctoritate
616 2752 187 62 habenda
752 2752 153 62 sunt.
854 2752 136 62 Quia
939 2752 136 62 vero
1024 2752 170 62 dixit,
1143 2752 170 62 Eigura
1262 2752 170 62 nostri
1382 2752 204 62 fuerunt,
1535 2752 85 62 &
1569 2752 102 62 in
1620 2752 170 62 figura
1739 2752 153 62 illis
1841 2752 272 62 contigerunt:
2045 2752 170 62 ostendit

456 2807 115 59 iam
521 2807 132 59 opus
604 2807 115 59 non
670 2807 148 59 esse,
769 2807 99 59 vt
818 2807 115 59 cum
884 2807 115 59 res
950 2807 148 59 ipsas
1049 2807 264 59 manifestatas
1263 2807 165 59 agimus
1378 2807 214 59 figurarum
1543 2807 313 59 praenunciatarum
1807 2807 264 59 celebrationi
2004 2807 198 59 seruiamus.

475 2856 135 63 Vnde
560 2856 219 63 scriptura
728 2856 135 63 ipsa
813 2856 135 63 tunc
897 2856 135 63 erat
982 2856 253 63 praeceptum:
1184 2856 135 63 nunc
1269 2856 270 63 testimonium:
1488 2856 135 63 tunc
1572 2856 203 63 agebatur
1724 2856 118 63 sub
1792 2856 219 63 praecepto
1961 2856 219 63 figurato:
2113 2856 101 63 nunc

461 2914 188 68 legitur
597 2914 102 68 in
648 2914 239 68 testimonio
836 2914 222 68 reuelato,
1007 2914 153 68 illud
1109 2914 136 68 erat
1194 2914 170 68 tempus
1313 2914 290 68 significandi,
1552 2914 136 68 nunc
1637 2914 290 68 manifestandi,
1876 2914 136 68 tunc
1961 2914 136 68 fuit
2047 2914 136 68 illa
2115 2914 102 68 scri

451 2964 160 73 ptura
558 2964 213 73 exactrix
718 2964 178 73 operum
842 2964 338 73 significantium:
1126 2964 142 73 nunc
1215 2964 178 73 testis
1340 2964 124 73 est
1411 2964 160 73 rerum
1517 2964 338 73 significatarum,
1801 2964 142 73 quae
1890 2964 89 73 &
1926 2964 142 73 tunc
1997 2964 213 73 seruabatur

454 3024 104 63 ad
506 3024 365 63 praenunciationem,
819 3024 139 63 nunc
906 3024 226 63 recitatur
1080 3024 104 63 ad
1132 3024 330 63 confirmationem.
1410 3024 104 63 Ex
1462 3024 122 63 quo
1532 3024 243 63 instruitur
1723 3024 209 63 quilibet
1880 3024 174 63 doctor
1984 3024 226 63 christianus

457 3070 92 61 vt
503 3070 92 61 in
549 3070 230 61 expositione
733 3070 107 61 ve.
794 3070 123 61 tes.
871 3070 261 61 principaliter
1085 3070 184 61 mysticae
1223 3070 230 61 expositioni
1408 3070 199 61 intendat.
1561 3070 215 61 historicus
1730 3070 138 61 autem
1822 3070 153 61 sensus
1929 3070 169 61 ludaeis
2052 3070 123 61 erat
2128 3070 107 61 pro

444 3125 161 62 prius.
557 3125 193 62 secundum
702 3125 129 62 quod
782 3125 145 62 dicit
879 3125 145 62 Orig.
975 3125 145 62 super
1072 3125 113 62 Ge.
1136 3125 177 62 loquens
1265 3125 97 62 de
1313 3125 161 62 litera
1426 3125 113 62 ve.
1491 3125 113 62 te.
1555 3125 97 62 in
1603 3125 113 62 Ho.
1668 3125 97 62 v.
1716 3125 97 62 Si
1764 3125 129 62 quis
1845 3125 129 62 haec
1925 3125 193 62 secundum
2054 3125 145 62 literam

450 3181 141 90 solum
545 3181 157 90 audire
655 3181 126 90 vult
733 3181 79 90 &
765 3181 251 90 intelligere,
969 3181 141 90 magis
1063 3181 110 90 cum
1126 3181 173 90 iudaeis
1252 3181 126 90 quam
1331 3181 110 90 cum
1393 3181 236 90 christianis
1582 3181 141 90 debet
1676 3181 157 90 habere
1786 3181 236 90 auditorium.
1975 3181 94 90 Si
2022 3181 126 90 quis
2085 3181 110 90 autem
