2353 3752
100 279 139 93 vult
186 279 139 93 esse
273 279 260 93 christianus
482 279 87 93 &
516 279 156 93 Pauli
621 279 260 93 discipulus,
829 279 174 93 audiat
951 279 122 93 eum
1020 279 208 93 dicentem
1176 279 139 93 quod
1263 279 122 93 lex
1333 279 278 93 spiritualis:
1558 279 87 93 &
1593 279 156 93 orare
1697 279 156 93 debet
1802 279 104 93 ad

95 362 189 71 dominum
233 362 103 71 vt
284 362 138 71 ipse
370 362 189 71 auferat
508 362 189 71 velamen
646 362 207 71 literae,
801 362 86 71 &
835 362 189 71 aperiat
973 362 155 71 lucem
1076 362 224 71 spiritus.
1248 362 86 71 â‹
1283 362 172 71 Aliter
1403 362 172 71 igitur
1524 362 172 71 potest
1644 362 138 71 dici
1730 362 103 71 ad
1765 362 103 71 argu

100 422 186 65 mentum:
235 422 135 65 quod
320 422 152 65 licet
421 422 152 65 illud
523 422 254 65 testamentum
726 422 118 65 non
793 422 118 65 sit
861 422 135 65 modo
945 422 220 65 seruandum
1114 422 254 65 literaliter
1317 422 152 65 sicut
1419 422 152 65 tunc,
1520 422 118 65 est
1588 422 152 65 tamen
1672 422 186 65 seruandum

103 470 332 63 spiritualiter.
379 470 92 63 &
416 470 148 63 ideo
509 470 166 63 multo
619 470 277 63 diligentius
841 470 129 63 est
915 470 148 63 nunc
1007 470 221 63 legendum
1173 470 92 63 &
1210 470 258 63 exponendum
1413 470 111 63 vt
1468 470 314 63 intelligatur:
1727 470 166 63 quan-

96 519 96 74 to
144 519 239 74 difficilius
335 519 111 74 est
399 519 96 74 ex
446 519 127 74 ipso
526 519 127 74 nunc
606 519 223 74 cognoscere
781 519 127 74 quae
861 519 127 74 sunt
940 519 159 74 agenda
1052 519 271 74 spiritualiter
1275 519 191 74 secundum
1418 519 159 74 ipsum,
1530 519 127 74 quam
1609 519 127 74 erat
1689 519 127 74 tunc
1768 519 127 74 quae

101 572 159 70 agenda
212 572 143 70 erant
307 572 254 70 literaliter.
514 572 95 70 Et
561 572 111 70 hoc
625 572 111 70 est
688 572 127 70 quod
767 572 143 70 dicit
863 572 222 70 Augustinus
1037 572 95 70 in
1085 572 143 70 libro
1180 572 159 70 contra
1291 572 238 70 Adimantium.
1481 572 159 70 ltaque
1592 572 175 70 ablatae
1719 572 127 70 sunt
1783 572 79 70 ser

98 630 149 66 uiles
198 630 297 66 obseruationes:
445 630 116 66 sed
511 630 149 66 earum
610 630 330 66 interprstationes
891 630 215 66 tenentur.
1056 630 198 66 Quicquid
1205 630 132 66 enim
1288 630 182 66 futuram
1420 630 215 66 ecclesiam
1585 630 264 66 significabat
1783 630 66 66 pr

96 684 169 65 phetia
215 684 135 65 est.
299 684 152 65 Habes
401 684 152 65 autem
502 684 220 65 apostolum
672 684 220 65 dicentem.
841 684 203 65 Spiritum
994 684 169 65 nolite
1112 684 237 65 extiguere:
1298 684 237 65 prophetias
1485 684 169 65 nolite
1603 684 220 65 spernere:
1755 684 119 65 omnia

90 738 188 63 legite:
226 738 136 63 quae
312 738 136 63 bona
397 738 136 63 sunt
482 738 188 63 tenete.
618 738 188 63 Legenda
755 738 119 63 est
823 738 136 63 ergo
908 738 222 63 scriptura
1079 738 170 63 diuina
1198 738 85 63 &
1232 738 205 63 spiritus
1386 738 170 63 sancti
1505 738 290 63 dispensatione
1744 738 153 63 cogno

103 787 184 74 scenda,
237 787 84 74 &
270 787 201 74 intuenda
421 787 234 74 prophetia,
605 787 234 74 reiicienda
789 787 201 74 carnalis
939 787 201 74 seruitus
1090 787 84 74 &
1123 787 217 74 liberalis
1290 787 284 74 intelligentia
1525 787 234 74 retinenda.
1709 787 134 74 Hinc
1775 787 84 74 di-

103 845 123 58 cit
174 845 176 58 Orige.
297 845 106 58 in
350 845 211 58 Homilia.
508 845 106 58 v.
561 845 158 58 super
667 845 141 58 Exo.
755 845 176 58 Doctor
878 845 194 58 gentium
1019 845 106 58 in
1072 845 141 58 fide
1160 845 88 58 &
1195 845 211 58 veritate
1353 845 229 58 apostolus
1529 845 176 58 Paulus
1653 845 211 58 tradidit
1794 845 70 58 ec

95 900 183 66 clesiae
228 900 133 66 quam
311 900 282 66 congregauerat
544 900 100 66 ex
594 900 216 66 gentibus,
760 900 133 66 quom
843 900 166 66 libros
959 900 150 66 legis
1059 900 216 66 susceptos
1225 900 100 66 ab
1275 900 150 66 aliis
1375 900 183 66 sibique
1508 900 183 66 ignotos
1640 900 150 66 prius
1740 900 83 66 &
1757 900 116 66 valde

91 950 239 73 peregrinos
279 950 188 73 deberet
415 950 239 73 aduertere,
603 950 102 73 ne
654 950 171 73 aliena
773 950 222 73 instituta
944 950 239 73 suscipiens
1131 950 85 73 &
1166 950 273 73 institutorum
1387 950 188 73 regulam
1524 950 205 73 nesciens
1677 950 102 73 in
1711 950 154 73 peregri

96 1006 103 70 no
147 1006 241 70 trepidaret
337 1006 275 70 instrumento.
560 1006 224 70 Propterea
732 1006 138 70 ergo
818 1006 138 70 ipse
904 1006 103 70 in
956 1006 224 70 nonnullis
1128 1006 310 70 intelligentiae
1386 1006 172 70 tradit
1506 1006 206 70 exempla,
1661 1006 103 70 vt
1712 1006 86 70 &
1747 1006 120 70 nos
1798 1006 69 70 si

93 1058 158 65 milia
199 1058 245 65 obseruemus
391 1058 105 65 in
444 1058 228 65 caeteris:
619 1058 105 65 ne
672 1058 158 65 forte
777 1058 123 65 pro
847 1058 280 65 similitudine
1075 1058 228 65 lectionis
1250 1058 88 65 &
1285 1058 280 65 instrumenti,
1513 1058 228 65 ludaeorum
1688 1058 123 65 nos
1740 1058 123 65 effe-

90 1105 134 77 ctos
174 1105 134 77 esse
258 1105 235 77 discipulos
443 1105 252 77 crederemus.
644 1105 118 77 Hoc
711 1105 134 77 ergo
795 1105 201 77 differre
947 1105 134 77 vult
1030 1105 151 77 inter
1131 1105 235 77 discipulos
1316 1105 201 77 Christin
1467 1105 84 77 &
1501 1105 235 77 synagogae:
1685 1105 134 77 quod
1752 1105 118 77 legen

101 1160 143 76 quam
190 1160 143 76 illi
279 1160 143 76 male
369 1160 285 76 intelligendo
600 1160 214 76 Christum
761 1160 125 76 non
832 1160 267 76 receperunt,
1046 1160 125 76 nos
1117 1160 303 76 spiritualiter
1367 1160 285 76 intelligendo
1599 1160 250 76 ostendamus
1777 1160 89 76 eam

110 1226 100 63 ad
160 1226 217 63 ecclesiae
327 1226 284 63 instructionem
561 1226 167 63 merito
678 1226 167 63 datam.
795 1226 184 63 Accepta
928 1226 134 63 ergo
1012 1226 83 63 a
1045 1226 150 63 beato
1145 1226 200 63 Apostolo
1295 1226 167 63 semina
1412 1226 300 63 intelligentiae
1646 1226 217 63 spiritualis

93 1275 199 65 quantum
238 1275 199 65 dominus
382 1275 253 65 illuminare
581 1275 253 65 dignabitur
780 1275 253 65 excolamus.
979 1275 199 65 Econtra
1124 1275 163 65 autem
1232 1275 145 65 fuit
1323 1275 108 65 in
1377 1275 181 65 veteri
1503 1275 271 65 testamento:
1720 1275 145 65 quia
1793 1275 72 65 vt

95 1326 262 62 Augustinus
301 1326 168 62 dicit
413 1326 112 62 in
469 1326 168 62 eodem
581 1326 187 62 contra
712 1326 205 62 Faustum
861 1326 131 62 vbi
936 1326 187 62 supra,
1067 1326 131 62 cum
1141 1326 168 62 adhuc
1254 1326 131 62 non
1328 1326 243 62 oporteret
1515 1326 149 62 ante
1608 1326 224 62 aduentum
1777 1326 131 62 do-

102 1377 148 59 mini
194 1377 184 59 nudare
323 1377 184 59 populo
452 1377 277 59 legitimarum
673 1377 258 59 sacramenta
876 1377 258 59 figurarum,
1079 1377 129 59 non
1153 1377 295 59 inuitabantur
1393 1377 277 59 significata
1596 1377 258 59 intelligere:

99 1434 126 64 sed
171 1434 162 64 iussa
279 1434 252 64 cogebantur
478 1434 216 64 implere.
640 1434 108 64 Et
694 1434 108 64 vt
748 1434 162 64 dicit
856 1434 198 64 ibidem.
1001 1434 144 64 Tunc
1091 1434 144 64 enim
1181 1434 162 64 anima
1289 1434 162 64 quasi
1397 1434 252 64 matrimonio
1596 1434 180 64 iuncta
1722 1434 144 64 erat
1794 1434 72 64 li

109 1478 148 71 terae
207 1478 148 71 velut
306 1478 148 71 viro:
405 1478 132 71 quem
487 1478 198 71 oportuit
636 1478 132 71 mori
718 1478 148 71 prius
817 1478 99 71 vt
866 1478 132 71 tunc
949 1478 148 71 demum
1047 1478 165 71 alteri
1163 1478 132 71 viro
1245 1478 214 71 copuletur
1410 1478 198 71 scilicet
1558 1478 231 71 spirituali
1723 1478 148 71 intelli

110 1541 199 69 gentiae.
260 1541 133 69 Vnde
342 1541 166 69 Orige.
459 1541 99 69 in
508 1541 199 69 Homilia.
657 1541 116 69 vi.
724 1541 149 69 super
823 1541 133 69 Gen.
906 1541 216 69 Apostolus
1072 1541 149 69 dicit
1171 1541 199 69 mulierem
1321 1541 216 69 alligatam
1486 1541 133 69 esse
1569 1541 133 69 legi
1652 1541 182 69 quandiu
1768 1541 83 69 vir

104 1594 176 66 viuit.
227 1594 105 66 Si
280 1594 158 66 autem
385 1594 193 66 mortuus
526 1594 176 66 fuerit
649 1594 141 66 vir,
737 1594 193 66 solutam
877 1594 141 66 esse
965 1594 88 66 a
1000 1594 141 66 lege
1088 1594 158 66 viri:
1194 1594 105 66 vt
1246 1594 123 66 iam
1316 1594 123 66 non
1387 1594 123 66 sit
1457 1594 211 66 adultera
1615 1594 105 66 si
1668 1594 176 66 fuerit
1773 1594 88 66 cum

96 1639 142 76 alio
185 1639 160 76 viro.
292 1639 196 76 Oportet
434 1639 178 76 igitur
559 1639 142 76 mori
648 1639 160 76 prius
755 1639 160 76 legem
861 1639 214 76 literae:
1022 1639 107 76 vt
1075 1639 125 76 ita
1146 1639 160 76 demum
1253 1639 178 76 libera
1378 1639 125 76 iam
1449 1639 160 76 anima
1555 1639 214 76 spiritui
1716 1639 160 76 nubat
1805 1639 53 76 &

108 1709 137 60 noui
193 1709 239 60 testamenti
381 1709 188 60 gratiam
518 1709 239 60 sortiatur.
705 1709 85 60 â‹
739 1709 102 60 Ad
791 1709 205 60 secundum
944 1709 137 60 quod
1030 1709 154 60 vetus
1132 1709 256 60 testamentum
1337 1709 119 60 est
1405 1709 154 60 causa
1508 1709 188 60 erroris
1644 1709 85 60 &
1661 1709 188 60 exorbita.

107 1748 170 67 tionis
226 1748 85 67 a
260 1748 136 67 fide
345 1748 255 67 euangelica,
549 1748 204 67 dicendum
702 1748 136 67 quod
787 1748 119 67 non
855 1748 119 67 est
923 1748 187 67 occasio
1059 1748 153 67 data:
1161 1748 119 67 sed
1229 1748 187 67 occasio
1365 1748 187 67 accepta
1501 1748 85 67 a
1535 1748 136 67 male
1620 1748 85 67 &
1654 1748 204 67 peruerse
1790 1748 68 67 in

104 1803 296 77 telligentibus
348 1803 174 77 ipsum.
470 1803 157 77 Sicut
574 1803 122 77 non
644 1803 122 77 est
714 1803 174 77 aliqua
836 1803 122 77 tam
905 1803 157 77 recta
1010 1803 227 77 scriptura
1184 1803 139 77 quin
1271 1803 157 77 praua
1376 1803 331 77 interpretatione
1655 1803 174 77 possit
1759 1803 105 77 esse

114 1855 194 66 occasio
255 1855 211 66 erroris.
414 1855 141 66 Bene
502 1855 158 66 autem
607 1855 334 66 intelligentibus
889 1855 158 66 ipsum
994 1855 229 66 expositum
1170 1855 123 66 est
1241 1855 158 66 causa
1346 1855 176 66 magnae
1469 1855 317 66 confirmationis
1733 1855 106 66 in
1768 1855 106 66 fide

117 1907 247 73 euangelica,
314 1907 99 73 vt
363 1907 165 73 dictum
479 1907 132 73 est.
561 1907 82 73 â‹
594 1907 99 73 Ad
643 1907 181 73 tertium
775 1907 132 73 quod
857 1907 148 73 nouis
956 1907 329 73 superuenientibus
1236 1907 165 73 vetera
1351 1907 263 73 proiicietis:
1565 1907 197 73 Dicendum
1713 1907 132 73 quod
1779 1907 82 73 ve-

112 1966 111 73 rum
175 1966 111 73 est
239 1966 189 73 secundum
381 1966 253 73 cerimoniales
586 1966 253 73 obseruantias
791 1966 111 73 non
854 1966 189 73 secundum
996 1966 253 73 spirituales:
1202 1966 142 73 neque
1297 1966 189 73 secundum
1439 1966 237 73 spiritualem
1612 1966 253 73 intelligentiam

116 2017 98 61 vt
165 2017 163 61 dictum
279 2017 131 61 est.
361 2017 82 61 â‹
394 2017 98 61 Ad
443 2017 196 61 quartum:
590 2017 131 61 quod
672 2017 229 61 scripturae
851 2017 147 61 illae
949 2017 196 61 inutiles
1097 2017 147 61 sunt:
1195 2017 196 61 Dicendum
1342 2017 131 61 quod
1424 2017 147 61 verum
1522 2017 114 61 est
1587 2017 114 61 non
1652 2017 98 61 ad
1685 2017 180 61 sciendum,

119 2070 117 82 sed
186 2070 100 82 ad
236 2070 200 82 vtendum,
386 2070 133 82 nisi
469 2070 200 82 secundum
620 2070 250 82 spiritualem
820 2070 317 82 intelligentiam,
1086 2070 100 82 vt
1136 2070 167 82 dictum
1253 2070 133 82 est.
1336 2070 133 82 Vnde
1420 2070 200 82 continuo
1570 2070 183 82 subdit.
1703 2070 133 82 Quia
1770 2070 100 82 post

110 2125 218 81 Christum
273 2125 127 81 iam
346 2125 145 81 lege
436 2125 91 81 &
473 2125 236 81 prophetis
654 2125 127 81 non
726 2125 199 81 vtimur:
871 2125 127 81 sed
944 2125 236 81 euangelio
1125 2125 199 81 Christi
1270 2125 163 81 quasi
1361 2125 127 81 telo.

428 2163 122 86 lrca
504 2163 168 86 tertium
626 2163 183 86 arguitur
763 2163 122 86 quod
839 2163 137 86 sacra
931 2163 198 86 scriptura
1083 2163 107 86 non
1144 2163 107 86 sit
1205 2163 152 86 vbique
1311 2163 213 86 exponenda.
1479 2163 137 86 Primo
1571 2163 122 86 sic.
1647 2163 91 86 Si
1692 2163 152 86 vbique
1784 2163 76 86 es-

428 2231 99 63 set
485 2231 198 63 exponenda,
640 2231 113 63 tunc
711 2231 128 63 nihil
796 2231 85 63 in
839 2231 85 63 ea
881 2231 170 63 secundum
1009 2231 113 63 quod
1080 2231 142 63 litera
1179 2231 128 63 sonat
1264 2231 128 63 esset
1349 2231 184 63 tenendum,
1491 2231 156 63 quoniam
1604 2231 184 63 expositio
1731 2231 128 63 quaerit

429 2279 167 71 aliquid
551 2279 137 71 extra
642 2279 122 71 quod
718 2279 152 71 litera
824 2279 152 71 sonat.
931 2279 213 71 consequens
1098 2279 152 71 falsum
1205 2279 122 71 est.
1281 2279 183 71 secundum
1418 2279 137 71 illud
1509 2279 198 71 quoddicit
1661 2279 122 71 Amb.
1737 2279 91 71 in
1768 2279 91 71 Hexa

434 2342 115 67 me.
499 2342 196 67 exponens
646 2342 164 67 illud.
761 2342 98 67 In
810 2342 213 67 principio
974 2342 180 67 creauit
1105 2342 131 67 deus
1187 2342 131 67 cae.
1269 2342 82 67 &
1301 2342 131 67 ter.
1383 2342 115 67 &c.
1449 2342 115 67 lam
1514 2342 131 67 ordo
1596 2342 196 67 (inquit)
1727 2342 131 67 seruam

405 2383 123 63 dus
476 2383 123 63 est
546 2383 140 63 quem
634 2383 228 63 scriptura
809 2383 246 63 contexuit.
1002 2383 263 63 erubescemus
1213 2383 175 63 igitur
1336 2383 263 63 intelligere
1546 2383 228 63 simplices
1704 2383 158 63 creatu-

407 2446 128 70 ras,
487 2446 128 70 quae
567 2446 241 70 simplicibus
760 2446 80 70 &
792 2446 128 70 suis
872 2446 241 70 declarantur
1065 2446 225 70 vocabulis:
1241 2446 112 70 Cum
1305 2446 176 70 legimus
1434 2446 176 70 caelum,
1562 2446 160 70 caelum
1658 2446 193 70 accipiamus

411 2495 114 57 cum
476 2495 163 57 terram
590 2495 196 57 legimus,
737 2495 163 57 terram
851 2495 244 57 fructiferam
1046 2495 277 57 intelligamus.
1274 2495 130 57 ergo
1356 2495 114 57 &c.
1421 2495 81 57 â‹
1454 2495 179 57 Secundo
1584 2495 130 57 sic.
1665 2495 228 57 Augustinus

103 2546 142 67 dicit
198 2546 142 67 libr.
292 2546 94 67 v.
339 2546 157 67 contra
449 2546 126 67 Iul.
528 2546 110 67 Vbi
591 2546 204 67 manifesta
748 2546 110 67 res
811 2546 126 67 est,
890 2546 220 67 scripturae
1063 2546 173 67 diuinae
1189 2546 157 67 sensum
1299 2546 173 67 nostrum
1425 2546 157 67 addere
1535 2546 110 67 non
1598 2546 189 67 debemus.
1739 2546 110 67 Non
1786 2546 79 67 eim

107 2600 115 69 hoc
172 2600 147 69 facit
270 2600 164 69 humana
385 2600 246 69 ignorantia:
582 2600 115 69 sed
647 2600 279 69 praesumptione
877 2600 164 69 supba.
992 2600 115 69 sed
1057 2600 98 69 in
1106 2600 164 69 multis
1221 2600 147 69 locis
1319 2600 229 69 scripturae
1499 2600 115 69 res
1565 2600 213 69 manifesta
1729 2600 131 69 est:
1794 2600 66 69 vt

112 2654 100 61 in
162 2654 199 61 illoloco
312 2654 133 61 Gen.
395 2654 133 61 iii.
478 2654 116 61 vbi
544 2654 149 61 dicit
644 2654 216 61 scriptura
810 2654 100 61 de
860 2654 166 61 primis
976 2654 233 61 parentibus
1159 2654 133 61 post
1242 2654 216 61 peccatum:
1408 2654 133 61 quia
1491 2654 199 61 fecerunt
1640 2654 133 61 sibi
1707 2654 166 61 perizoma

121 2712 108 68 ta.
182 2712 139 68 super
275 2712 108 68 quo
337 2712 185 68 disputat
475 2712 108 68 ibi
537 2712 154 68 contra
645 2712 123 68 Iul.
722 2712 123 68 ergo
799 2712 108 68 &c.
861 2712 77 68 â‹
892 2712 93 68 In
938 2712 201 68 oppositum
1093 2712 108 68 est
1154 2712 139 68 illud
1247 2712 216 68 Augustinus
1417 2712 139 68 super
1509 2712 108 68 Ion
1571 2712 123 68 ser.
1648 2712 108 68 ii.
1710 2712 139 68 Bonum
1787 2712 77 68 est

116 2760 210 78 fratres
269 2760 115 78 vt
326 2760 191 78 textum
460 2760 248 78 diuinarum
650 2760 305 78 scripturarum
899 2760 191 78 nullum
1032 2760 172 78 locum
1147 2760 363 78 praetermittendo
1452 2760 305 78 pertractemus
1700 2760 115 78 vt
1738 2760 115 78 pos-

122 2819 164 81 sumus.
236 2819 82 81 &
269 2819 197 81 loquitur
417 2819 98 81 de
466 2819 131 81 eius
548 2819 262 81 expositione.
761 2819 164 81 vbique
875 2819 131 81 ergo
957 2819 115 81 est
1006 2819 197 81 exponenda.

100 2853 108 98 â‹
144 2853 258 98 Dicendum
337 2853 129 98 ad
402 2853 172 98 hoc:
509 2853 172 98 quod
617 2853 280 98 expositio
832 2853 258 98 dictorum
1026 2853 215 98 sacrae
1176 2853 301 98 scripturae
1413 2853 129 98 ad
1478 2853 151 98 duo
1564 2853 129 98 in
1628 2853 215 98 genere
1757 2853 108 98 ten

119 2935 137 65 dere
204 2935 171 65 debet.
324 2935 205 65 secundum
478 2935 137 65 quod
563 2935 205 65 inferius
717 2935 291 65 declarabitur.
956 2935 154 65 Primo
1059 2935 103 65 ad
1110 2935 205 65 intentum
1264 2935 188 65 literae
1401 2935 256 65 explicandum
1606 2935 120 65 cum
1674 2935 154 65 sanum
1777 2935 120 65 in-

118 2986 233 71 tellectum
297 2986 179 71 habere
423 2986 215 71 poterit.
584 2986 197 71 Secundo
727 2986 107 71 ad
781 2986 179 71 sensum
906 2986 215 71 mysticum
1067 2986 215 71 latentem
1228 2986 125 71 sub
1300 2986 197 71 cortice
1443 2986 197 71 literae
1586 2986 269 71 indagandum.
1783 2986 90 71 Lo-

111 3039 165 77 quendo
227 3039 99 77 de
277 3039 248 77 expositione
475 3039 149 77 primo
574 3039 149 77 modo,
673 3039 165 77 semper
788 3039 116 77 est
854 3039 231 77 exponenda.
1036 3039 132 77 nisi
1118 3039 165 77 litera
1234 3039 132 77 ipsa
1316 3039 198 77 intentum
1465 3039 149 77 clare
1564 3039 264 77 representet:
1762 3039 99 77 quae

116 3106 109 59 non
179 3106 109 59 est
241 3106 217 59 exponenda.
411 3106 186 59 secundum
551 3106 124 59 quod
629 3106 140 59 dicit
722 3106 217 59 Augustinus
893 3106 140 59 super
986 3106 140 59 loam.
1079 3106 140 59 parid
1172 3106 109 59 est
1234 3106 124 59 ser.
1312 3106 93 59 I.
1359 3106 171 59 Quaedam
1483 3106 93 59 in
1529 3106 217 59 scripturis
1700 3106 109 59 ita
1747 3106 124 59 manife

116 3147 118 69 sta
184 3147 152 69 sunt:
285 3147 101 69 vt
336 3147 169 69 potius
454 3147 220 69 auditorem
623 3147 135 69 quam
708 3147 254 69 expositorem
911 3147 254 69 desiderent.
1113 3147 135 69 Tunc
1198 3147 135 69 enim
1282 3147 220 69 expositio
1451 3147 118 69 vel
1519 3147 135 69 erit
1604 3147 203 69 verborum
1739 3147 135 69 concul

112 3201 163 89 catio,
226 3201 98 89 si
274 3201 114 89 per
339 3201 130 89 alia
421 3201 146 89 verba
518 3201 130 89 nota
599 3201 244 89 explicetur:
794 3201 114 89 vel
859 3201 163 89 ipsius
973 3201 179 89 literae
1103 3201 146 89 maior
1201 3201 244 89 obumbratio,
1396 3201 98 89 si
1444 3201 228 89 explicetur
1623 3201 114 89 per
1688 3201 228 89 ignotiora:
