2363 3783
456 316 222 96 catholici
627 316 119 96 qui
695 316 154 96 fidem
797 316 205 96 integram
951 316 222 96 sequuntur
1121 316 85 96 &
1155 316 154 96 bonos
1258 316 171 96 mores,
1377 316 136 96 quod
1462 316 102 96 ad
1514 316 154 96 fidei
1616 316 222 96 doctrinam
1786 316 205 96 pertinet
1940 316 119 96 ita
2008 316 222 96 quaerunt,
2162 316 68 96 si

450 397 124 77 quid
527 397 216 77 quaerendum
697 397 124 77 est,
774 397 93 77 vt
820 397 139 77 absit
913 397 232 77 concertatio
1099 397 232 77 periculosa:
1284 397 108 77 vel
1346 397 93 77 ei
1392 397 108 77 cum
1454 397 108 77 quo
1516 397 216 77 quaeritur,
1686 397 108 77 vel
1748 397 108 77 eis
1810 397 108 77 qui
1872 397 201 77 discentes
2026 397 185 77 audiunt.
2150 397 77 77 lta

449 448 155 70 autem
552 448 189 70 docent:
690 448 103 70 si
742 448 138 70 quid
828 448 207 70 docendum
983 448 189 70 habent,
1121 448 103 70 vt
1172 448 189 70 vsitata
1310 448 86 70 &
1344 448 241 70 confirmata
1534 448 258 70 securissime
1741 448 86 70 &
1775 448 327 70 confidentissime
2051 448 86 70 &
2068 448 155 70 leuissi

452 512 124 71 me,
523 512 106 71 vt
576 512 195 71 possunt
718 512 248 71 insinuent.
914 512 231 71 Inusitata
1091 512 142 71 vero
1180 512 160 71 etiam
1286 512 106 71 si
1340 512 231 71 veritatis
1517 512 319 71 manifestatione
1783 512 284 71 liquidissima
1996 512 231 71 perceperint

456 555 219 76 quaerendi
624 555 168 76 potius
742 555 134 76 quam
826 555 252 76 percipiendi
1028 555 118 76 aut
1095 555 235 76 affirmandi
1280 555 134 76 modo
1364 555 185 76 propter
1498 555 219 76 audientis
1666 555 286 76 infirmitatem.
1902 555 101 76 Si
1952 555 134 76 enim
2036 555 168 76 tantum
2137 555 84 76 pon

466 607 125 72 dus
538 607 161 72 habet
645 607 197 72 aliquod
788 607 179 72 verum,
913 607 107 72 vt
966 607 161 72 vires
1074 607 232 72 discentis
1252 607 214 72 excedat:
1413 607 286 72 suspendendum
1645 607 125 72 est
1717 607 107 72 vt
1770 607 214 72 expectet
1931 607 268 72 crescentem:
2128 607 89 72 non

449 659 255 77 imponendum
649 659 109 77 vt
703 659 200 77 obterat
849 659 236 77 paruulum:
1031 659 236 77 aliquando
1213 659 164 77 autem
1322 659 91 77 &
1358 659 273 77 occultandum
1576 659 145 77 est:
1667 659 127 77 sed
1740 659 127 77 cum
1813 659 127 77 spe
1885 659 273 77 hortatoria,
2104 659 109 77 vt
2140 659 91 77 non

454 734 170 57 faciat
573 734 237 57 desperatio
759 734 271 57 frigidiores:
980 734 119 57 sed
1048 734 237 57 desiderium
1234 734 254 57 capaciores.
1438 734 136 57 Inde
1523 734 119 57 est
1590 734 153 57 illud
1692 734 170 57 Domni.
1811 734 153 57 Multa
1913 734 153 57 habeo
2015 734 170 57 vobis.
2116 734 119 57 dice-

449 769 116 75 re:
516 769 116 75 sed
582 769 116 75 non
649 769 199 75 potestis
798 769 183 75 portare
931 769 149 75 modo.
1031 769 83 75 &
1064 769 149 75 etiam
1163 769 149 75 illud
1263 769 216 75 Apostoli.
1429 769 116 75 Non
1495 769 149 75 potui
1595 769 149 75 vobis
1695 769 149 75 loqui
1794 769 149 75 quasi
1894 769 299 75 spiritualibus:
2143 769 116 75 sed

473 823 148 83 quasi
571 823 246 83 carnalibus:
768 823 180 83 tanquam
899 823 197 83 paruulis
1046 823 98 83 in
1096 823 180 83 Christo
1227 823 115 83 lac
1292 823 148 83 potum
1391 823 131 83 dedi
1473 823 148 83 vobis
1571 823 115 83 non
1637 823 164 83 escam:
1752 823 164 83 nondum
1866 823 131 83 enim
1948 823 213 83 poteratis
2096 823 131 83 intel-

461 874 180 72 ligere.
591 874 212 72 Perfectis
755 874 147 72 autem
853 874 82 72 &
885 874 278 72 spiritualibus
1114 874 212 72 expositio
1277 874 196 72 profunda
1424 874 245 72 spiritualis
1620 874 114 72 est
1686 874 245 72 proponenda.
1882 874 180 72 Propter
2012 874 131 72 quod
2094 874 131 72 idem
2159 874 82 72 Apo

458 929 145 74 stolus
560 929 145 74 dixit.
662 929 203 74 Sapientiam
821 929 174 74 loquimur
952 929 131 74 inter
1039 929 203 74 perfectos.
1198 929 73 74 &
1227 929 189 74 sequitur.
1372 929 87 74 In
1416 929 174 74 doctrina
1546 929 174 74 spiritus
1677 929 247 74 spiritualibus
1880 929 218 74 spiritualia
2039 929 189 74 comparantes

459 982 191 74 spiritus
602 982 127 74 enim
682 982 143 74 omnia
777 982 207 74 scrutatur
936 982 143 74 etiam
1031 982 191 74 profunda
1174 982 127 74 dei.
1254 982 127 74 Vnde
1333 982 127 74 quia
1413 982 238 74 intellectus
1603 982 191 74 profunda
1746 982 238 74 expositione
1937 982 222 74 eliciendus
2112 982 111 74 est
2160 982 79 74 mul

464 1031 107 77 tum
525 1031 138 77 caute
617 1031 92 77 in
663 1031 123 77 tali
740 1031 230 77 expositione
924 1031 230 77 procedendum
1108 1031 107 77 est
1169 1031 92 77 ne
1215 1031 123 77 quid
1292 1031 153 77 temere
1399 1031 199 77 asseratur
1553 1031 123 77 nisi
1629 1031 123 77 quod
1706 1031 138 77 iuxta
1798 1031 169 77 regulam
1921 1031 138 77 fidei
2013 1031 230 77 certissimae
2182 1031 61 77 in

468 1095 168 81 uentum
586 1095 268 81 cognoscatur:
803 1095 117 81 qua
870 1095 184 81 cautela
1004 1095 168 81 omissa
1122 1095 201 81 haereses
1272 1095 151 81 omnes
1373 1095 101 81 in
1423 1095 201 81 ecclesia
1574 1095 268 81 contigerunt.
1792 1095 184 81 dicente
1926 1095 235 81 Augustinus
2110 1095 101 81 i.
2143 1095 101 81 par.

457 1143 137 70 super
548 1143 183 70 loannem.
686 1143 122 70 ser.
762 1143 153 70 xviii.
869 1143 137 70 Neque
960 1143 122 70 enim
1037 1143 183 70 haereses
1174 1143 137 70 natae
1266 1143 137 70 sunt:
1357 1143 76 70 &
1388 1143 168 70 quaedam
1510 1143 198 70 documenta
1662 1143 259 70 paruersitatis
1876 1143 244 70 illaqueantia
2074 1143 168 70 animas:
2181 1143 46 70 &

455 1203 101 68 in
506 1203 220 68 profundum
675 1203 321 68 praecipitantia:
945 1203 135 68 nisi
1030 1203 118 68 dum
1097 1203 237 68 scripturae
1283 1203 152 68 bonae
1384 1203 287 68 intelliguntur
1621 1203 118 68 non
1688 1203 152 68 bene:
1790 1203 84 68 &
1824 1203 135 68 quod
1908 1203 101 68 in
1959 1203 118 68 eis
2026 1203 118 68 non
2094 1203 135 68 bene
2161 1203 68 68 in

464 1250 263 70 telligitur:
675 1250 158 70 etiam
780 1250 176 70 temere
903 1250 88 70 &
938 1250 211 70 audacter
1096 1250 246 70 asseritur.
1289 1250 123 70 lta
1360 1250 246 70 charissime
1553 1250 158 70 valde
1658 1250 158 70 caute
1763 1250 176 70 audire
1886 1250 193 70 debemus
2026 1250 105 70 ad
2079 1250 140 70 quae
2149 1250 88 70 ca-

459 1302 180 79 pienda
585 1302 162 79 sumus
693 1302 216 79 paruuli:
855 1302 90 79 &
891 1302 162 79 corde
998 1302 144 79 pio:
1088 1302 90 79 &
1124 1302 126 79 cum
1196 1302 198 79 timore,
1340 1302 144 79 hanc
1430 1302 216 79 tenentes
1592 1302 198 79 regulam
1736 1302 252 79 sanitatis,
1933 1302 108 79 vt
1987 1302 144 79 quid
2059 1302 180 79 secundum

458 1369 170 63 fidem
571 1369 132 63 qua
647 1369 188 63 imbuti
779 1369 170 63 sumus
892 1369 283 63 intelligere
1118 1369 283 63 valuerimus,
1344 1369 207 63 tanquam
1495 1369 113 63 de
1551 1369 151 63 cibo
1646 1369 264 63 gaudeamus.
1853 1369 151 63 quod
1947 1369 170 63 autem
2042 1369 188 63 secundum

460 1413 178 72 sanam
579 1413 178 72 fidei
698 1413 218 72 regulam
856 1413 297 72 intelligere
1093 1413 198 72 nondum
1231 1413 297 72 potuerimus,
1469 1413 316 72 dubitationem
1726 1413 277 72 auferamus:
1924 1413 316 72 intelligentiam

470 1467 251 67 differamus:
671 1467 117 67 hoc
738 1467 117 67 est
805 1467 100 67 vt
855 1467 151 67 etiam
955 1467 100 67 si
1006 1467 134 67 quid
1089 1467 117 67 sit
1156 1467 218 67 nescimus,
1324 1467 151 67 bonum
1424 1467 151 67 tamen
1524 1467 84 67 &
1558 1467 151 67 verum
1658 1467 134 67 esse
1742 1467 167 67 minime
1859 1467 234 67 dubitemus:
2043 1467 84 67 a
2076 1467 117 67 quo
2127 1467 100 67 pror

467 1522 121 71 sus
536 1522 155 71 fides
639 1522 173 71 nostra
760 1522 138 71 labi
847 1522 121 71 non
916 1522 173 71 debet:
1037 1522 138 71 quae
1123 1522 173 71 nullis
1244 1522 190 71 hominum
1382 1522 242 71 argumentis
1572 1522 259 71 extorquenda
1779 1522 121 71 est
1848 1522 155 71 cordi
1952 1522 190 71 nostro:
2090 1522 104 71 ad
2124 1522 104 71 quam

462 1572 235 78 dirigamus
642 1572 108 78 ea
697 1572 144 78 quae
787 1572 307 78 intelligimus:
1040 1572 90 78 &
1076 1572 144 78 quae
1166 1572 162 78 forte
1274 1572 126 78 non
1346 1572 307 78 intelligimus,
1599 1572 235 78 dirigenda
1780 1572 108 78 ad
1834 1572 144 78 hanc
1924 1572 199 78 regulam
2069 1572 199 78 quando-

473 1625 127 90 quod
553 1625 223 90 differamus
728 1625 112 90 cum
792 1625 159 90 idonei
903 1625 207 90 fuerimus.
1063 1625 143 90 Eides
1158 1625 127 90 enim
1238 1625 112 90 (vt
1302 1625 143 90 dicit
1397 1625 143 90 Glos.
1493 1625 143 90 super
1589 1625 127 90 illd
1668 1625 143 90 Leui.
1764 1625 112 90 ii.
1828 1625 159 90 Tollet
1939 1625 191 90 pugillum
2067 1625 175 90 similae)-

462 1685 125 77 est
534 1685 197 77 mensura
659 1685 214 77 scientiae.

516 1716 139 109 Ad
585 1716 231 109 primum
747 1716 139 109 in
817 1716 324 109 oppositum,
1071 1716 185 109 quod
1187 1716 185 109 homo
1302 1716 162 109 non
1395 1716 231 109 potest
1556 1716 301 109 attingere
1788 1716 139 109 ad
1857 1716 301 109 profundam
2065 1716 185 109 exposi

468 1814 177 61 tionem
592 1814 213 61 dictorum
752 1814 160 61 huius
858 1814 248 61 scientiae:
1053 1814 213 61 Dicendum
1213 1814 142 61 quod
1301 1814 160 61 verum
1408 1814 124 61 est
1479 1814 160 61 omnia
1585 1814 142 61 eius
1674 1814 213 61 profunda
1833 1814 301 61 perscrutando:
2081 1814 89 61 &
2099 1814 142 61 maxime

468 1855 190 81 quantum
606 1855 311 81 perscrutabilia
865 1855 86 81 &
900 1855 207 81 scibilia
1055 1855 138 81 sunt
1142 1855 190 81 homini.
1280 1855 121 81 hoc
1349 1855 138 81 enim
1436 1855 173 81 homini
1557 1855 259 81 impossibile
1764 1855 104 81 in
1816 1855 138 81 vita
1903 1855 138 81 ista
1989 1855 138 81 est.
2058 1855 173 81 secundum

465 1909 125 81 quod
544 1909 141 81 dicit
637 1909 156 81 Orige.
747 1909 141 81 super
840 1909 125 81 Exo.
919 1909 94 81 Si
965 1909 172 81 singula
1090 1909 219 81 diligenter
1262 1909 219 81 inspicias,
1434 1909 141 81 plura
1528 1909 94 81 in
1575 1909 156 81 quibus
1684 1909 172 81 haereat
1809 1909 234 81 intellectus
1997 1909 125 81 quam
2075 1909 94 81 in
2106 1909 125 81 quibus

465 1962 217 77 expediri
628 1962 181 77 possit
755 1962 236 77 inuenies:
936 1962 127 77 pro
1009 1962 181 77 quibus
1135 1962 181 77 dicere
1262 1962 109 77 in
1317 1962 217 77 oratione
1480 1962 236 77 debeamus.
1661 1962 109 77 De
1715 1962 236 77 profundis
1897 1962 199 77 clamaui
2042 1962 109 77 ad
2096 1962 109 77 te
2150 1962 127 77 do-

471 2019 146 70 mine.
568 2019 81 70 &
601 2019 130 70 ideo
682 2019 163 70 studio
796 2019 130 70 eius
877 2019 98 70 in
926 2019 114 70 hac
991 2019 195 70 scientia
1137 2019 114 70 non
1202 2019 114 70 est
1267 2019 195 70 terminus
1413 2019 211 70 ponendus,
1576 2019 98 70 vt
1625 2019 163 70 dictum
1738 2019 114 70 est
1803 2019 163 70 supra.
1917 2019 146 70 Multa
2015 2019 146 70 tamen
2096 2019 146 70 profun-

476 2071 87 75 da
519 2071 130 75 huius
606 2071 188 75 scientiae
751 2071 145 75 potest
852 2071 217 75 inuestigare
1026 2071 217 75 expositione
1200 2071 174 75 profunda
1330 2071 101 75 per
1388 2071 159 75 gratiam
1504 2071 101 75 dei
1562 2071 116 75 quae
1635 2071 159 75 multum.
1750 2071 159 75 excedit
1866 2071 275 75 inuestigationem
2084 2071 159 75 naturalis

464 2126 198 75 rationis.
616 2126 183 75 secundum
753 2126 122 75 quod
830 2126 137 75 dicit
921 2126 213 75 Apostolus.
1089 2126 91 75 i.
1134 2126 183 75 Corinth.
1272 2126 107 75 ii.
1333 2126 122 75 Quia
1409 2126 152 75 oculus
1516 2126 107 75 non
1577 2126 137 75 vidit
1668 2126 107 75 nec
1729 2126 137 75 auris
1820 2126 168 75 audiuit
1942 2126 107 75 nec
2003 2126 91 75 in
2049 2126 107 75 cor
2095 2126 137 75 hominis

473 2179 189 75 ascendit
615 2179 126 75 quae
693 2179 141 75 nobis
788 2179 204 75 reuelauit
945 2179 126 75 deus
1023 2179 110 75 per
1086 2179 189 75 spiritum
1227 2179 141 75 suum.
1322 2179 189 75 Spiritus
1463 2179 126 75 enim
1542 2179 141 75 omnia
1636 2179 204 75 scrutatur
1793 2179 141 75 etiam
1887 2179 189 75 profunda
2029 2179 126 75 dei.
2139 2179 94 75 Ad
2170 2179 63 75 se

474 2233 163 75 cundum
588 2233 130 75 quod
669 2233 130 75 plus
751 2233 163 75 sapere
865 2233 130 75 quam
946 2233 179 75 oportet
1077 2233 114 75 est
1142 2233 196 75 profunda
1289 2233 261 75 inuestigare:
1501 2233 196 75 Dicendum
1647 2233 130 75 quod
1729 2233 147 75 verum
1827 2233 114 75 est
1892 2233 163 75 quando
2006 2233 196 75 profunda
2136 2233 98 75 inue

470 2294 221 66 stigatio
635 2294 203 66 excedit
783 2294 239 66 moderamen
967 2294 276 66 intellectus
1188 2294 332 66 inuestigantis.
1464 2294 184 66 Maxime
1593 2294 184 66 quando
1722 2294 129 66 cum
1796 2294 129 66 hoc
1870 2294 203 66 excedit
2017 2294 203 66 regulas
2146 2294 92 66 fi-

472 2342 140 70 dei.
560 2342 123 70 Sed
630 2342 123 70 est
701 2342 140 70 alia
788 2342 211 70 profunda
946 2342 281 70 inuestigatio
1174 2342 123 70 sub
1245 2342 246 70 moderamine
1438 2342 263 70 intellectus
1648 2342 316 70 inuestigantis:
1912 2342 88 70 &
1947 2342 158 70 ductu
2052 2342 176 70 rectae
2157 2342 88 70 ra-

475 2392 174 70 tionis
596 2392 156 70 iuxta
700 2392 191 70 regulas
839 2392 174 70 fidei:
961 2392 121 70 qua
1030 2392 260 70 inuestigare
1238 2392 208 70 profunda
1395 2392 121 70 non
1464 2392 121 70 est
1533 2392 139 70 plus
1620 2392 174 70 sapere
1742 2392 139 70 quam
1828 2392 208 70 oportet.
1985 2392 208 70 Profunda
2124 2392 121 70 inue-

475 2446 212 72 stigatio
635 2446 159 72 primo
741 2446 142 72 modo
829 2446 301 72 praesumptuosa
1077 2446 142 72 est:
1166 2446 89 72 &
1201 2446 248 72 temeraria:
1396 2446 89 72 &
1431 2446 248 72 haereticos
1626 2446 177 72 facit:
1750 2446 142 72 quia
1839 2446 212 72 quaerunt
1998 2446 195 72 altiora
2140 2446 106 72 se
2175 2446 71 72 vt

478 2501 173 70 dictum
599 2501 121 70 est
668 2501 173 70 supra.
789 2501 138 70 Vnde
875 2501 156 70 dicit
979 2501 207 70 Esichius
1135 2501 156 70 super
1238 2501 156 70 illud
1342 2501 156 70 Leui.
1446 2501 121 70 vi.
1515 2501 156 70 Omnis
1619 2501 121 70 qui
1688 2501 225 70 tetigerit
1861 2501 156 70 illam
1947 2501 294 70 sanctificabitur

476 2561 149 64 Plane
576 2561 199 64 ostendit
725 2561 132 64 quod
807 2561 232 64 disputando
990 2561 99 64 de
1039 2561 149 64 deoi.
1139 2561 99 64 i.
1188 2561 281 64 theologizando
1420 2561 199 64 sufficit
1569 2561 149 64 nobis
1668 2561 166 64 tantum
1784 2561 199 64 tangere.
1933 2561 116 64 qui
1999 2561 132 64 enim
2082 2561 132 64 vult
2148 2561 83 64 ca-

474 2609 217 76 lefieri:
637 2609 108 76 si
691 2609 163 76 manum
799 2609 108 76 in
853 2609 163 76 ignem
962 2609 199 76 miserit
1106 2609 127 76 pro
1179 2609 289 76 calefactione
1414 2609 253 76 adustionem
1612 2609 271 76 sustinebit.
1829 2609 217 76 Profunda
1992 2609 145 76 vero
2064 2609 181 76 inuesti-

471 2664 162 70 gatio
579 2664 198 70 secundo
723 2664 144 70 modo
813 2664 270 70 charitatiua
1028 2664 126 70 est
1100 2664 90 70 &
1136 2664 234 70 studiosa:
1316 2664 144 70 quia
1406 2664 162 70 manet
1514 2664 108 70 in
1568 2664 270 70 sobrietate.
1784 2664 108 70 Et
1837 2664 144 70 ideo
1927 2664 126 70 vbi
1999 2664 162 70 dixit
2089 2664 144 70 Aposto

480 2715 124 72 lus.
557 2715 108 72 Non
619 2715 124 72 plus
696 2715 154 72 sapere
804 2715 124 72 quam
881 2715 170 72 oportet
1005 2715 139 72 sape.
1097 2715 154 72 statim
1205 2715 185 72 addidit.
1344 2715 108 72 Sed
1406 2715 154 72 sapere
1514 2715 93 72 ad
1561 2715 247 72 sobrietatem.
1761 2715 108 72 Glo
1823 2715 108 72 sid
1885 2715 108 72 est
1947 2715 232 72 inuestigare
2132 2715 93 72 de
2163 2715 77 72 my-

475 2771 190 64 steriis
613 2771 190 64 diuinis
752 2771 138 64 sine
838 2771 294 64 praesumptione
1080 2771 87 64 &
1115 2771 242 64 temperate,
1305 2771 138 64 quod
1392 2771 242 64 praeceptum
1582 2771 260 64 transgressi
1790 2771 138 64 sunt
1877 2771 156 64 omnes
1980 2771 242 64 haeretici.
2171 2771 104 64 vn

483 2827 98 78 de
532 2827 197 78 profunda
679 2827 262 78 inuestigatio
893 2827 115 78 non
958 2827 197 78 competit
1106 2827 131 78 nisi
1188 2827 148 78 viris
1286 2827 279 78 spiritualibus
1516 2827 82 78 &
1548 2827 230 78 perfectis:
1729 2827 197 78 caeteris
1876 2827 148 78 autem
1975 2827 230 78 perniciosa
2139 2827 98 78 est.

796 2877 142 67 lrca
885 2877 212 67 secundum
1044 2877 212 67 arguitur
1203 2877 142 67 quod
1292 2877 159 67 sacra
1398 2877 230 67 scriptura
1575 2877 124 67 non
1646 2877 124 67 sit
1717 2877 301 67 multipliciter
1965 2877 248 67 exponenda.
2142 2877 106 67 Pri-

787 2930 101 72 mo
838 2930 135 72 sic.
922 2930 202 72 Scientia
1073 2930 135 72 illa
1158 2930 135 72 quae
1242 2930 168 72 maxime
1360 2930 118 72 est
1427 2930 202 72 scientia
1578 2930 236 72 veritatis,
1764 2930 168 72 maxime
1881 2930 219 72 simplices
2050 2930 152 72 debet
2134 2930 101 72 habe

799 2984 83 70 re
841 2984 234 70 secundumones.
1033 2984 165 70 secundum
1157 2984 110 70 quod
1226 2984 124 70 dicit
1309 2984 151 70 Seneca.
1419 2984 110 70 Quae
1488 2984 165 70 veritati
1612 2984 124 70 opeam
1694 2984 96 70 dat
1749 2984 138 70 omnio,
1846 2984 207 70 incomposita
2011 2984 124 70 debet
2094 2984 110 70 esse
2162 2984 69 70 &
2176 2984 69 70 sim

797 3041 122 66 plex.
879 3041 163 66 scientia
1001 3041 109 66 ista
1069 3041 95 66 est
1124 3041 190 66 huiusmodi:
1273 3041 109 66 quia
1341 3041 136 66 omnino
1437 3041 177 66 falsitate
1573 3041 136 66 caret,
1668 3041 82 66 vt
1709 3041 122 66 patet
1790 3041 82 66 ex
1831 3041 286 66 praedeterminatis.
2076 3041 122 66 Maior
2144 3041 95 66 autem

798 3095 114 74 est
863 3095 195 74 sermonis
1009 3095 244 74 simplicitas
1205 3095 114 74 cum
1270 3095 146 74 habet
1367 3095 163 74 sensum
1481 3095 163 74 vnicum
1595 3095 81 74 &
1628 3095 163 74 vnicam
1742 3095 260 74 expositionem
1953 3095 130 74 quam
2034 3095 114 74 cum
2083 3095 163 74 multipli

789 3145 116 68 cem.
861 3145 116 68 ergo
933 3145 101 68 &c.
1020 3145 159 68 Secundo
1136 3145 116 68 sic.
1208 3145 101 68 cum
1266 3145 101 68 nom
1324 3145 101 68 sit
1381 3145 188 68 expositio
1526 3145 159 68 nisisit
1642 3145 130 68 vera:
1728 3145 87 68 si
1772 3145 188 68 multiplex
1916 3145 130 68 esset
2003 3145 116 68 expo
2075 3145 145 68 sacrae
2162 3145 87 68 scri

787 3205 127 88 pturae
876 3205 63 88 &
901 3205 190 88 secundmodis
1054 3205 114 88 eius:
1130 3205 101 88 tunc
1193 3205 76 88 in
1231 3205 89 88 hoc
1282 3205 114 88 omnis
1358 3205 165 88 secundumo
1484 3205 101 88 eius
1548 3205 114 88 esset
1624 3205 177 88 multiplex.
1763 3205 89 88 Est
1814 3205 76 88 ei
1852 3205 165 88 secundumo
1979 3205 165 88 multiplex
2106 3205 89 88 qui
2144 3205 101 88 plures
