2349 3766
452 303 112 90 tus
516 303 240 90 testamentum
708 303 192 90 vocatur,
851 303 224 90 diligenter
1027 303 112 90 eam
1091 303 144 90 nosse
1187 303 240 90 cupientibus
1378 303 240 90 quadrifaria
1570 303 224 90 diuiditur:
1746 303 192 90 secundum
1890 303 224 90 historiam,
2049 303 160 90 secundum

446 382 251 60 etymologiam,
650 382 188 60 secundum
791 382 220 60 analogiam,
964 382 188 60 secundum
1105 382 235 60 allegoriam.
1293 382 78 60 ⁋
1325 382 125 60 Quia
1403 382 125 60 sint
1482 382 141 60 multo
1576 382 157 60 plures
1685 382 204 60 arguitur:
1842 382 173 60 quoniam
1968 382 141 60 sicut
2062 382 173 60 aliquan

456 432 92 78 do
502 432 138 78 sacra
593 432 199 78 scriptura
747 432 199 78 exponitur
900 432 214 78 historice,
1068 432 199 78 aliquando
1221 432 245 78 tropologice,
1420 432 383 78 vniversaliallegorice,
1757 432 107 78 vel
1818 432 214 78 anagogice:
1986 432 107 78 Sic
2048 432 199 78 aliquando

452 489 222 81 exponitur
623 489 256 81 parabolice,
828 489 222 81 aliquando
999 489 205 81 ironice,
1153 489 85 81 &
1187 489 205 81 pluribus
1341 489 154 81 aliis
1443 489 171 81 modis,
1563 489 205 81 secundum
1716 489 205 81 diuersas
1870 489 188 81 figuras
1990 489 222 81 locutionis.

452 542 93 90 ⁋
490 542 223 90 Dicendum
656 542 111 90 ad
712 542 148 90 hoc,
805 542 223 90 secundum
972 542 148 90 quod
1064 542 167 90 dicit
1176 542 260 90 Augustinus
1380 542 93 90 i
1417 542 111 90 de
1472 542 223 90 doctrina
1639 542 278 90 christiana.
1862 542 93 90 i
1899 542 148 90 egis
1991 542 93 90 &
2029 542 185 90 omnium
2140 542 74 90 di

450 604 188 84 uinarum
587 604 274 84 scripturarum
809 604 240 84 plenitudo,
997 604 86 84 &
1032 604 154 84 finis
1134 604 120 84 est
1203 604 222 84 dilectio.
1374 604 205 84 Diligere
1528 604 154 84 autem
1630 604 137 84 homo
1716 604 120 84 non
1784 604 171 84 potest
1904 604 120 84 hoc
1972 604 137 84 quod
2058 604 120 84 non
2109 604 103 84 cre-

461 677 125 61 dit.
539 677 140 61 porro
633 677 93 61 si
679 677 156 61 credit
788 677 78 61 &
819 677 187 61 diligit,
960 677 125 61 bene
1037 677 156 61 agendo
1146 677 171 61 efficit
1271 677 93 61 vt
1318 677 156 61 speret
1427 677 93 61 ad
1473 677 93 61 id
1520 677 125 61 quid
1598 677 171 61 diligit
1722 677 93 61 se
1769 677 125 61 esse
1847 677 202 61 venturum.
2003 677 125 61 Tria
2080 677 156 61 itaque

453 714 127 70 haec
533 714 127 70 sunt
612 714 159 70 quibus
724 714 191 70 scientia
867 714 143 70 omnis
962 714 80 70 &
994 714 207 70 prophetia
1153 714 191 70 militat,
1296 714 159 70 fides,
1408 714 143 70 spes,
1503 714 80 70 &
1535 714 207 70 charitas.
1694 714 223 70 Quapropter
1869 714 111 70 cum
1933 714 175 70 quisque
2044 714 159 70 cognoue-

454 763 112 79 rit
518 763 145 79 finem
615 763 209 79 praecepti
775 763 129 79 esse
856 763 225 79 charitatem
1032 763 96 79 de
1080 763 145 79 corde
1177 763 129 79 puro
1257 763 80 79 &
1289 763 241 79 conscientia
1482 763 129 79 bona
1562 763 80 79 &
1594 763 129 79 fide
1675 763 112 79 non
1739 763 161 79 ficta:
1852 763 145 79 omnem
1948 763 241 79 intellectum
2125 763 96 79 diui

459 823 152 71 narum
561 823 270 71 scripturarum
780 823 101 71 ad
831 823 135 71 ista
915 823 135 71 tria
1000 823 237 71 relaturus,
1186 823 101 71 ad
1237 823 270 71 tractationem
1456 823 186 71 illorum
1592 823 203 71 librorum
1744 823 186 71 securus
1879 823 203 71 accedat.
2031 823 101 71 Et
2082 823 135 71 quia
2149 823 68 71 ea

467 880 118 76 quae
541 880 118 76 spei
615 880 118 76 sunt
689 880 74 76 &
718 880 221 76 charitatis,
895 880 103 76 sub
954 880 118 76 ista
1028 880 177 76 scientia
1161 880 103 76 non
1220 880 162 76 cadunt:
1338 880 118 76 nisi
1412 880 192 76 inquantum
1560 880 118 76 sunt
1633 880 103 76 res
1692 880 148 76 fidei:
1796 880 118 76 vnde
1870 880 74 76 &
1899 880 118 76 ista
1973 880 192 76 scientia,
2106 880 103 76 fidei

453 937 188 65 scientia
594 937 235 65 nuncupatur:
783 937 219 65 quaecumque
955 937 125 65 enim
1033 937 94 65 in
1080 937 125 65 ista
1159 937 188 65 scientia
1300 937 235 65 tractantur:
1488 937 110 65 sic
1551 937 204 65 exponenda
1707 937 125 65 sunt
1786 937 157 65 omnia:
1895 937 94 65 vt
1943 937 94 65 ad
1990 937 172 65 regulam
2099 937 110 65 fidei

460 988 215 63 dirigantur.
632 988 172 63 secundum
761 988 115 63 quod
832 988 129 63 dicit
918 988 215 63 Augustinus,
1090 988 100 63 xv.
1148 988 86 63 de
1191 988 172 63 civitate
1320 988 115 63 dei,
1391 988 115 63 quae
1463 988 100 63 hic
1520 988 186 63 exponenda
1663 988 129 63 sunt,
1749 988 115 63 etsi
1821 988 100 63 non
1878 988 100 63 vno
1936 988 215 63 disseruntur
2108 988 129 63 modo,

465 1047 99 65 ad
515 1047 132 65 vnam
598 1047 149 65 tamen
697 1047 149 65 fidei
796 1047 231 65 catholicae
977 1047 231 65 concordiam
1159 1047 215 65 reuocanda
1324 1047 149 65 sunt.
1423 1047 149 65 Quare
1522 1047 116 65 cum
1588 1047 132 65 ista
1671 1047 198 65 scientia
1820 1047 116 65 non
1886 1047 198 65 continet
2034 1047 132 65 nisi
2100 1047 116 65 tria,

464 1095 126 67 quae
543 1095 221 67 ordinantur
717 1095 95 67 ad
764 1095 126 67 tria
843 1095 126 67 bona
922 1095 237 67 consequenda
1111 1095 95 67 in
1159 1095 126 67 vita
1238 1095 142 67 ista,
1332 1095 205 67 credenda.
1490 1095 189 67 scilicet
1632 1095 95 67 vt
1679 1095 79 67 a
1711 1095 142 67 nobis
1806 1095 221 67 credantur,
1979 1095 205 67 diligenda
2137 1095 95 67 vt
2169 1095 47 67 a

461 1158 157 59 nobis
565 1158 261 59 diligantur,
774 1158 209 59 speranda
930 1158 104 59 vt
983 1158 87 59 a
1017 1158 157 59 nobis
1122 1158 244 59 sperentur,
1313 1158 87 59 &
1348 1158 104 59 de
1400 1158 191 59 omnibus
1539 1158 122 59 his
1609 1158 157 59 sacra
1713 1158 226 59 scriptura
1887 1158 209 59 tractat:
2044 1158 104 59 vt
2096 1158 104 59 de
2131 1158 87 59 eis

469 1208 124 63 quae
546 1208 139 63 fidei
638 1208 139 63 sunt:
731 1208 108 63 est
793 1208 124 63 enim
870 1208 139 63 fides
963 1208 247 63 credibilium,
1163 1208 262 63 diligibilium,
1379 1208 77 63 &
1410 1208 247 63 sperandorum:
1611 1208 139 63 omnis
1704 1208 124 63 ergo
1781 1208 201 63 expositio
1935 1208 154 63 sacrae
2028 1208 185 63 scripturae

472 1255 178 72 tendere
602 1255 146 72 debet
699 1255 97 72 ad
747 1255 130 72 haec
829 1255 130 72 tria
910 1255 195 72 secundum
1056 1255 178 72 regulam
1185 1255 162 72 fidei:
1299 1255 195 72 scilicet
1445 1255 97 72 vt
1493 1255 211 72 credantur
1655 1255 243 72 credibilia,
1850 1255 97 72 vt
1899 1255 227 72 diligantur
2061 1255 162 72 diligibi

462 1305 132 65 lia:
544 1305 99 65 vt
593 1305 214 65 sperentur
758 1305 214 65 speranda.
923 1305 148 65 Quare
1022 1305 115 65 cum
1088 1305 214 65 scriptura
1253 1305 148 65 sacra
1352 1305 198 65 notitiam
1500 1305 165 65 tradat
1615 1305 264 65 credibilium,
1829 1305 280 65 diligibilium,
2060 1305 82 65 &
2077 1305 148 65 speran-

455 1363 163 67 dorum:
569 1363 114 67 non
634 1363 114 67 tam
699 1363 98 67 in
748 1363 179 67 seipsis
878 1363 244 67 literaliter
1073 1363 130 67 illa
1155 1363 147 67 nobis
1252 1363 260 67 describendo,
1464 1363 130 67 quam
1545 1363 98 67 ex
1594 1363 212 67 quibusdam
1757 1363 163 67 factis
1871 1363 81 67 &
1903 1363 163 67 gestis
2017 1363 130 67 quae
2099 1363 163 67 narrat

465 1415 143 59 nobis
561 1415 96 59 ea
608 1415 239 59 insinuando.
800 1415 111 59 Non
863 1415 143 59 solum
959 1415 127 59 enim
1038 1415 191 59 scientia
1182 1415 127 59 ista
1261 1415 191 59 loquitur
1405 1415 191 59 vocibus,
1548 1415 143 59 sicut
1644 1415 159 59 aliae,
1755 1415 111 59 sed
1819 1415 143 59 etiam
1914 1415 191 59 loquitur
2058 1415 159 59 rebus:
2153 1415 64 59 ex

463 1471 158 70 factis
574 1471 142 70 autem
669 1471 79 70 &
700 1471 158 70 gestis
811 1471 174 70 illorum
937 1471 174 70 notitia
1064 1471 205 70 insinuari
1222 1471 111 70 non
1285 1471 174 70 potest,
1411 1471 126 70 nisi
1490 1471 158 70 gestis
1601 1471 142 70 ipsis
1696 1471 142 70 primo
1791 1471 95 70 in
1838 1471 95 70 se
1885 1471 237 70 literaliter
2059 1471 174 70 praecogni

464 1518 138 73 tis.
550 1518 172 73 Duplex
671 1518 172 73 igitur
791 1518 224 73 expositio
964 1518 241 73 scripturae
1154 1518 172 73 sacrae
1274 1518 155 73 nobis
1378 1518 103 73 in
1430 1518 172 73 primis
1550 1518 241 73 necessaria
1740 1518 138 73 est.
1826 1518 121 73 Vna
1895 1518 103 73 ad
1947 1518 276 73 cognoscendum
2154 1518 69 73 ve

464 1575 182 56 ritatem
597 1575 116 56 rei
663 1575 99 56 in
713 1575 149 56 ipsis
812 1575 166 56 factis
928 1575 83 56 &
961 1575 182 56 gestis,
1093 1575 166 56 quibus
1209 1575 132 56 alia
1292 1575 265 56 intelligenda
1507 1575 149 56 nobis
1607 1575 265 56 insinuantur:
1822 1575 132 56 quae
1905 1575 232 56 appellatur
2070 1575 149 56 exposi-

458 1633 119 68 tio
526 1633 222 68 historica
697 1633 136 68 siue
782 1633 239 68 literalis:
969 1633 153 68 supra
1071 1633 136 68 quam
1157 1633 153 68 debet
1259 1633 187 68 fundari
1395 1633 222 68 expositio
1565 1633 273 68 spiritualis.
1787 1633 136 68 Alia
1872 1633 136 68 vero
1957 1633 102 68 ad
1991 1633 239 68 cognoscendum

464 1682 138 60 illa
550 1682 121 60 qua
619 1682 121 60 per
688 1682 155 60 facta
792 1682 86 60 &
827 1682 155 60 gesta
930 1682 225 60 huiusmodi
1103 1682 276 60 intelligenda
1328 1682 276 60 insinuantur,
1552 1682 138 60 quae
1639 1682 242 60 appellatur
1829 1682 225 60 expositio
2001 1682 190 60 mystica
2122 1682 104 60 siue

465 1741 255 54 spiritualis.
673 1741 176 54 Propter
800 1741 144 54 istam
896 1741 192 54 duplicem
1040 1741 271 54 expositionem.
1263 1741 176 54 dicitur
1391 1741 96 54 de
1439 1741 176 54 muliere
1567 1741 144 54 forti
1662 1741 96 54 in
1710 1741 176 54 persona
1838 1741 223 54 ecclesiae.
2013 1741 176 54 Prouer.
2125 1741 96 54 vlt.

456 1791 123 71 Non
527 1791 193 71 timebit
667 1791 158 71 domui
773 1791 140 71 suae
860 1791 88 71 a
895 1791 246 71 frigoribus
1089 1791 176 71 niuis.
1212 1791 158 71 omnes
1317 1791 140 71 enim
1405 1791 228 71 domestici
1580 1791 123 71 sui
1651 1791 193 71 vestiti
1791 1791 140 71 sunt
1879 1791 263 71 duplicibus.
2072 1791 158 71 Domesti

471 1848 94 67 ci
518 1848 141 67 autem
612 1848 125 67 sunt
691 1848 188 67 doctores
832 1848 157 67 sacrae
942 1848 235 67 scripturae,
1130 1848 110 67 qui
1192 1848 125 67 sunt
1271 1848 172 67 vestiti
1396 1848 235 67 duplicibus.
1584 1848 94 67 i.
1631 1848 172 67 duplici
1757 1848 235 67 expositione
1945 1848 157 67 sacrae
2039 1848 188 67 scripturae

462 1900 220 71 historica.
635 1900 188 71 scilicet
776 1900 79 71 &
808 1900 173 71 mystica
933 1900 173 71 muniti.
1059 1900 94 71 Et
1106 1900 126 71 ideo
1185 1900 110 71 non
1247 1900 173 71 timebit
1373 1900 141 71 domui
1467 1900 141 71 suae.
1561 1900 94 71 id
1609 1900 110 71 est
1671 1900 220 71 scripturae
1844 1900 173 71 sacrae:
1970 1900 94 71 in
2017 1900 141 71 cuius
2095 1900 126 71 contem

459 1952 185 76 platione
597 1952 231 76 requiescit:
782 1952 77 76 a
813 1952 216 76 frigoribus
982 1952 169 76 niuisi.
1106 1952 123 76 is.t
1183 1952 154 76 errore
1290 1952 216 76 haereticae
1460 1952 231 76 prauitatis.
1645 1952 246 76 Quandocumque
1845 1952 123 76 enim
1922 1952 92 76 ab
1968 1952 108 76 eis
2030 1952 169 76 aliquod
2153 1952 108 76 ab-

462 2010 170 63 surdum
581 2010 237 63 proponitur
767 2010 102 63 in
818 2010 153 63 sensu
920 2010 220 63 literali:
1089 2010 170 63 statim
1208 2010 102 63 ad
1259 2010 153 63 sanum
1360 2010 254 63 intellectum
1564 2010 186 63 debemus
1700 2010 220 63 recurrere
1869 2010 271 63 spiritualem.
2089 2010 102 63 Et
2123 2010 102 63 quia

467 2057 116 73 per
534 2057 150 73 facta
634 2057 83 73 &
667 2057 150 73 gesta
767 2057 216 73 literalia
933 2057 150 73 huius
1033 2057 216 73 scientiae
1199 2057 166 73 fidei,
1316 2057 150 73 nobis
1416 2057 266 73 intelligenda
1632 2057 116 73 non
1699 2057 250 73 insinuantur
1898 2057 133 73 nisi
1981 2057 133 73 illa
2065 2057 100 73 in
2098 2057 133 73 quibus

463 2118 146 66 ipsa
554 2118 127 66 nos
627 2118 237 66 informare
809 2118 237 66 intendit,
991 2118 237 66 videlicet
1173 2118 146 66 quid
1264 2118 255 66 credendum,
1464 2118 146 66 quid
1555 2118 273 66 diligendum,
1773 2118 146 66 quid
1864 2118 255 66 sperandum:
2064 2118 109 66 ad
2119 2118 146 66 quae

465 2169 176 58 tendere
593 2169 144 58 debet
689 2169 144 58 omnis
785 2169 240 58 spiritualis
977 2169 208 58 expositio
1137 2169 144 58 huius
1233 2169 208 58 scientiae
1392 2169 192 58 secundum
1536 2169 176 58 regulam
1664 2169 160 58 fidei:
1776 2169 176 58 Idcirco
1904 2169 240 58 spiritualis
2080 2169 144 58 exposi-

471 2218 116 61 tio
538 2218 182 61 triplex
670 2218 133 61 est,
753 2218 83 61 &
786 2218 166 61 tantum
902 2218 199 61 triplex,
1051 2218 116 61 vna
1118 2218 99 61 ad
1167 2218 249 61 insinuandum
1366 2218 149 61 nobis
1466 2218 99 61 ex
1515 2218 166 61 factis
1631 2218 83 61 &
1665 2218 166 61 gestis
1781 2218 133 61 quid
1863 2218 232 61 credendum:
2046 2218 133 61 alia
2129 2218 133 61 quid

469 2278 241 67 diligendum:
662 2278 161 67 tertia
775 2278 129 67 quid
855 2278 225 67 sperandum.
1032 2278 145 67 Prima
1129 2278 177 67 dicitur
1257 2278 241 67 allegorica.
1451 2278 177 67 Secunda
1579 2278 257 67 tropologica.
1789 2278 161 67 Tertia
1901 2278 225 67 anagogica.
2062 2278 161 67 Allegori

471 2333 101 72 ca
522 2333 152 72 autem
623 2333 220 72 expositio
792 2333 135 72 est,
877 2333 135 72 quae
962 2333 101 72 in
1012 2333 220 72 credendis
1181 2333 152 72 nobis
1283 2333 203 72 insinuat
1435 2333 169 72 arcana
1553 2333 237 72 sacramenta
1739 2333 169 72 primae
1858 2333 237 72 veritatis:
2044 2333 101 72 in
2078 2333 135 72 quibus

457 2384 126 63 per
529 2384 161 63 fidem
636 2384 197 63 Christi
780 2384 215 63 fundatur
941 2384 233 63 ecclesia.
1121 2384 197 63 Idcirco
1264 2384 144 63 enim
1354 2384 251 63 allegorica
1551 2384 233 63 expositio
1731 2384 215 63 respicit
1892 2384 215 63 Christum
2054 2384 90 63 &
2071 2384 144 63 eccle-

470 2441 141 55 siam:
565 2441 126 55 quia
643 2441 94 55 in
690 2441 204 55 trinitate
848 2441 204 55 diuinarum
1005 2441 220 55 personarum
1178 2441 173 55 notitia
1303 2441 236 55 credendorum
1492 2441 189 55 refertur
1634 2441 94 55 ad
1681 2441 173 55 filium,
1807 2441 94 55 eo
1854 2441 126 55 quod
1932 2441 94 55 ei
1979 2441 252 55 appropriatur
2168 2441 63 55 sa

470 2494 222 65 pientia.
637 2494 278 65 Tropologica
859 2494 167 65 autem
971 2494 241 65 expositio
1156 2494 148 65 quae
1248 2494 111 65 in
1304 2494 259 65 diligendis
1508 2494 167 65 nobis
1619 2494 222 65 insinuat
1785 2494 241 65 incentiua
1971 2494 185 65 amoris
2082 2494 148 65 summae

467 2544 255 71 bonitatis:
667 2544 182 71 quibus
795 2544 127 71 per
867 2544 255 71 charitatem
1068 2544 109 71 in
1122 2544 164 71 nobis
1232 2544 164 71 mores
1341 2544 91 71 &
1377 2544 164 71 forma
1487 2544 200 71 viuendi
1632 2544 310 71 instituuntur.
1887 2544 200 71 Idcirco
2033 2544 146 71 enim
2106 2544 109 71 tro-

473 2592 212 72 pologica
632 2592 230 72 expositio
809 2592 212 72 respicit
968 2592 212 72 virtutum
1127 2592 300 72 informationem
1374 2592 106 72 in
1427 2592 159 72 anima
1533 2592 177 72 iusta,
1657 2592 88 72 &
1692 2592 212 72 refertur
1851 2592 106 72 ad
1904 2592 212 72 spiritum
2045 2592 177 72 sanctum,

471 2640 151 84 quia
565 2640 113 84 ei
622 2640 302 84 appropriatur
867 2640 226 84 bonitas.
1037 2640 245 84 Anagogica
1226 2640 170 84 autem
1339 2640 245 84 expositio
1528 2640 132 84 qua
1603 2640 113 84 in
1660 2640 283 84 expectandis
1886 2640 170 84 nobis
1981 2640 245 84 insinuantur

473 2703 205 71 immensa
622 2703 186 71 gaudia
752 2703 260 71 aeternorum
957 2703 223 71 bonorum,
1124 2703 112 71 ad
1180 2703 149 71 quae
1273 2703 279 71 adipiscenda
1497 2703 130 71 per
1571 2703 149 71 spem
1664 2703 242 71 erigimur.
1850 2703 205 71 Idcirco
1999 2703 149 71 enim
2092 2703 167 71 anago

477 2757 132 64 gica
559 2757 214 64 expositio
724 2757 198 64 respicit
872 2757 181 64 praemia
1004 2757 181 64 superna
1136 2757 99 64 in
1186 2757 132 64 vita
1268 2757 198 64 aeterna,
1417 2757 82 64 &
1450 2757 198 64 refertur
1598 2757 99 64 ad
1648 2757 181 64 patrem:
1780 2757 132 64 quia
1862 2757 132 64 ipsi
1945 2757 231 64 aeternitas
2110 2757 115 64 appro

465 2810 215 63 priatur:
627 2810 108 63 vt
680 2810 162 63 tamen
788 2810 144 63 ista
878 2810 197 63 triplex
1021 2810 233 63 expositio
1201 2810 197 63 mystica
1345 2810 108 63 in
1398 2810 162 63 vnica
1506 2810 269 63 expositione
1721 2810 233 63 historica
1901 2810 215 63 fundata,
2045 2810 179 63 perfecte

468 2866 195 72 quodam
605 2866 156 72 modo
703 2866 273 72 respondeat
917 2866 254 72 trinitati
1112 2866 254 72 diuinarum
1307 2866 273 72 personarum
1522 2866 117 72 in
1580 2866 215 72 vnitate
1736 2866 254 72 essentiae
1931 2866 273 72 radicatae:
2126 2866 98 72 cui

469 2911 158 88 fidei
575 2911 193 88 veritas
716 2911 105 88 in
768 2911 123 88 hac
839 2911 211 88 scientia
997 2911 246 88 innititur.
1190 2911 105 88 De
1243 2911 158 88 istis
1349 2911 176 88 tribus
1472 2911 316 88 expositionibus
1735 2911 299 88 spiritualibus
1964 2911 246 88 intelligimus

467 2973 152 69 dici
562 2973 171 69 illud
676 2973 324 69 Prouerbiorum.
943 2973 190 69 xxiii.
1076 2973 190 69 Appone
1209 2973 133 69 cor
1285 2973 152 69 tuum
1381 2973 114 69 ad
1438 2973 247 69 doctrinam
1628 2973 171 69 meam:
1742 2973 114 69 vt
1799 2973 133 69 sit
1875 2973 114 69 in
1933 2973 152 69 domo
2028 2973 133 69 mea
2085 2973 133 69 fidu-

464 3021 149 61 cia.
576 3021 149 61 Vnde
669 3021 205 61 ostendi
818 3021 149 61 tibi
911 3021 130 61 eam
986 3021 93 61 &
1023 3021 242 61 descripsi
1209 3021 130 61 eam
1284 3021 298 61 tripliciter:
1526 3021 112 61 vt
1582 3021 261 61 ostenderem
1787 3021 149 61 tibi
1880 3021 261 61 firmitatem
2085 3021 93 61 &
2103 3021 112 61 elo-

472 3078 136 64 quia
557 3078 237 64 veritatis.
743 3078 102 64 Re
794 3078 136 64 vera
879 3078 186 64 fiducia
1014 3078 220 64 ecclesiae
1184 3078 119 64 est
1251 3078 102 64 ex
1302 3078 220 64 firmitate
1472 3078 271 64 auctoritatis
1692 3078 169 64 sacrae
1810 3078 254 64 scripturae:
2014 3078 102 64 vt
2065 3078 152 64 supra
2149 3078 68 64 di

470 3135 127 67 ctum
549 3135 127 67 est:
629 3135 127 67 quae
708 3135 270 67 spiritualiter
930 3135 222 67 intellecta
1104 3135 174 67 nunquam
1231 3135 206 67 vacillat.
1390 3135 143 67 Simul
1485 3135 143 67 autem
1580 3135 95 67 de
1627 3135 143 67 istis
1723 3135 174 67 quatuor
1849 3135 190 67 sensibus
1992 3135 79 67 &
2008 3135 206 67 expositioni

462 3182 128 74 bus
535 3182 182 74 sacrae
662 3182 273 74 scripturae:
881 3182 164 74 dicit
990 3182 255 74 Augustinus
1191 3182 109 74 in
1246 3182 237 74 principio
1428 3182 164 74 super
1537 3182 146 74 Gen.
1629 3182 109 74 In
1683 3182 182 74 libris
1811 3182 201 74 omnibus
1957 3182 201 74 sanctis
2084 3182 128 74 intue

464 3237 108 95 ri
518 3237 217 95 oportet,
681 3237 145 95 quae
771 3237 126 95 ibi
843 3237 199 95 aeterna
988 3237 253 95 intimentur
1186 3237 145 95 (hoc
1277 3237 126 95 quo
1349 3237 108 95 ad
1403 3237 181 95 sensum
1530 3237 271 95 anagogicum)
1746 3237 145 95 quae
1837 3237 163 95 facta
1945 3237 235 95 narrentur
2108 3237 108 95 (hoc
