2350 3749
85 278 142 98 quod
174 278 267 98 prosequitur
388 278 249 98 explanando
583 278 89 98 &
619 278 338 98 exemplificando.
904 278 196 98 Quaedam
1046 278 142 98 vero
1135 278 107 98 vt
1189 278 160 98 dicit
1295 278 125 98 ita
1367 278 214 98 contexta
1527 278 160 98 sunt,
1633 278 107 98 vt
1687 278 107 98 in
1722 278 125 98 eorum

86 364 244 71 discussione
281 364 81 71 &
314 364 228 71 intellectu
493 364 196 71 immensum
640 364 147 71 nobis
738 364 212 71 exercitii
901 364 163 71 campum
1015 364 98 71 ac
1064 364 293 71 sollicitudinis
1308 364 228 71 reseruent.
1487 364 179 71 Quaedam
1618 364 130 71 vero
1699 364 179 71 vtroque

86 419 147 68 modo
178 419 111 68 se
233 419 203 68 habent,
381 419 147 68 quae
473 419 184 68 statim
602 419 221 68 declarat
768 419 203 68 dicens.
915 419 184 68 ltaque
1044 419 166 68 satis
1155 419 203 68 proprie
1302 419 184 68 diuina
1431 419 240 68 scriptura
1616 419 147 68 agro
1690 419 147 68 optimo

86 471 103 66 ac
137 471 189 66 fertili
275 471 258 66 comparatur,
481 471 120 66 qui
550 471 155 66 multa
653 471 189 66 gignat,
791 471 103 66 ac
843 471 206 66 proferat
997 471 103 66 ad
1049 471 206 66 hominium
1204 471 189 66 victum:
1341 471 103 66 vt
1393 471 138 66 sine
1479 471 172 66 aliqua
1599 471 155 66 ignis
1685 471 155 66 coctio-

78 521 106 63 ne
131 521 265 63 proficiant.
344 521 195 63 Quaedam
485 521 142 63 vero
574 521 142 63 nisi
662 521 159 63 prius
768 521 195 63 flammae
910 521 177 63 calore
1034 521 212 63 mitigata
1193 521 159 63 atque
1299 521 195 63 mollita
1441 521 159 63 omnem
1547 521 283 63 austeritatem
1760 521 88 63 de-

92 573 247 74 posuerint
282 573 285 74 cruditatis,
509 573 133 74 vel
585 573 322 74 incongruentia
851 573 190 74 vsibus
983 573 228 74 humanis,
1154 573 133 74 vel
1230 573 171 74 noxia
1344 573 285 74 sentientur.
1571 573 228 74 Nonnulla
1723 573 114 74 vero

80 633 129 70 ita
153 633 203 70 vtrique
301 633 148 70 vsui
394 633 148 70 apta
486 633 259 70 nascuntur:
690 633 111 70 vt
745 633 129 70 nec
819 633 166 70 cocta
930 633 129 70 sua
1004 633 240 70 cruditate
1189 633 296 70 displiceant,
1430 633 129 70 vel
1504 633 259 70 offendant:
1707 633 92 70 &
1726 633 129 70 tamen

88 681 171 85 ignis
202 681 189 85 calore
334 681 208 85 decocta
486 681 265 85 salubriora
694 681 265 85 reddantur.
903 681 171 85 Plura
1016 681 189 85 quoque
1149 681 114 85 ad
1206 681 171 85 escam
1320 681 265 85 tantummodo
1528 681 360 85 irrationabilium

87 738 262 66 iumentorum
293 738 94 66 &
331 738 262 66 animalium,
537 738 131 66 vel
611 738 206 66 ferarum
761 738 112 66 ac
817 738 225 66 volucrum
986 738 281 66 proferuntur
1210 738 168 66 cibis
1323 738 225 66 hominium
1491 738 187 66 minime
1603 738 225 66 profutura,

81 790 145 68 quae
171 790 163 68 etiam
280 790 108 68 in
334 790 127 68 sua
406 790 253 68 asperitate
605 790 217 68 manentia
768 790 181 68 absque
894 790 145 68 vlla
985 790 163 68 ignis
1093 790 217 68 coctione
1256 790 199 68 vitalem
1400 790 217 68 iumentis
1563 790 235 68 conferunt
1726 790 108 68 satu

78 840 218 71 ritatem.
241 840 145 71 Quam
332 840 218 71 rationem
495 840 163 71 satis
604 840 236 71 euidenter
785 840 236 71 aspicimus
967 840 109 71 in
1021 840 127 71 hoc
1093 840 272 71 vberrimorum
1311 840 290 71 spiritualium
1547 840 290 71 scripturarum
1764 840 73 71 pa

79 896 177 59 radiso
203 896 248 59 contineri,
398 896 106 59 in
451 896 124 59 quo
522 896 124 59 ita
593 896 195 59 quaedam
735 896 319 59 significatione
1001 896 195 59 literae
1143 896 160 59 plana
1249 896 106 59 ac
1302 896 230 59 luculenta
1480 896 284 59 resplendent:
1710 896 106 59 vt
1745 896 89 59 cum

77 951 248 67 sublimiore
272 951 337 67 interpretatione
556 951 124 67 non
627 951 195 67 egeant,
769 951 213 67 simplici
929 951 177 67 tantum
1053 951 142 67 sono
1142 951 195 67 literae
1284 951 231 67 abundent,
1461 951 213 67 pascant,
1621 951 106 67 ac
1657 951 177 67 nutriant

76 1009 245 61 audientes:
269 1009 105 61 vt
322 1009 123 61 est
392 1009 175 61 illud.
514 1009 140 61 Audi
602 1009 193 61 Israel,
742 1009 175 61 domins
864 1009 140 61 deus
952 1009 140 61 tuus
1039 1009 140 61 deus
1127 1009 140 61 vnus
1214 1009 140 61 est,
1302 1009 88 61 &
1337 1009 193 61 Diliges
1477 1009 193 61 dominum
1617 1009 140 61 deum
1704 1009 140 61 tuum
1774 1009 70 61 ex

87 1056 147 74 toto
179 1056 166 74 corde
289 1056 147 74 tuo,
382 1056 92 74 &
418 1056 111 74 ex
474 1056 147 74 tota
566 1056 166 74 anima
677 1056 147 74 tua,
769 1056 92 74 &
806 1056 111 74 ex
861 1056 147 74 tota
953 1056 166 74 mente
1064 1056 147 74 tua.
1156 1056 203 74 Quaedam
1303 1056 166 74 autem
1414 1056 111 74 si
1469 1056 258 74 allegorica
1654 1056 184 74 explana-

74 1111 162 58 tione
182 1111 234 58 attenuata
362 1111 126 58 non
434 1111 216 58 fuerint,
596 1111 90 58 &
632 1111 270 58 spiritualis
848 1111 162 58 ignis
956 1111 288 58 examinatione
1190 1111 216 58 mollita,
1352 1111 162 58 nullo
1460 1111 144 58 modo
1550 1111 108 58 ad
1604 1111 198 58 salutem
1748 1111 126 58 in-

88 1158 211 78 terioris
247 1158 193 78 hominis
387 1158 141 78 sine
475 1158 281 78 corruptionis
703 1158 141 78 labe
791 1158 263 78 peruenerit.
1002 1158 211 78 Magisque
1160 1158 105 78 ex
1213 1158 158 78 eorum
1318 1158 263 78 perceptione
1529 1158 176 78 laesio
1652 1158 141 78 quam
1722 1158 123 78 vtili

78 1215 119 60 tas
146 1215 170 60 aliqua
265 1215 273 60 subsequitur:
487 1215 102 60 vt
538 1215 119 60 est
606 1215 170 60 illud.
726 1215 136 60 Sint
811 1215 153 60 lumbi
913 1215 170 60 vestri
1033 1215 256 60 praecincti,
1237 1215 85 60 &
1271 1215 205 60 lucernae
1425 1215 205 60 ardentes
1578 1215 102 60 in
1629 1215 188 60 manibus
1749 1215 85 60 ve-

86 1263 179 74 stris.
212 1263 90 74 &
248 1263 126 74 Qui
319 1263 126 74 non
391 1263 161 74 habet
499 1263 215 74 gladium,
660 1263 179 74 vendat
786 1263 197 74 tunicam
929 1263 144 74 suam
1019 1263 90 74 &
1055 1263 144 74 emat
1144 1263 215 74 gladium.
1306 1263 90 74 &
1342 1263 126 74 Qui
1413 1263 126 74 non
1485 1263 197 74 accipit
1629 1263 179 74 crucem
1736 1263 108 74 suam

81 1323 95 67 &
119 1323 229 67 sequitur
290 1323 133 67 me,
367 1323 133 67 non
443 1323 133 67 est
519 1323 114 67 me
576 1323 209 67 dignus.
728 1323 152 67 Quod
824 1323 190 67 quidam
957 1323 362 67 indiscretissimi
1262 1323 267 67 monachorum
1471 1323 229 67 habentes
1643 1323 190 67 quidem
1757 1323 76 67 Se

92 1377 119 67 lum
160 1377 136 67 dei:
245 1377 119 67 sed
313 1377 119 67 non
381 1377 204 67 secundum
534 1377 238 67 scientiam,
721 1377 255 67 simpliciter
925 1377 289 67 intelligentes
1164 1377 204 67 fecerunt
1317 1377 136 67 sibi
1402 1377 170 67 cruces
1521 1377 204 67 ligneas:
1674 1377 170 67 easque
1776 1377 68 67 iu

83 1432 160 63 giter
190 1432 196 63 humeris
332 1432 320 63 circunferentes
600 1432 125 63 non
671 1432 338 63 aedificationem:
956 1432 125 63 sed
1027 1432 160 63 risum
1134 1432 196 63 cunctis
1276 1432 249 63 videntibus
1472 1432 267 63 intulerunt.
1668 1432 160 63 Nonnul-

86 1492 102 63 la
137 1492 136 63 vero
222 1492 102 63 ad
273 1492 204 63 vtramque
426 1492 272 63 perceptionem
647 1492 119 63 tam
715 1492 238 63 historicam
902 1492 136 63 quam
986 1492 272 63 allegoricam,
1207 1492 119 63 ita
1275 1492 187 63 commode
1411 1492 102 63 ac
1462 1492 238 63 necessarie
1632 1492 204 63 capiuntur:

89 1540 100 66 vt
139 1540 183 66 vtraque
272 1540 233 66 explanatio
456 1540 183 66 vitales
589 1540 166 66 succos
705 1540 166 66 animae
822 1540 283 66 subministret:
1055 1540 100 66 vt
1105 1540 117 66 est
1171 1540 166 66 illud.
1288 1540 100 66 Si
1338 1540 133 66 quis
1421 1540 100 66 te
1471 1540 250 66 percusserit
1671 1540 100 66 in
1704 1540 133 66 dextra

92 1594 184 65 maxilla
226 1594 167 65 praebe
343 1594 100 65 ei
393 1594 83 65 &
426 1594 200 65 alteram,
577 1594 83 65 &
610 1594 117 65 Cum
677 1594 267 65 persequentur
894 1594 117 65 vos
961 1594 100 65 in
1011 1594 200 65 ciuitate
1161 1594 117 65 vna
1228 1594 167 65 fugite
1345 1594 100 65 in
1395 1594 167 65 aliam,
1512 1594 83 65 &
1545 1594 100 65 Si
1595 1594 117 65 vis
1645 1594 184 65 perfectus

96 1648 156 57 esse,
200 1648 139 57 vade
287 1648 87 57 &
321 1648 156 57 vende
426 1648 156 57 omnia
530 1648 139 57 quae
617 1648 156 57 habes
721 1648 87 57 &
755 1648 139 57 veni
842 1648 87 57 &
877 1648 104 57 da
929 1648 243 57 pauperibus
1120 1648 87 57 &
1155 1648 191 57 sequere
1294 1648 122 57 me,
1363 1648 87 57 &
1398 1648 208 57 habitabo
1554 1648 156 57 tecum
1658 1648 104 57 in
1693 1648 139 57 caelo,

84 1696 218 69 Producit
247 1696 145 69 sane
338 1696 91 69 &
374 1696 181 69 fcenum
501 1696 236 69 iumentis,
683 1696 181 69 quibus
810 1696 200 69 pabulis
955 1696 163 69 omnes
1064 1696 290 69 scripturarum
1300 1696 200 69 repleti
1445 1696 145 69 sunt
1536 1696 181 69 campi,
1644 1696 200 69 simplicen

94 1753 192 67 scilicet
238 1753 192 67 puramque
382 1753 240 67 narrationem
574 1753 224 67 historicae
750 1753 224 67 lectionis,
926 1753 112 67 qua
990 1753 256 67 simpliciores
1198 1753 160 67 quique
1310 1753 96 67 ac
1358 1753 144 67 minus
1454 1753 176 67 capaces
1582 1753 208 67 perfectae
1742 1753 80 67 &
1774 1753 96 67 in

83 1805 163 67 tegrae
197 1805 260 67 narrationis,
408 1805 195 67 secundum
554 1805 163 67 status
668 1805 98 67 ac
717 1805 195 67 mensurae
863 1805 130 67 suae
944 1805 260 67 conditionem,
1155 1805 98 67 ad
1204 1805 130 67 opus
1285 1805 163 67 tantum
1399 1805 195 67 actualis
1545 1805 163 67 vitae,
1643 1805 195 67 vegetatio-

92 1862 127 65 res
165 1862 327 65 robustioresque
437 1862 255 65 reddantur.
637 1862 182 65 Dictum
765 1862 236 65 triplicem
947 1862 164 65 modum
1056 1862 236 65 exponendi
1238 1862 164 65 ponit
1347 1862 273 65 Augustinus,
1565 1862 91 65 &
1602 1862 218 65 declarat
1747 1862 91 65 per

87 1906 173 71 exempla.
216 1906 130 71 xvii.
303 1906 86 71 de
346 1906 173 71 civitate
475 1906 115 71 dei.
547 1906 86 71 c.
591 1906 115 71 iii.
663 1906 101 71 per
706 1906 115 71 totum.

121 1967 130 65 Ad
186 1967 216 65 primum
337 1967 130 65 de
402 1967 368 65 catechizandis
705 1967 260 65 rudibus,
900 1967 260 65 dicendum
1094 1967 173 65 quod
1203 1967 151 65 per
1289 1967 173 65 illa
1397 1967 173 65 tria
1505 1967 151 65 non
1570 1967 260 65 intenditur

87 2027 185 68 triplex
222 2027 168 68 sacrae
339 2027 235 68 scripturae
524 2027 235 68 expositio:
708 2027 118 68 sed
775 2027 218 68 triplicis
943 2027 201 68 virtutis
1094 2027 252 68 theologicae
1296 2027 218 68 promotio:
1464 2027 134 68 quae
1548 2027 168 68 potest
1665 2027 151 68 fieri
1766 2027 101 68 in

88 2090 198 61 qualibet
236 2090 264 61 expositione,
450 2090 115 61 vna
516 2090 115 61 vel
582 2090 214 61 pluribus.
780 2090 99 61 Ad
829 2090 198 61 secundum
978 2090 99 61 de
1027 2090 198 61 apostolo
1176 2090 198 61 dicendum
1324 2090 132 61 quod
1406 2090 165 61 dictum
1522 2090 148 61 illud
1621 2090 115 61 non
1687 2090 115 61 est
1736 2090 99 61 nisi

85 2144 190 63 quaedam
223 2144 225 63 adaptatio
396 2144 104 63 ad
448 2144 173 63 sensus
569 2144 173 63 sacrae
691 2144 260 63 scripturae:
898 2144 121 63 sed
968 2144 208 63 realiter
1123 2144 139 63 illa
1210 2144 190 63 quatuor
1349 2144 121 63 pro
1418 2144 190 63 tempore
1556 2144 87 63 &
1591 2144 139 63 loco
1660 2144 156 63 possunt

89 2188 142 65 fieri
184 2188 110 65 per
247 2188 205 65 quodlibet
404 2188 157 65 dictum
514 2188 157 65 sacrae
625 2188 236 65 scripturae.
845 2188 94 65 Ad
892 2188 220 65 argumentum
1065 2188 94 65 in
1113 2188 220 65 oppositum,
1286 2188 126 65 quod
1364 2188 110 65 non
1427 2188 157 65 aliter
1538 2188 189 65 accipere
1679 2188 126 65 quam
1742 2188 79 65 li-

82 2247 135 59 tera
167 2247 169 59 sonat,
285 2247 220 59 laudabile
454 2247 135 59 est,
538 2247 203 59 dicendum
691 2247 135 59 quod
775 2247 152 59 verum
876 2247 118 59 est
944 2247 169 59 primo.
1062 2247 135 59 Vnde
1147 2247 152 59 dicit
1248 2247 101 59 in
1299 2247 220 59 principio
1468 2247 169 59 illius
1569 2247 254 59 auctoritatis,

76 2297 132 55 Hlic
158 2297 148 55 totus
257 2297 148 55 sermo
356 2297 148 55 primo
455 2297 198 55 secundum
603 2297 214 55 historiam
768 2297 264 55 discutiendus
982 2297 132 55 est:
1065 2297 165 55 Deinde
1180 2297 198 55 secundum
1328 2297 247 55 prophetiam.
1526 2297 132 55 Sane
1609 2297 214 55 quicunque
1757 2297 66 55 vo

80 2353 158 62 luerit
191 2353 142 62 omnia
285 2353 110 62 &c.
348 2353 110 62 Per
411 2353 110 62 hoc
474 2353 126 62 ergo
553 2353 110 62 non
616 2353 189 62 excludit
758 2353 126 62 quin
837 2353 142 62 etiam
931 2353 221 62 secundario
1105 2353 110 62 sub
1168 2353 142 62 sensu
1262 2353 189 62 literali
1404 2353 158 62 sensus
1515 2353 236 62 spiritualis
1688 2353 126 62 vbique

79 2407 243 60 quaerendus
270 2407 139 60 sit.
391 2407 104 60 Ad
443 2407 208 60 secundum
599 2407 208 60 dicendum
755 2407 139 60 quod
842 2407 156 60 Augu.
946 2407 121 60 non
1016 2407 208 60 loquitur
1172 2407 121 60 ibi
1241 2407 139 60 nisi
1328 2407 104 60 de
1380 2407 312 60 expositionibus
1640 2407 139 60 quas
1710 2407 121 60 natu-

87 2468 106 53 ra
140 2468 124 53 rei
211 2468 106 53 de
264 2468 106 53 se
317 2468 300 53 inuestigandas
564 2468 229 53 insinuat,
740 2468 106 53 vt
793 2468 176 53 factum
917 2468 141 53 pure
1005 2468 212 53 naturale
1164 2468 124 53 non
1235 2468 212 53 insinuat
1393 2468 141 53 nisi
1482 2468 247 53 historicum
1658 2468 159 53 sensum:

75 2513 187 59 factum
206 2513 149 59 vero
299 2513 131 59 per
374 2513 205 59 diuinum
523 2513 243 59 oraculum,
710 2513 93 59 &
747 2513 261 59 historicum
952 2513 93 59 &
989 2513 243 59 mysticum.
1176 2513 187 59 factum
1307 2513 149 59 vero
1400 2513 149 59 quid
1493 2513 187 59 natura
1624 2513 93 59 &
1642 2513 187 59 proprie-

78 2564 124 59 tas
149 2564 159 59 rerum
255 2564 124 59 non
325 2564 212 59 patitur,
484 2564 212 59 mysticum
643 2564 194 59 tantum.
784 2564 212 59 secundum
943 2564 141 59 quod
1031 2564 247 59 concordant
1225 2564 194 59 exempla
1366 2564 141 59 eius
1455 2564 88 59 &
1490 2564 194 59 dictum.
1631 2564 159 59 Dicit
1719 2564 106 59 enim

83 2618 130 59 sic.
164 2618 146 59 Saepe
261 2618 178 59 apertis
391 2618 227 59 sermonibus
569 2618 211 59 insinuat:
731 2618 97 59 in
780 2618 162 59 quibus
894 2618 146 59 nihil
991 2618 178 59 praeter
1121 2618 130 59 quid
1202 2618 162 59 sonuit
1315 2618 178 59 inuitat
1445 2618 243 59 quaerendum:
1639 2618 97 59 vt
1688 2618 114 59 est
1737 2618 97 59 quia

84 2672 182 66 Abraham
217 2672 165 66 genuit
333 2672 165 66 lsaac,
448 2672 149 66 lsaac
548 2672 165 66 genuit
663 2672 165 66 lacob,
779 2672 83 66 &
812 2672 182 66 caetera
944 2672 165 66 talia,
1060 2672 99 66 in
1110 2672 165 66 quibus
1226 2672 132 66 sola
1308 2672 182 66 tenenda
1441 2672 116 66 est
1507 2672 182 66 litera.
1639 2672 182 66 Quaedam
1755 2672 66 66 au

88 2724 126 59 tem
160 2724 126 59 sic
232 2724 252 59 commendat,
430 2724 108 59 vt
484 2724 198 59 pariter
628 2724 198 59 literam
772 2724 90 59 &
808 2724 216 59 mysticum
971 2724 270 59 intellectum
1187 2724 234 59 instruat:
1367 2724 108 59 vt
1421 2724 108 59 in
1475 2724 216 59 transitu
1637 2724 162 59 maris
1727 2724 90 59 ru-

87 2777 138 71 bri,
173 2777 86 71 &
208 2777 155 71 manna
311 2777 207 71 caelesti
466 2777 86 71 &
501 2777 259 71 tabernaculo
708 2777 155 71 atque
811 2777 138 71 arca
898 2777 259 71 testamenti.
1105 2777 190 71 Quaedam
1243 2777 173 71 tantum
1363 2777 207 71 mystice:
1519 2777 104 71 vt
1570 2777 121 71 cum
1639 2777 138 71 deum
1708 2777 121 71 dicit

86 2832 273 55 insufflasse
304 2832 109 55 in
359 2832 182 55 faciem
486 2832 146 55 Adam
577 2832 255 55 spiraculum
777 2832 182 55 vitae,
905 2832 127 55 qui
978 2832 109 55 os
1032 2832 109 55 ad
1087 2832 237 55 spirandum
1269 2832 127 55 non
1342 2832 182 55 habet.
1469 2832 146 55 Vnde
1560 2832 164 55 licet
1669 2832 109 55 in
1706 2832 127 55 primo

76 2883 132 69 modo
159 2883 99 69 ex
209 2883 165 69 natura
325 2883 149 69 facti
424 2883 165 69 litera
540 2883 116 69 non
606 2883 182 69 inuitat
738 2883 99 69 ad
788 2883 232 69 quaerendum
970 2883 149 69 aliud
1069 2883 132 69 quam
1152 2883 132 69 quid
1234 2883 165 69 sonat,
1350 2883 248 69 nihilominus
1549 2883 149 69 tamen
1648 2883 149 69 aliud
1731 2883 99 69 bene

84 2937 166 59 potest
200 2937 248 59 inuestigare
399 2937 99 59 ex
449 2937 248 59 proprietate
647 2937 166 59 rerum.
763 2937 132 59 Vnde
846 2937 116 59 Mat
912 2937 99 59 id
962 2937 116 59 est
1028 2937 149 59 super
1128 2937 166 59 illud.
1243 2937 182 59 Abraham
1376 2937 166 59 genuit
1492 2937 166 59 lsaac,
1608 2937 149 59 lsaac
1691 2937 132 59 genuit

81 2995 170 63 lacob.
200 2995 153 63 Glos.
302 2995 204 63 interli.
455 2995 153 63 Eides
557 2995 170 63 genuit
676 2995 153 63 spem,
778 2995 153 63 fides
880 2995 85 63 &
914 2995 136 63 spes
1000 2995 255 63 charitatem.
1204 2995 85 63 &
1238 2995 119 63 ita
1306 2995 136 63 Glo.
1391 2995 170 63 factum
1510 2995 153 63 illud
1612 2995 187 63 exponit
1748 2995 119 63 mo-

86 3045 201 61 taliter.
237 3045 134 61 Quod
321 3045 134 61 ergo
404 3045 151 61 dicit
505 3045 251 61 Augustinus,
706 3045 134 61 quod
789 3045 100 61 in
839 3045 184 61 talibus
973 3045 134 61 sola
1057 3045 167 61 litera
1174 3045 117 61 est
1241 3045 201 61 tenenda:
1392 3045 117 61 non
1459 3045 201 61 intendit
1609 3045 134 61 quin
1693 3045 134 61 alia
1760 3045 67 61 ex

79 3103 192 61 positio
218 3103 122 61 sit
288 3103 245 61 quaerenda:
480 3103 122 61 sed
550 3103 140 61 quod
637 3103 175 61 nullam
760 3103 157 61 aliam
864 3103 192 61 oportet
1004 3103 227 61 quaerere,
1179 3103 140 61 immo
1266 3103 192 61 quantum
1406 3103 122 61 est
1476 3103 105 61 ex
1528 3103 175 61 natura
1650 3103 157 61 facti
1738 3103 87 61 il-

80 3151 158 84 lius,
186 3151 175 84 litera
308 3151 140 84 etsi
396 3151 140 84 sola
484 3151 298 84 consideretur,
729 3151 193 84 tenenda
869 3151 140 84 est.
957 3151 123 84 Non
1027 3151 123 84 sic
1097 3151 105 84 in
1150 3151 193 84 secundo
1290 3151 158 84 modo:
1395 3151 123 84 vbi
1465 3151 193 84 oportet
1605 3151 105 84 ad
1640 3151 193 84 mysterium

81 3204 204 78 currere,
234 3204 136 78 quia
319 3204 136 78 illa
405 3204 119 78 non
473 3204 136 78 sunt
558 3204 170 78 facta,
677 3204 136 78 nisi
762 3204 102 78 ad
813 3204 136 78 alia
899 3204 256 78 insinuanda.
