2355 3775
114 297 289 99 praecedenti.
348 297 126 99 aut
421 297 144 99 enim
511 297 180 99 tendit
637 297 235 99 expositio
818 297 108 99 ad
872 297 162 99 recte
980 297 253 99 credendum:
1178 297 126 99 aut
1251 297 108 99 ad
1305 297 198 99 credita
1449 297 325 99 intelligendum.
1720 297 108 99 Si
1756 297 108 99 vero

118 384 236 63 expositio
299 384 181 63 tendat
426 384 109 63 ad
481 384 163 63 recte
589 384 254 63 credendum:
789 384 181 63 potior
916 384 127 63 est
988 384 181 63 semper
1115 384 236 63 expositio
1297 384 145 63 quae
1387 384 127 63 est
1460 384 272 63 auctoritate
1659 384 200 63 canonicae

110 428 257 82 scripturae,
315 428 137 82 quam
401 428 257 82 cuiuscumque
606 428 222 82 rationis:
777 428 137 82 quia
863 428 103 82 in
914 428 120 82 hoc
982 428 171 82 semper
1102 428 154 82 magis
1205 428 188 82 credere
1342 428 188 82 debemus
1479 428 137 82 tali
1564 428 257 82 auctoritati
1752 428 103 82 quam

125 488 199 62 cuicumque
278 488 184 62 rationi:
415 488 92 62 vt
461 488 168 62 habitum
583 488 107 62 est
645 488 153 62 supra.
752 488 122 62 Vnde
828 488 107 62 est
889 488 138 62 etiam
981 488 138 62 multo
1073 488 168 62 tutior,
1195 488 184 62 secundum
1333 488 122 62 quod
1409 488 138 62 dicit
1501 488 214 62 Augustinus
1669 488 122 62 iii.
1746 488 92 62 de
1776 488 92 62 doc.

113 538 213 75 Christia.
276 538 115 75 Vbi
342 538 147 75 talis
440 538 164 75 sensus
555 538 180 75 eruitur
686 538 147 75 cuius
784 538 197 75 incertum
932 538 82 75 &
965 538 197 75 caetera.
1112 538 98 75 vt
1161 538 164 75 supra.
1276 538 131 75 quid
1358 538 180 75 proxima
1489 538 180 75 praeter
1620 538 147 75 vnam.
1719 538 115 75 Sed
1768 538 98 75 illa

114 593 211 56 expositio
276 593 130 56 quae
358 593 114 56 sit
423 593 179 56 ratione
553 593 195 56 dilucida
699 593 163 56 semper
813 593 114 56 est
878 593 163 56 potior
992 593 130 56 quam
1073 593 130 56 illa
1154 593 130 56 quae
1236 593 114 56 fit
1301 593 163 56 aliqua
1415 593 130 56 alia
1496 593 244 56 auctoritate
1691 593 114 56 non
1740 593 130 56 catho-

121 649 135 73 sica.
211 649 180 73 secundum
346 649 120 73 quod
421 649 135 73 dicit
511 649 210 73 Augustinus
676 649 90 73 de
721 649 120 73 vera
796 649 120 73 rel.
871 649 120 73 lpsi
946 649 165 73 rationi
1067 649 225 73 purgatioris
1247 649 150 73 animae
1352 649 120 73 quae
1427 649 90 73 ad
1472 649 210 73 perspicuam
1637 649 195 73 veritatem
1772 649 90 73 per-

118 709 180 56 uenit,
244 709 162 56 nullo
352 709 144 56 modo
442 709 252 56 auctoritas
640 709 180 56 humana
766 709 288 56 praeponitur:
999 709 144 56 nisi
1089 709 162 56 forte
1197 709 216 56 quatenus
1359 709 216 56 fundatur
1521 709 162 56 super
1629 709 198 56 aliquam
1773 709 126 56 au-

117 761 237 56 ctoritatem
303 761 237 56 canonicam:
490 761 119 56 vel
558 761 220 56 dilucidam
727 761 220 56 rationem.
896 761 169 56 Aliter
1015 761 136 56 enim
1100 761 102 56 vt
1150 761 152 56 dicit
1252 761 237 56 Augustinus
1438 761 136 56 nemo
1523 761 186 56 cogitur
1659 761 102 56 ei
1693 761 169 56 adhibere

112 815 172 68 fidem.
232 815 138 68 Illa
318 815 155 68 autem
421 815 224 68 expositio
593 815 155 68 talis
697 815 138 68 quae
783 815 120 68 sit
851 815 189 68 ratione
989 815 172 68 dubia:
1109 815 172 68 semper
1230 815 258 68 postponitur
1436 815 138 68 illi
1522 815 138 68 quae
1608 815 120 68 sit
1677 815 224 68 quacunque

123 870 241 64 confirmata
312 870 275 64 auctoritate.
536 870 155 64 Hmodi
639 870 138 64 enim
725 870 241 64 rationibus
914 870 155 64 magis
1018 870 224 64 credentes
1190 870 224 64 haeretici
1362 870 138 64 quam
1448 870 172 64 dictis
1568 870 241 64 sanctorum,
1741 870 120 64 facti

116 922 136 57 sunt
201 922 239 57 haeretici,
389 922 102 57 vt
440 922 170 57 dictum
559 922 119 57 est
627 922 204 57 secundum
781 922 239 57 Consentium
968 922 102 57 in
1019 922 136 57 quod
1104 922 273 57 praecedenti.
1326 922 102 57 Si
1377 922 136 57 vero
1462 922 222 57 expositio
1632 922 170 57 tendat
1752 922 102 57 ad
1786 922 68 57 re

124 966 125 67 cte
195 966 196 67 credita
338 966 321 67 intelligendum,
605 966 125 67 sic
676 966 232 67 expositio
855 966 214 67 veridica
1015 966 196 67 ratione
1157 966 160 67 facta
1264 966 160 67 QAlia
1371 966 143 67 enim
1460 966 160 67 ratio
1567 966 125 67 non
1620 966 232 67 intellectum

123 1024 117 61 sed
190 1024 185 61 errorem
325 1024 201 61 generat)
476 1024 168 61 semper
593 1024 168 61 potior
711 1024 117 61 est
778 1024 134 61 illa
862 1024 134 61 quae
946 1024 117 61 sit
1013 1024 218 61 quacumque
1181 1024 269 61 auctoritate.
1399 1024 101 61 Et
1449 1024 201 61 secundum
1600 1024 117 61 hoc
1667 1024 168 61 dictum
1768 1024 84 61 est

119 1078 161 62 supra:
232 1078 129 62 quod
312 1078 145 62 magis
409 1078 209 62 credendum
570 1078 113 62 est
634 1078 177 62 rationi
763 1078 129 62 quam
844 1078 258 62 auctoritati.
1053 1078 129 62 Quia
1134 1078 145 62 tamen
1231 1078 177 62 propter
1360 1078 242 62 intellectus
1553 1078 161 62 nostri
1650 1078 209 62 debilitatem

112 1137 113 67 ad
169 1137 188 67 clarum
300 1137 282 67 intellectum
526 1137 301 67 credibilium:
770 1137 94 67 &
808 1137 113 67 ad
864 1137 282 67 discernendu
1090 1137 150 67 quae
1184 1137 132 67 sit
1259 1137 169 67 ratio
1372 1137 244 67 veridica:
1560 1137 94 67 &
1598 1137 150 67 quae
1692 1137 150 67 non:
1767 1137 94 67 vix

122 1186 233 63 peruenire
301 1186 233 63 possumus:
481 1186 125 63 cum
552 1186 251 63 srequenter
750 1186 161 63 nobis
857 1186 143 63 vera
947 1186 161 63 ratio
1054 1186 233 63 videatur:
1234 1186 143 63 quae
1323 1186 143 63 vera
1413 1186 125 63 non
1485 1186 143 63 est:
1574 1186 108 63 in
1628 1186 125 63 hac
1682 1186 179 63 scientia

118 1245 155 71 fidei
221 1245 155 71 omnis
324 1245 155 71 ratio
427 1245 155 71 super
530 1245 155 71 fidei
633 1245 275 71 auctoritatem
856 1245 189 71 fundari
993 1245 172 71 debet:
1114 1245 86 71 &
1148 1245 206 71 secundum
1303 1245 120 71 eam
1371 1245 189 71 dirigi.
1509 1245 189 71 Idcirco
1646 1245 86 71 &
1663 1245 189 71 simplici-

123 1292 118 61 ter
190 1292 84 61 &
224 1292 202 61 absolute
375 1292 168 61 potior
493 1292 118 61 est
560 1292 218 61 expositio
728 1292 101 61 in
779 1292 118 61 hac
846 1292 202 61 scientia
997 1292 252 61 auctoritate
1199 1292 185 61 canonis
1333 1292 168 61 facta:
1451 1292 134 61 quam
1535 1292 185 61 ratione
1669 1292 235 61 quacumque.

114 1348 154 62 licet
216 1348 188 62 quantum
353 1348 120 62 est
422 1348 103 62 de
473 1348 171 62 natura
593 1348 137 62 rei:
678 1348 103 62 ad
729 1348 239 62 perspicuam
918 1348 205 62 notitiam
1071 1348 222 62 faciendum
1242 1348 171 62 semper
1362 1348 171 62 potior
1482 1348 120 62 est
1550 1348 205 62 veridica
1704 1348 154 62 ratio
1790 1348 68 62 vt

122 1401 100 74 ei
172 1401 216 74 credatur:
338 1401 133 74 quam
421 1401 232 74 auctoritas
604 1401 249 74 quaecumque.
803 1401 183 74 Propter
936 1401 133 74 quod
1019 1401 149 74 etiam
1118 1401 149 74 licet
1218 1401 216 74 dignitate
1384 1401 183 74 naturae
1516 1401 100 74 in
1566 1401 133 74 omni
1633 1401 232 74 disputatione

126 1461 100 66 ad
176 1461 216 66 veritatis
343 1461 316 66 inuestigationem
609 1461 150 66 ratio
708 1461 233 66 praecedere
891 1461 183 66 deberet
1024 1461 283 66 auctoritatem:
1257 1461 183 66 propter
1390 1461 116 66 nos
1457 1461 150 66 tamen
1557 1461 183 66 econtra
1690 1461 166 66 semper
1789 1461 67 66 au

115 1520 202 61 ctoritas
267 1520 152 61 debet
368 1520 236 61 praecedere
554 1520 202 61 rationem
705 1520 84 61 &
739 1520 169 61 potior
857 1520 185 61 haberi.
992 1520 101 61 Et
1043 1520 135 61 ideo
1127 1520 152 61 dicit
1228 1520 236 61 Augustinus
1414 1520 101 61 de
1464 1520 135 61 vera
1548 1520 135 61 rel.
1633 1520 135 61 Quia
1717 1520 101 61 in
1751 1520 101 61 temn

123 1567 214 64 poralia
278 1567 253 64 deuenimus
473 1567 97 64 &
512 1567 175 64 eorum
629 1567 175 64 amore
745 1567 117 64 ab
804 1567 234 64 aeternis
979 1567 273 64 impedimur,
1193 1567 214 64 quaedam
1349 1567 234 64 medicina
1524 1567 292 64 temporalis:
1738 1567 117 64 quae

115 1618 128 65 non
188 1618 220 65 scientes
353 1618 128 65 sed
427 1618 239 65 credentes
610 1618 110 65 ad
665 1618 202 65 salutem
812 1618 184 65 vocat:
940 1618 128 65 non
1014 1618 275 65 excellentia
1234 1618 220 65 naturae:
1399 1618 128 65 sed
1473 1618 184 65 ipsius
1601 1618 220 65 temporis
1748 1618 110 65 ordi

115 1670 110 66 ne
170 1670 165 66 prior
280 1670 147 66 est.
372 1670 92 66 &
409 1670 110 66 de
464 1670 184 66 morib.
592 1670 257 66 ecclesiae.
794 1670 202 66 Naturae
941 1670 184 66 quidem
1070 1670 147 66 ordo
1162 1670 129 66 ita
1235 1670 110 66 se
1290 1670 184 66 habet:
1419 1670 110 66 vt
1474 1670 129 66 cum
1548 1670 202 66 aliquid
1676 1670 184 66 discimus

118 1727 215 62 rationem
279 1727 233 62 praecedat
458 1727 269 62 auctoritas.
673 1727 125 62 Nam
745 1727 197 62 infirma
888 1727 161 62 ratio
996 1727 251 62 videretur:
1192 1727 143 62 quae
1282 1727 125 62 cum
1354 1727 197 62 reddita
1497 1727 179 62 fuerit
1604 1727 251 62 auctoritatem

122 1780 174 60 postea
243 1780 122 60 per
313 1780 139 60 quam
399 1780 260 60 confirmetur
608 1780 208 60 assumat.
764 1780 139 60 Quia
851 1780 156 60 tamen
955 1780 243 60 caligantes
1146 1780 191 60 hominum
1285 1780 174 60 mentes
1407 1780 295 60 perspicuitati
1632 1780 226 60 synceritati

127 1845 152 50 quod
222 1845 229 50 rationis
394 1845 229 50 aspectum
565 1845 210 50 idoneum
718 1845 248 50 intendere
908 1845 248 50 nequeunt:
1099 1845 286 50 saluberrime
1327 1845 267 50 comparatum
1537 1845 152 50 est,
1632 1845 114 50 vt
1690 1845 114 50 in
1728 1845 133 50 lucem

126 1888 248 71 veritatis
317 1888 172 71 aciem
431 1888 267 71 titubantem
641 1888 172 71 velut
755 1888 172 71 ramis
870 1888 286 71 humanitatis
1099 1888 229 71 opacatam
1271 1888 210 71 inducat
1423 1888 286 71 auctoritas.
1652 1888 95 71 &
1690 1888 134 71 hoc
1748 1888 114 71 gene

117 1938 203 58 raliter
264 1938 222 58 respectu
430 1938 185 58 omnium
560 1938 203 58 hominum
707 1938 332 58 indifferenter:
984 1938 185 58 maxime
1114 1938 111 58 in
1169 1938 295 58 credibilibus
1409 1938 148 58 quae
1501 1938 240 58 naturalem
1667 1938 185 58 rationem

122 1993 221 67 excedunt.
292 1993 102 67 In
343 1993 272 67 credibilibus
564 1993 136 67 enim
650 1993 136 67 quae
735 1993 204 67 naturali
888 1993 187 67 rationi
1024 1993 204 67 subsunt,
1177 1993 136 67 bene
1262 1993 221 67 contingit
1433 1993 255 67 contrarium:
1637 1993 136 67 quod
1705 1993 153 67 rudibus

113 2046 169 69 quidem
231 2046 169 69 semper
349 2046 152 69 prior
450 2046 118 69 est
518 2046 84 69 &
551 2046 169 69 potior
669 2046 253 69 auctoritas:
872 2046 219 69 prouectis
1040 2046 152 69 tamen
1141 2046 135 69 bene
1226 2046 169 69 potest
1344 2046 135 69 esse
1428 2046 152 69 prior
1529 2046 152 69 ratio
1630 2046 84 69 &
1664 2046 185 69 potior.
1799 2046 101 69 In

125 2111 129 56 quo
198 2111 221 56 peccauit
364 2111 258 56 Felicianus
567 2111 111 56 in
622 2111 129 56 hoc
696 2111 295 56 distinguendo
936 2111 129 56 quo
1010 2111 111 56 ad
1065 2111 166 56 modos
1176 2111 221 56 hominum,
1342 2111 129 56 non
1415 2111 166 56 autem
1526 2111 129 56 quo
1600 2111 111 56 ad
1655 2111 184 56 genera
1766 2111 92 56 cre

124 2154 189 65 dibilium:
270 2154 102 65 cum
328 2154 160 65 loquens
445 2154 131 65 super
532 2154 102 65 hoc
590 2154 87 65 in
634 2154 160 65 Dialis.
750 2154 87 65 ad
794 2154 204 65 Augustinus
954 2154 146 65 dixit.
1056 2154 131 65 Nihil
1143 2154 175 65 deterius
1274 2154 131 65 puto,
1362 2154 116 65 quam
1434 2154 116 65 quod
1507 2154 102 65 sic
1565 2154 189 65 praecepta
1711 2154 131 65 fidei
1784 2154 87 65 rudi

121 2207 120 58 bus
189 2207 205 58 traditis
343 2207 103 58 vt
394 2207 120 58 non
463 2207 103 58 de
514 2207 325 58 intelligendarum
787 2207 154 58 rerum
890 2207 205 58 ratione:
1044 2207 120 58 sed
1112 2207 171 58 potius
1232 2207 103 58 de
1283 2207 171 58 quadam
1403 2207 291 58 testimoniorum
1625 2207 239 58 ostentatione

119 2262 289 62 colloquentibus
360 2262 289 62 praescribatis,
600 2262 128 62 quod
680 2262 96 62 vt
728 2262 112 62 non
793 2262 144 62 dicam
889 2262 176 62 fatuum,
1017 2262 176 62 interim
1145 2262 128 62 quam
1226 2262 192 62 rusticum
1370 2262 112 62 sit
1434 2262 160 62 nullus
1546 2262 192 62 ignorat.
1675 2262 192 62 Manifestum

119 2312 131 58 quia
200 2312 98 58 si
249 2312 98 58 is
298 2312 114 58 qui
364 2312 180 58 docetur
494 2312 163 58 libris
609 2312 114 58 iam
674 2312 212 58 credidit,
838 2312 114 58 non
903 2312 180 58 pugnat:
1034 2312 196 58 alioquin
1181 2312 114 58 non
1246 2312 147 58 magis
1344 2312 131 58 tibi
1426 2312 131 58 quam
1508 2312 114 58 iis
1573 2312 245 58 testimoniis
1769 2312 131 58 quae

116 2366 126 64 pro
188 2366 234 64 affirmato
368 2366 270 64 ingeruntur:
583 2366 198 64 necesse
727 2366 126 64 est
799 2366 288 64 contradicat.
1033 2366 108 64 Et
1087 2366 144 64 ideo
1177 2366 180 64 melior
1303 2366 126 64 (vt
1375 2366 180 64 dicit)
1500 2366 108 64 ad
1554 2366 216 64 docendum
1698 2366 162 64 videtur

115 2420 132 65 haec
198 2420 116 65 via
264 2420 116 65 qua
330 2420 165 65 primum
446 2420 149 65 fidei
545 2420 149 65 ratio
644 2420 132 65 sine
727 2420 248 65 testimoniis
925 2420 215 65 redditur:
1090 2420 132 65 post
1172 2420 182 65 ratione
1305 2420 198 65 convicto
1453 2420 132 65 idem
1536 2420 149 65 illud
1635 2420 231 65 scripturis
1800 2420 66 65 re

109 2472 255 65 spondentibus
316 2472 223 65 exponatur.
492 2472 80 65 &
524 2472 128 65 post
604 2472 144 65 pauca
699 2472 160 65 addit.
811 2472 96 65 Et
859 2472 144 65 illam
955 2472 160 65 quidem
1066 2472 223 65 disputandi
1242 2472 128 65 viam
1322 2472 160 65 fateor
1433 2472 96 65 in
1481 2472 144 65 aliis
1577 2472 255 65 tolerabilem,
1768 2472 96 65 quos

127 2529 238 60 imperitiae
314 2529 238 60 necessitas
501 2529 136 60 quia
585 2529 119 60 per
653 2529 102 60 se
704 2529 153 60 stare
806 2529 221 60 nequeunt:
976 2529 153 60 cogit
1078 2529 102 60 ad
1129 2529 170 60 aliena
1248 2529 238 60 confugere:
1434 2529 102 60 in
1485 2529 102 60 te
1536 2529 136 60 vero
1621 2529 187 60 idcirco
1740 2529 119 60 nullo

118 2580 138 55 modo
204 2580 190 55 prorsus
342 2580 138 55 ista
428 2580 241 55 perpetior:
617 2580 138 55 quia
704 2580 258 55 eloquentiam
910 2580 190 55 pariter
1048 2580 121 55 cum
1117 2580 207 55 scientia
1272 2580 155 55 fidei
1376 2580 138 55 tibi
1462 2580 155 55 video
1565 2580 121 55 non
1634 2580 190 55 deesse.
1755 2580 103 55 Reue

124 2635 104 59 ra
176 2635 156 59 multo
279 2635 173 59 melior
400 2635 156 59 esset
504 2635 138 59 illa
590 2635 121 59 via
659 2635 207 59 docendi:
815 2635 104 59 si
867 2635 173 59 humana
988 2635 225 59 debilitas
1161 2635 104 59 in
1213 2635 225 59 credendis
1385 2635 207 59 rationem
1541 2635 173 59 capere
1645 2635 207 59 sufficeret

131 2684 73 64 &
161 2684 175 64 reddere.
292 2684 102 64 Sed
350 2684 88 64 ad
394 2684 102 64 hoc
453 2684 131 64 nullo
540 2684 117 64 modo
613 2684 175 64 sufficit
745 2684 88 64 in
789 2684 102 64 eis
847 2684 117 64 quae
920 2684 146 64 omnino
1022 2684 175 64 rationem
1154 2684 190 64 excedunt.
1300 2684 175 64 secundum
1431 2684 117 64 quod
1504 2684 204 64 Augustinus
1665 2684 131 64 eidem
1738 2684 117 64 respon

130 2739 135 69 dens
215 2739 169 69 dicit.
333 2739 118 69 Non
401 2739 220 69 vsqueadeo
570 2739 135 69 duci
654 2739 101 69 me
705 2739 152 69 putes
807 2739 203 69 laudibus
959 2739 152 69 meis:
1060 2739 101 69 vt
1111 2739 203 69 iniuriam
1263 2739 169 69 faciam
1381 2739 304 69 praecedentibus
1635 2739 203 69 sanctis:
1770 2739 85 69 nec

124 2798 227 64 praesumam
298 2798 174 64 vnquam
420 2798 105 64 in
472 2798 227 64 sapientia
647 2798 157 64 verbi
751 2798 105 64 ne
804 2798 227 64 euacuetur
978 2798 140 64 crux
1065 2798 209 64 Christi:
1222 2798 122 64 sed
1292 2798 279 64 scripturarum
1519 2798 262 64 auctoritate
1710 2798 140 64 conten

112 2850 111 67 tus
176 2850 254 67 simplicitati
382 2850 159 67 potius
493 2850 175 67 obedire
620 2850 159 67 studui
731 2850 127 67 quam
810 2850 175 67 tumori.
937 2850 111 67 Sed
1001 2850 159 67 melius
1112 2850 159 67 inquis
1223 2850 175 67 ratione
1350 2850 127 67 quis
1429 2850 127 67 quam
1509 2850 238 67 testimoniis
1683 2850 175 67 edocetur.

121 2902 129 56 Quid
202 2902 146 56 ergo:
299 2902 129 56 quam
380 2902 194 56 rationem
525 2902 178 56 afferre
655 2902 146 56 potes
752 2902 97 56 si
800 2902 162 56 partum
914 2902 210 56 praedicas
1075 2902 210 56 virginis:
1237 2902 97 56 si
1286 2902 194 56 redditos
1431 2902 162 56 oculos
1545 2902 113 56 non
1609 2902 146 56 negas
1706 2902 178 56 caecis:

116 2956 96 67 si
164 2956 192 67 sepultos
308 2956 176 67 redisse
435 2956 192 67 ostendas
579 2956 80 67 a
611 2956 192 67 mortuis:
755 2956 96 67 Si
802 2956 128 67 ergo
882 2956 80 67 &
914 2956 351 67 incomprehensibilis
1217 2956 144 67 ratio
1313 2956 80 67 &
1345 2956 176 67 veritas
1473 2956 208 67 proposita
1633 2956 128 67 est:
1696 2956 160 67 facilius

119 3006 95 64 in
167 3006 190 64 negotiis
309 3006 143 64 fidei
405 3006 238 64 testimoniis
595 3006 190 64 creditur
738 3006 127 64 quam
817 3006 143 64 ratio
912 3006 270 64 inuestigatur.
1134 3006 174 64 Peccant
1261 3006 127 64 ergo
1340 3006 159 64 multum
1451 3006 127 64 quid
1531 3006 95 64 in
1578 3006 222 64 exponendis
1753 3006 79 64 &
1769 3006 79 64 tra

121 3063 177 61 ctandis
249 3063 145 61 illis
346 3063 129 61 quae
426 3063 129 61 sunt
507 3063 161 61 fidei,
619 3063 129 61 plus
699 3063 225 61 rationibus
876 3063 129 61 quam
956 3063 289 61 auctoritatibus
1197 3063 161 61 inniti
1310 3063 177 61 volunt:
1438 3063 129 61 immo
1519 3063 112 61 per
1583 3063 112 61 hoc
1647 3063 145 61 fidem
1727 3063 129 61 despe-

119 3117 132 61 ctam
202 3117 198 61 reddunt:
351 3117 116 61 cum
417 3117 198 61 rationem
566 3117 198 61 nituntur
715 3117 215 61 ostendere
880 3117 99 61 de
929 3117 116 61 eis
996 3117 132 61 quae
1078 3117 116 61 non
1144 3117 231 61 rationibus
1326 3117 182 61 probari
1458 3117 198 61 possunt:
1607 3117 116 61 sed
1657 3117 198 61 auctorita-

118 3168 105 80 te
170 3168 157 80 fidei
275 3168 175 80 teneri
397 3168 210 80 absolute
554 3168 192 80 debent.
694 3168 122 80 vbi
764 3168 157 80 etiam
868 3168 157 80 licet
973 3168 227 80 quandoque
1148 3168 105 80 ea
1200 3168 140 80 quae
1287 3168 210 80 credimus
1444 3168 244 80 rationibus
1636 3168 192 80 nitimur
1759 3168 87 80 con

115 3232 205 73 firmare:
269 3232 171 73 semper
389 3232 154 73 tamen
491 3232 257 73 auctoritati
696 3232 154 73 magis
799 3232 137 73 quam
885 3232 188 73 rationi
1021 3232 239 73 innitendum
1192 3232 103 73 est.
