2351 3768
77 332 128 84 non
150 332 275 84 intelligunt
370 332 312 84 preclositates
627 332 183 84 earum:
756 332 128 84 sed
829 332 275 84 aestimantes
1049 332 128 84 eas
1122 332 202 84 similes
1269 332 147 84 esse
1361 332 202 84 fabulis
1508 332 294 84 mundialibus,
1728 332 110 84 simi

70 399 174 56 liter
186 399 135 56 eas
263 399 271 56 carnalibus
476 399 213 56 actibus
631 399 290 56 conculcant:
863 399 97 56 &
901 399 251 56 postmodum
1095 399 232 56 conuersi
1269 399 213 56 rumpunt
1424 399 329 56 praedicatores
1675 399 155 56 earum.

71 449 195 64 Dominus
213 449 142 64 ergo
302 449 124 64 (vt
373 449 160 64 dicit
479 449 302 64 Chrysostomus)
728 449 124 64 cum
799 449 160 64 dixit
905 449 266 64 discipulis:
1118 449 142 64 Quod
1207 449 213 64 audistis
1367 449 106 64 in
1420 449 160 64 anre,
1526 449 248 64 praedicate
1704 449 124 64 super

71 503 176 67 tecta:
195 503 123 67 non
265 503 300 67 indifferenter
512 503 194 67 omnibus
653 503 247 67 praedicari
847 503 194 67 iussit:
988 503 123 67 sed
1058 503 123 67 his
1129 503 141 67 quos
1217 503 176 67 doceri
1340 503 247 67 oporteret,
1534 503 229 67 praecepit
1711 503 123 67 cum
1763 503 71 67 si

73 558 169 57 ducia
186 558 281 57 praedicari,
411 558 206 57 quoniam
561 558 262 57 margaritae
767 558 131 57 non
842 558 150 57 sunt
935 558 187 57 dandae
1067 558 150 57 nisi
1160 558 337 57 desiderantibus
1441 558 262 57 veritatem:
1648 558 94 57 &
1685 558 131 57 cum
1741 558 94 57 ra-

75 608 167 73 tione
187 608 185 73 humana
317 608 278 73 viuentibus.
539 608 167 73 Solis
650 608 148 73 ergo
743 608 204 73 talibus
891 608 167 73 sacra
1003 608 241 73 scriptura
1188 608 241 73 exponenda
1373 608 148 73 est:
1466 608 148 73 quia
1559 608 204 73 talibus
1689 608 148 73 vtilis

74 667 119 80 est
142 667 222 80 exposita:
313 667 85 80 &
347 667 222 80 gratiosa.
517 667 119 80 Nec
585 667 153 80 tamen
688 667 188 80 omnibus
824 667 256 80 aequaliter:
1029 667 119 80 sed
1097 667 205 80 diuersis
1250 667 273 80 diuersimode.
1472 667 205 80 secundum
1608 667 222 80 capacitatem

69 712 232 82 cuiusque:
248 712 107 82 vt
301 712 107 82 in
355 712 214 82 sequenti
515 712 250 82 quaestione
694 712 178 82 dicetur.

69 765 109 91 ⁋
113 765 131 91 Ad
178 765 219 91 primum
332 765 131 91 in
397 765 306 91 oppositum:
638 765 175 91 quod
747 765 262 91 doctrina
944 765 197 91 fidei
1075 765 241 91 omnibus
1250 765 153 91 est
1338 765 284 91 suadenda:
1557 765 109 91 &
1600 765 153 91 ita
1666 765 153 91 expo-

71 836 171 80 nenda:
191 836 205 80 Dicendum
344 836 137 80 quod
430 836 154 80 verum
532 836 120 80 est
601 836 205 80 antequam
754 836 188 80 constet
891 836 103 80 de
942 836 291 80 obstinatione.
1182 836 120 80 Sed
1250 836 205 80 postquam
1404 836 188 80 constat
1541 836 103 80 de
1575 836 239 80 obstinatione

63 890 123 67 non
134 890 123 67 est
204 890 123 67 eis
274 890 158 67 sacra
380 890 228 67 scriptura
555 890 246 67 exponenda.
748 890 141 67 Vnde
836 890 123 67 nec
907 890 141 67 deus
994 890 158 67 istud
1100 890 176 67 facere
1223 890 193 67 voluit.
1363 890 211 67 Secundum
1521 890 141 67 quod
1609 890 158 67 dixit
1697 890 123 67 Chri-

67 943 142 65 stus
156 943 177 65 Matth.
280 943 124 65 xi.
350 943 230 65 Confiteor
527 943 142 65 tibi
616 943 159 65 pater
722 943 177 65 domine
846 943 159 65 caeli
952 943 88 65 &
987 943 195 65 terrae:
1129 943 195 65 quoniam
1270 943 265 65 abscondisti
1483 943 142 65 haec
1571 943 88 65 a
1589 943 230 65 sapientibus

80 998 93 68 &
118 998 296 68 prudentibus:
358 998 93 68 &
395 998 241 68 reuelasti
580 998 111 68 ea
636 998 241 68 paruulis.
821 998 130 68 Gl.
895 998 278 68 Sapientibus
1117 998 93 68 &
1154 998 278 68 prudentibus
1377 998 130 68 non
1451 998 241 68 praeponit
1617 998 204 68 insipien-

79 1064 123 59 tes
150 1064 88 59 &
185 1064 210 59 hebetes:
342 1064 123 59 sed
412 1064 228 59 paruulos:
587 1064 105 59 vt
640 1064 175 59 probet
762 1064 105 59 se
815 1064 193 59 tumorem
955 1064 193 59 damnare
1095 1064 123 59 non
1165 1064 193 59 acumen.
1305 1064 88 59 ⁋
1340 1064 105 59 Ad
1392 1064 228 59 secundum:
1567 1064 140 59 quod
1637 1064 193 59 praedica-

75 1104 133 70 tio
151 1104 267 70 euangelica
361 1104 114 70 ad
418 1104 191 70 veniam
551 1104 171 70 vocat
666 1104 171 70 omnes
780 1104 210 70 gentes:
932 1104 95 70 &
971 1104 133 70 ita
1047 1104 210 70 omnibus
1199 1104 133 70 est
1275 1104 267 70 exponenda:
1485 1104 229 70 Dicendum
1657 1104 152 70 quod
1733 1104 95 70 ve-

83 1174 118 71 rum
151 1174 118 71 est
218 1174 101 71 ab
269 1174 186 71 initio:
404 1174 118 71 Sed
471 1174 203 71 postquam
623 1174 169 71 aliqui
742 1174 186 71 reddunt
877 1174 101 71 se
927 1174 253 71 obstinatos:
1130 1174 152 71 illis
1231 1174 219 71 expositio
1400 1174 169 71 omnino
1518 1174 118 71 est
1586 1174 270 71 subtrahenda:

80 1215 115 84 vt
137 1215 191 84 dictum
252 1215 115 84 est.

398 1271 140 80 lrca
485 1271 209 80 secundum
642 1271 227 80 arguitur:
816 1271 140 80 quod
903 1271 244 80 quaecunque
1095 1271 227 80 expositio
1270 1271 209 80 cuilibet
1427 1271 297 80 indifferenter
1671 1271 122 80 est
1723 1271 105 80 pro-

391 1341 225 67 ponenda.
560 1341 169 67 Primo
673 1341 150 67 sic.
767 1341 244 67 Expositio
955 1341 244 67 quaelibet
1143 1341 263 67 proponitur
1349 1341 207 67 propter
1500 1341 282 67 eruditionem
1725 1341 132 67 au-

393 1396 217 74 dientis.
556 1396 199 74 audiens
700 1396 163 74 autem
809 1396 217 74 quilibet
972 1396 199 74 indiget
1117 1396 199 74 erudiri
1261 1396 127 74 per
1334 1396 235 74 quamlibet
1514 1396 308 74 expositionem.
1750 1396 72 74 er

400 1460 111 62 go
455 1460 240 62 quaelibet
640 1460 240 62 expositio
825 1460 314 62 indifferenter
1084 1460 259 62 proponenda
1287 1460 129 62 est
1361 1460 240 62 cuilibet.
1546 1460 92 62 ⁋
1583 1460 203 62 Secundo
1712 1460 111 62 sic.

393 1508 190 62 propter
531 1508 156 62 illos
635 1508 121 62 qui
704 1508 173 62 capere
825 1508 208 62 possunt:
981 1508 121 62 non
1050 1508 121 62 est
1119 1508 225 62 omittenda
1292 1508 225 62 expositio
1465 1508 138 62 quam
1551 1508 138 62 alii
1638 1508 173 62 capere
1742 1508 86 62 non

391 1561 216 61 possunt:
553 1561 108 61 vt
607 1561 162 61 dicit
715 1561 252 61 Augustinus
913 1561 108 61 in
967 1561 216 61 princip.
1129 1561 162 61 super
1237 1561 108 61 Io
1291 1561 126 61 Nec
1363 1561 198 61 propter
1507 1561 306 61 intelligentes
1741 1561 90 61 est

395 1618 228 60 omittenda
571 1618 228 60 expositio
747 1618 140 60 quae
834 1618 158 60 valet
940 1618 123 60 non
1010 1618 351 60 intelligentibus:
1308 1618 105 60 vt
1361 1618 158 60 dicit
1466 1618 140 60 ser.
1554 1618 176 60 xxxix.
1677 1618 123 60 hoc
1747 1618 123 60 non

75 1665 146 59 esset
172 1665 130 59 nisi
253 1665 195 59 cuilibet
399 1665 211 59 quaelibet
561 1665 211 59 expositio
723 1665 276 59 indifferenter
950 1665 146 59 esset
1048 1665 243 59 proponenda.
1242 1665 130 59 ergo
1323 1665 114 59 &c.
1388 1665 81 59 ⁋
1421 1665 97 59 In
1469 1665 227 59 contrarium
1648 1665 114 59 est
1712 1665 146 59 illud

80 1720 120 58 quod
155 1720 135 58 dicit
245 1720 210 58 Augustinus
411 1720 135 58 super
501 1720 165 58 loperid
621 1720 105 58 es.
681 1720 120 58 ser.
756 1720 165 58 xliiii.
876 1720 135 58 Sermo
967 1720 90 58 vt
1012 1720 105 58 non
1072 1720 135 58 solum
1162 1720 180 58 credatur
1297 1720 135 58 verum
1387 1720 135 58 etiam
1477 1720 240 58 intelligatur
1673 1720 120 58 quod
1733 1720 90 58 dici

84 1775 113 66 tur
148 1775 80 66 &
180 1775 193 66 sciatur,
325 1775 145 66 talia
421 1775 209 66 percipere
582 1775 113 66 non
647 1775 225 66 valentibus
823 1775 113 66 est
888 1775 209 66 onerosus:
1048 1775 241 66 faciliusque
1241 1775 145 66 illos
1338 1775 161 66 premit
1450 1775 129 66 quam
1531 1775 177 66 pascit.
1659 1775 113 66 sed
1707 1775 113 66 nulli

88 1828 131 67 est
163 1828 263 67 proponenda
370 1828 244 67 expositio
557 1828 131 67 qua
632 1828 206 67 audiens
782 1828 225 67 premitur
951 1828 131 67 non
1026 1828 244 67 pascitur:
1214 1828 131 67 non
1289 1828 150 67 ergo
1383 1828 244 67 quaelibet
1570 1828 244 67 expositio
1739 1828 94 67 cui

74 1878 182 71 libet
195 1878 141 71 est
256 1878 262 71 proponenda.

81 1935 101 84 ⁋
121 1935 242 84 Dicendum
303 1935 121 84 ad
363 1935 161 84 hoc:
464 1935 161 84 quod
565 1935 141 84 est
645 1935 282 84 diuersitas
867 1935 322 84 expositionum
1129 1935 302 84 dupliciter:
1371 1935 101 84 &
1411 1935 242 84 secundum
1592 1935 222 84 diuersa
1733 1935 81 84 ge

88 1996 144 67 nera
178 1996 233 67 exponendi
357 1996 197 67 quatuor
501 1996 359 67 praedeterminata:
806 1996 126 67 vel
878 1996 215 67 secundum
1039 1996 215 67 diuersos
1201 1996 162 67 modos
1308 1996 108 67 in
1362 1996 162 67 eodem
1470 1996 179 67 genere
1578 1996 233 67 differentes

75 2053 163 67 penes
183 2053 271 67 grossitatem
400 2053 127 67 vel
473 2053 271 67 obtusitatem
690 2053 90 67 &
726 2053 307 67 subtilitatem.
979 2053 109 67 Si
1033 2053 217 67 loquamur
1196 2053 109 67 de
1250 2053 271 67 diuersitate
1467 2053 289 67 expositionum
1684 2053 127 67 penes

87 2105 214 68 exponendi
251 2105 181 68 genera:
383 2105 115 68 sic
449 2105 214 68 quaelibet
614 2105 214 68 expositio
779 2105 198 68 cuilibet
928 2105 280 68 indifferenter
1158 2105 231 68 proponenda
1340 2105 132 68 est.
1422 2105 99 68 si
1472 2105 148 68 tamen
1571 2105 214 68 exponendi
1736 2105 115 68 mo-

82 2160 124 58 dus
153 2160 124 58 sit
224 2160 248 58 capacitati
419 2160 231 58 audientis
596 2160 337 58 proportionalis.
880 2160 160 58 summa
987 2160 142 58 enim
1075 2160 195 58 cautela
1217 2160 231 58 adhibenda
1394 2160 124 58 est
1465 2160 106 58 ne
1519 2160 177 58 aliqua
1625 2160 195 58 expositio

83 2216 264 69 proponatur:
295 2216 141 69 quae
383 2216 247 69 capacitati
577 2216 141 69 eius
665 2216 123 69 cui
736 2216 247 69 proponitur
930 2216 123 69 non
1000 2216 229 69 congruit.
1177 2216 141 69 Vnde
1265 2216 212 69 loquendo
1423 2216 106 69 de
1476 2216 264 69 diuersitate
1670 2216 159 69 exposi-

83 2275 170 54 tionum
202 2275 153 54 penes
304 2275 153 54 modos
405 2275 237 54 exponendi:
592 2275 254 54 considerare
795 2275 153 54 debet
897 2275 237 54 expositor:
1084 2275 136 54 siue
1169 2275 102 54 in
1219 2275 305 54 praedicatione:
1474 2275 136 54 siue
1559 2275 102 54 in
1609 2275 237 54 locutione:

74 2320 107 67 an
128 2320 213 67 commixti
288 2320 142 67 sint
376 2320 196 67 capaces
519 2320 89 67 &
554 2320 267 67 spirituales
767 2320 249 67 carnalibus
963 2320 89 67 &
998 2320 124 67 non
1070 2320 249 67 capacibus:
1265 2320 107 67 an
1318 2320 142 67 sint
1407 2320 249 67 distincti.
1603 2320 107 67 Si
1638 2320 178 67 commixti

76 2371 132 62 tunc
159 2371 215 62 quaelibet
325 2371 215 62 expositio
490 2371 198 62 cuilibet
639 2371 232 62 proponenda
821 2371 132 62 est:
903 2371 132 62 quia
986 2371 182 62 propter
1118 2371 116 62 non
1185 2371 182 62 capaces
1317 2371 116 62 non
1383 2371 116 62 est
1449 2371 215 62 omittenda
1615 2371 198 62 subtilis
1747 2371 66 62 ex

83 2429 157 67 positio
197 2429 114 67 quam
268 2429 114 67 alii
339 2429 157 67 possunt
453 2429 157 67 capere.
568 2429 86 67 vt
610 2429 143 67 dictum
710 2429 114 67 est.
781 2429 171 67 secundum
910 2429 200 67 Augustinus
1067 2429 100 67 ser
1124 2429 86 67 id
1166 2429 100 67 est
1223 2429 128 67 super
1309 2429 100 67 Ion
1366 2429 86 67 in
1409 2429 157 67 princi,
1523 2429 100 67 nec
1580 2429 157 67 propter
1680 2429 128 67 capaces

73 2482 213 63 omittenda
237 2482 115 63 est
302 2482 213 63 expositio
467 2482 164 63 grossa
582 2482 131 63 quam
664 2482 131 63 alii
746 2482 164 63 capere
861 2482 197 63 possunt.
1008 2482 99 63 vt
1058 2482 148 63 dicit
1156 2482 99 63 in
1205 2482 131 63 ser.
1288 2482 197 63 xxxiiii.
1435 2482 99 63 in
1485 2482 148 63 prin.
1583 2482 115 63 Sic
1649 2482 131 63 ergo
1714 2482 99 63 tunc

83 2533 235 62 temperanda
268 2533 118 62 est
335 2533 235 62 expositio:
520 2533 101 62 vt
570 2533 118 62 cum
637 2533 168 62 grossa
755 2533 252 62 expositione
957 2533 134 62 quam
1040 2533 185 62 capiunt
1175 2533 218 62 carnales,
1343 2533 235 62 misceantur
1528 2533 202 62 subtilia
1679 2533 134 62 quae
1746 2533 67 62 pe

77 2592 178 67 netrare
207 2592 178 67 faciunt
336 2592 260 67 spirituales:
547 2592 97 67 vt
596 2592 195 67 singulus
742 2592 178 67 quisque
872 2592 130 67 quod
953 2592 195 67 potuerit
1099 2592 162 67 capere
1213 2592 178 67 capiat:
1342 2592 97 67 vt
1391 2592 130 67 idem
1472 2592 146 67 sermo
1570 2592 227 67 propositus
1732 2592 81 67 lac

85 2641 115 56 sit
150 2641 214 56 paruulis:
315 2641 82 56 &
348 2641 148 56 cibus
446 2641 230 56 maioribus.
627 2641 197 56 secundum
776 2641 132 56 quod
858 2641 165 56 dictum
973 2641 115 56 est
1039 2641 148 56 supra
1137 2641 132 56 quod
1220 2641 165 56 Paulus
1335 2641 148 56 Cori,
1434 2641 115 56 non
1499 2641 165 56 potuit
1615 2641 148 56 loqui
1697 2641 115 56 quasi

80 2697 289 63 spiritualibus:
321 2697 113 63 sed
385 2697 145 63 quasi
482 2697 241 63 carnalibus:
675 2697 113 63 qui
739 2697 145 63 tamen
835 2697 225 63 sapientiam
1012 2697 241 63 loquaebatur
1205 2697 145 63 inter
1302 2697 225 63 perfectos.
1478 2697 113 63 Non
1543 2697 129 63 quia
1623 2697 129 63 alia
1703 2697 80 63 &
1720 2697 96 63 alia

93 2747 219 67 proposuit
262 2747 118 67 his
329 2747 84 67 &
363 2747 169 67 illis:
481 2747 118 67 sed
549 2747 135 67 quia
633 2747 169 67 eundem
751 2747 203 67 sermonem
903 2747 304 67 apprehendebant
1157 2747 135 67 illi
1241 2747 253 67 carnaliter:
1444 2747 84 67 &
1477 2747 135 67 isti
1545 2747 270 67 spiritualiter.

99 2802 130 61 Vnde
180 2802 195 61 subiuxit
326 2802 97 61 ex
375 2802 146 61 parte
472 2802 179 61 illorum
602 2802 114 61 pro
667 2802 162 61 causa.
781 2802 162 61 Nondum
895 2802 130 61 enim
976 2802 211 61 poteratis
1139 2802 260 61 intelligere:
1350 2802 114 61 sed
1415 2802 114 61 nec
1480 2802 130 61 nunc
1561 2802 162 61 quidem
1659 2802 162 61 potestis

88 2854 153 57 Adhuc
190 2854 136 57 enim
275 2854 204 57 carnales
428 2854 170 57 estis,
548 2854 153 57 quasi
650 2854 170 57 dicat,
769 2854 255 57 potuissetis
973 2854 272 57 intellexisse
1194 2854 289 57 spiritualiter
1433 2854 153 57 sicut
1535 2854 85 57 &
1569 2854 153 57 alii:
1671 2854 119 57 sed
1722 2854 85 57 re-

79 2908 176 56 stabat
202 2908 105 56 in
255 2908 176 56 vobis:
378 2908 140 56 quia
466 2908 193 56 capaces
606 2908 123 56 non
676 2908 176 56 eratis
799 2908 123 56 per
869 2908 193 56 habitum
1010 2908 211 56 habentes
1168 2908 176 56 sensus
1290 2908 263 56 exercitatos
1501 2908 105 56 ad
1554 2908 246 56 separandum
1729 2908 88 56 bo-

86 2962 117 56 num
153 2962 84 56 a
187 2962 151 56 malo.
288 2962 151 56 sicut
388 2962 151 56 dicit
489 2962 218 56 Apostolus
657 2962 101 56 ad
707 2962 134 56 Heb.
791 2962 101 56 de
841 2962 151 56 illis
942 2962 134 56 quos
1026 2962 218 56 perfectos
1193 2962 168 56 vocat.
1311 2962 101 56 Si
1361 2962 151 56 autem
1462 2962 185 56 seorsum
1596 2962 134 56 sunt
1663 2962 151 56 capaces

88 3017 93 56 &
126 3017 130 56 non
200 3017 223 56 capaces,
367 3017 241 56 capacibus
553 3017 316 56 indifferenter
813 3017 241 56 quaelibet
999 3017 186 56 grossa
1129 3017 241 56 expositio
1314 3017 93 56 &
1352 3017 223 56 subtilis
1519 3017 260 56 proponenda
1705 3017 111 56 est:

87 3068 153 63 quia
182 3068 134 63 qui
259 3068 191 63 capere
392 3068 210 63 possunt
545 3068 172 63 maius
660 3068 95 63 &
698 3068 191 63 minus:
831 3068 153 63 quia
927 3068 115 63 id
984 3068 153 63 quod
1080 3068 172 63 minus
1194 3068 153 63 est,
1290 3068 305 63 manuductiuum
1538 3068 134 63 est
1614 3068 115 63 ad
1671 3068 191 63 maius:

76 3124 88 60 &
112 3124 140 60 quod
199 3124 158 60 maius
304 3124 123 60 est
375 3124 140 60 quod
462 3124 158 60 minus
568 3124 123 60 est
638 3124 263 60 intelligere
848 3124 175 60 facit.
971 3124 88 60 &
1006 3124 298 60 quantuncumque
1252 3124 193 60 capaces
1392 3124 140 60 sunt
1480 3124 105 60 vt
1532 3124 123 60 eis
1603 3124 140 60 plus
1673 3124 140 60 compe-

84 3175 118 58 tat
151 3175 202 58 subtilis
303 3175 218 58 expositio
470 3175 202 58 rationis
622 3175 134 58 quam
706 3175 168 58 grossa
823 3175 286 58 auctoritatis:
1058 3175 101 58 ab
1109 3175 168 58 initio
1226 3175 151 58 tamen
1327 3175 185 58 talibus
1461 3175 218 58 expositio
1629 3175 168 58 grossa
1730 3175 84 58 via

81 3225 244 78 auctoritatis
279 3225 214 78 proponenda
447 3225 122 78 est.
524 3225 183 78 Secundum
661 3225 122 78 quod
738 3225 137 78 docet
829 3225 214 78 Augustinus
997 3225 107 78 ii.
1058 3225 107 78 Ii.
1119 3225 92 78 de
1165 3225 168 78 ordine,
1287 3225 168 78 dicens:
1410 3225 183 78 Sequitur
1547 3225 92 78 vt
1593 3225 137 78 dicam
1685 3225 168 78 quomodo
