2364 3764
120 291 179 94 genter
245 291 232 94 inquirit,
424 291 268 94 praemunitus
638 291 214 94 scientia
799 291 250 94 linguarum:
995 291 107 94 ne
1049 291 107 94 in
1102 291 179 94 verbis
1227 291 339 94 locutionibusque
1513 291 196 94 ignotis
1656 291 179 94 erret:
1763 291 125 94 prae-

120 382 220 57 munitus
280 382 180 57 etiam
400 382 120 57 in
460 382 280 57 cognitione
681 382 260 57 quarundam
881 382 180 57 rerum
1001 382 360 57 necessariarum:
1301 382 120 57 ne
1361 382 140 57 vim
1441 382 260 57 naturamve
1642 382 180 57 earum
1762 382 160 57 quae

122 433 212 61 propter
276 433 327 61 similitudinem
545 433 269 61 adhibentur
756 433 231 61 ignoret:
929 433 250 61 adiuuante
1122 433 173 61 etiam
1237 433 212 61 codicum
1391 433 231 61 veritate
1564 433 154 61 quam
1660 433 192 61 solers
1776 433 115 61 emen

131 475 215 68 dationis
292 475 251 68 diligentia
489 475 269 68 procurauit:
704 475 179 68 veniat
829 475 143 68 ille
919 475 251 68 instructus
1116 475 107 68 ad
1170 475 197 68 ambigua
1313 475 287 68 scripturarum
1546 475 269 68 discutienda
1761 475 161 68 atque

132 530 226 70 soluenda.
305 530 104 70 In
357 530 243 70 expositore
549 530 156 70 etiam
653 530 122 70 cum
722 530 122 70 his
792 530 191 70 oportet
931 530 243 70 concurrere
1122 530 156 70 etiam
1226 530 139 70 quae
1313 530 208 70 superius
1469 530 139 70 fore
1556 530 243 70 necessaria
1747 530 104 70 in
1799 530 122 70 do-

129 583 164 80 ctore
238 583 164 80 dicta
329 583 127 80 sunt.

109 620 104 109 ⁋
151 620 124 109 Ad
213 620 207 109 primum
358 620 124 109 in
420 620 290 109 oppositum,
648 620 166 109 quod
751 620 290 109 cuiuslibet
979 620 228 109 hominis
1144 620 145 109 est
1227 620 207 109 habere
1372 620 228 109 habitum
1538 620 207 109 fidei,
1683 620 124 109 ad
1724 620 145 109 cuius

118 708 197 69 regulam
261 708 143 69 ista
351 708 215 69 scientia
512 708 161 69 debet
619 708 197 69 exponi:
762 708 215 69 Dicendum
923 708 143 69 quod
1013 708 125 69 non
1084 708 215 69 secundum
1245 708 197 69 habitum
1388 708 161 69 fidei
1495 708 250 69 quaecunque
1692 708 161 69 sacra
1782 708 107 69 scri

116 769 149 67 ptura
216 769 166 67 potest
332 769 183 67 exponi:
465 769 116 67 sed
531 769 199 67 secundum
681 769 149 67 illum
780 769 116 67 qui
847 769 199 67 perfecte
996 769 116 67 est
1063 769 249 67 exercitatus
1262 769 100 67 in
1312 769 116 67 eis
1378 769 133 67 quae
1461 769 133 67 sunt
1544 769 166 67 fidei,
1660 769 100 67 vt
1710 769 149 67 vsque
1810 769 100 67 ad

121 818 170 87 summum
240 818 136 87 illa
325 818 221 87 explicare
495 818 187 87 possit:
631 818 136 87 quod
716 818 119 87 non
784 818 119 87 est
852 818 255 87 cuiuslibet:
1057 818 119 87 sed
1125 818 153 87 solum
1227 818 153 87 talis
1329 818 170 87 qualis
1448 818 119 87 iam
1516 818 238 87 descriptus
1703 818 136 87 est.
1788 818 85 87 ⁋
1805 818 68 87 Ad

117 873 228 92 secundum
288 873 171 92 patet
402 873 209 92 solutio
555 873 133 92 per
612 873 228 92 praedicta.

467 945 135 99 lrca
552 945 186 99 tertium
687 945 220 99 arguitur,
856 945 135 99 quod
940 945 135 99 homo
1025 945 135 99 sine
1109 945 203 99 speciali
1262 945 287 99 illustratione
1498 945 169 99 diuina
1617 945 169 99 possit
1718 945 169 99 scriptu-

478 1036 121 66 ram
547 1036 155 66 istam
650 1036 224 66 exponere.
822 1036 155 66 Primo
926 1036 138 66 sic.
1012 1036 189 66 Deuter.
1150 1036 138 66 xxx.
1236 1036 207 66 dicitur.
1391 1036 207 66 Mandatum
1546 1036 138 66 quod
1632 1036 121 66 ego
1684 1036 189 66 praecipio

477 1088 131 63 tibi
559 1088 115 63 non
624 1088 115 63 est
690 1088 148 63 supra
788 1088 115 63 te:
854 1088 148 63 neque
952 1088 164 63 procul
1067 1088 197 63 positum:
1215 1088 115 63 sed
1280 1088 148 63 iuxta
1379 1088 98 63 te
1428 1088 98 63 in
1477 1088 115 63 ore
1543 1088 115 63 tuo
1609 1088 82 63 &
1641 1088 98 63 in
1691 1088 148 63 corde
1773 1088 98 63 tuo.

471 1145 134 65 quod
555 1145 201 65 exponens
706 1145 218 65 apostolus
873 1145 167 65 dicit.
990 1145 151 65 Roma.
1091 1145 100 65 x.
1141 1145 117 65 Hoc
1208 1145 117 65 est
1275 1145 167 65 verbum
1392 1145 151 65 fidei
1493 1145 134 65 quod
1577 1145 268 65 praedicamus.
1794 1145 117 65 sed

467 1208 148 54 quod
560 1208 130 54 non
634 1208 130 54 est
708 1208 167 54 supra
819 1208 222 54 hominem,
986 1208 148 54 immo
1078 1208 167 54 iuxta
1190 1208 185 54 ipsum:
1319 1208 185 54 exponi
1449 1208 185 54 potest
1578 1208 111 54 ab
1634 1208 148 54 ipso
1726 1208 148 54 sine
1800 1208 93 54 spe

466 1251 150 67 ciali
566 1251 299 67 illustratione:
815 1251 133 67 quia
898 1251 133 67 quod
982 1251 150 67 talem
1081 1251 299 67 illustrationem
1331 1251 216 67 requirit,
1497 1251 150 67 longe
1596 1251 116 67 est
1663 1251 100 67 ab
1713 1251 116 67 eo.
1779 1251 133 67 ergo

109 1312 125 63 &c.
180 1312 89 63 ⁋
216 1312 196 63 Secundo
359 1312 143 63 sic.
448 1312 143 63 iii.
537 1312 107 63 de
590 1312 214 63 doctrina
751 1312 249 63 christiana
947 1312 160 63 dicit
1053 1312 249 63 Augustinus
1249 1312 143 63 Homo
1339 1312 178 63 timens
1463 1312 143 63 deum
1552 1312 125 63 &c.
1624 1312 107 63 vt
1677 1312 125 63 iam
1730 1312 143 63 dictum

115 1358 117 67 est
182 1358 101 67 in
233 1358 251 67 praecedenti
434 1358 184 67 quaest.
568 1358 117 67 Sed
635 1358 134 67 illa
718 1358 151 67 omnia
819 1358 168 67 potest
936 1358 168 67 habere
1053 1358 134 67 homo
1137 1358 184 67 fidelis
1271 1358 101 67 ex
1321 1358 168 67 studio
1439 1358 134 67 sine
1522 1358 201 67 speciali
1673 1358 184 67 gratia.
1790 1358 84 67 er-

121 1427 100 57 go
171 1427 117 57 &c.
238 1427 84 57 ⁋
272 1427 100 57 In
322 1427 217 57 oppositum
489 1427 117 57 est
556 1427 167 57 illud.
673 1427 117 57 ii.
740 1427 167 57 Petri.
857 1427 100 57 i.
907 1427 184 57 Spiritu
1041 1427 167 57 sancto
1158 1427 217 57 inspirati
1325 1427 184 57 loquuti
1459 1427 134 57 sunt
1543 1427 167 57 sancti
1660 1427 117 57 dei
1710 1427 167 57 homines.

115 1464 151 77 Glos.
216 1464 117 77 Hoc
283 1464 134 77 ideo
367 1464 168 77 dicit,
484 1464 101 77 ne
534 1464 134 77 quis
618 1464 101 77 ad
668 1464 184 77 libitum
802 1464 235 77 scripturas
986 1464 201 77 exponat.
1137 1464 268 77 Inspiratione
1355 1464 134 77 ergo
1439 1464 201 77 speciali
1589 1464 134 77 sunt
1656 1464 218 77 exponendae.

101 1535 116 75 ⁋
147 1535 279 75 Dicendum
357 1535 140 75 ad
427 1535 186 75 hoc,
543 1535 186 75 quod
659 1535 186 75 nemo
776 1535 303 75 scientiam
1009 1535 256 75 aliquam
1195 1535 233 75 potest
1358 1535 279 75 exponere
1567 1535 186 75 nisi
1684 1535 210 75 verum
1800 1535 70 75 &

112 1596 179 68 rectum
238 1596 215 68 iudicium
399 1596 179 68 habeat
524 1596 108 68 de
578 1596 161 68 illis
685 1596 143 68 quae
775 1596 287 68 discernuntur
1008 1596 108 68 in
1062 1596 233 68 scientia.
1241 1596 143 68 Nemo
1331 1596 161 68 autem
1438 1596 161 68 recte
1546 1596 197 68 iudicat
1689 1596 143 68 nisi
1778 1596 143 68 quae

115 1655 181 59 nouit:
242 1655 109 59 vt
296 1655 199 59 dicitur
441 1655 109 59 in
496 1655 236 59 principio
677 1655 254 59 Ethicorum.
876 1655 199 59 oportet
1022 1655 181 59 igitur
1149 1655 145 59 quod
1239 1655 218 59 exponens
1402 1655 145 59 hanc
1493 1655 254 59 scientiam,
1693 1655 181 59 certam
1801 1655 91 59 ha-

118 1696 142 73 beat
207 1696 214 73 notitiam
367 1696 160 73 eorum
474 1696 142 73 quae
563 1696 267 73 disseruntur
777 1696 107 73 in
830 1696 125 73 ea.
901 1696 196 73 Notitia
1044 1696 160 73 autem
1150 1696 142 73 ista
1239 1696 125 73 non
1311 1696 125 73 est
1382 1696 267 73 quaecunque:
1595 1696 125 73 sed
1666 1696 142 73 illa
1755 1696 125 73 qua
1809 1696 71 73 ea

116 1765 142 57 quae
205 1765 248 57 credibilia
399 1765 159 57 sunt,
506 1765 319 57 intelliguntur.
771 1765 142 57 nisi
860 1765 142 57 enim
948 1765 248 57 scripturam
1143 1765 248 57 intelligat
1337 1765 159 57 homo,
1444 1765 124 57 eam
1514 1765 212 57 exponere
1674 1765 124 57 non
1727 1765 159 57 potest.

124 1820 112 55 Et
180 1820 150 55 ideo
274 1820 206 55 eunucho
423 1820 206 55 legenti
573 1820 206 55 Esaiam:
723 1820 93 55 &
760 1820 206 55 sibimet
910 1820 131 55 eum
984 1820 224 55 exponere
1153 1820 131 55 non
1228 1820 224 55 potenti:
1396 1820 168 55 dixit
1508 1820 262 55 Philippus,
1714 1820 168 55 putas
1807 1820 75 55 ne

117 1862 236 72 intelligis
302 1862 135 72 quae
387 1862 168 72 legis:
505 1862 118 72 qui
572 1862 168 72 statim
690 1862 219 72 confessus
858 1862 152 72 fuit:
959 1862 135 72 quia
1044 1862 253 72 intelligere
1246 1862 101 72 ea
1296 1862 118 72 non
1364 1862 168 72 posset
1482 1862 135 72 sine
1566 1862 236 72 exponente.
1751 1862 101 72 Si
1785 1862 101 72 igi-

115 1923 123 57 tur
186 1923 123 57 per
256 1923 280 57 expositionem
483 1923 210 57 cuiusque
641 1923 228 57 scientiae
816 1923 245 57 discipulus
1008 1923 105 57 de
1061 1923 123 57 non
1131 1923 280 57 intelligente
1358 1923 123 57 fit
1428 1923 140 57 actu
1516 1923 280 57 intelligens:
1743 1923 88 57 &
1761 1923 105 57 nemo

109 1966 210 80 procedit
266 1966 105 80 de
318 1966 210 80 potentia
476 1966 105 80 in
528 1966 157 80 actum
633 1966 140 80 nisi
720 1966 122 80 per
790 1966 192 80 aliquid
930 1966 210 80 existens
1087 1966 140 80 tale
1175 1966 105 80 in
1227 1966 157 80 actu:
1332 1966 192 80 oportet
1472 1966 140 80 ergo
1559 1966 175 80 omnino
1682 1966 140 80 quod
1752 1966 122 80 expo-

114 2015 149 68 nens
208 2015 168 68 istam
320 2015 243 68 scientiam
507 2015 149 68 actu
600 2015 131 68 eam
675 2015 280 68 intelligat:
899 2015 93 68 &
936 2015 168 68 tanto
1048 2015 187 68 melius
1179 2015 93 68 &
1216 2015 205 68 clarius
1366 2015 131 68 eam
1440 2015 224 68 exponat:
1609 2015 187 68 quanto
1721 2015 149 68 limpi-

110 2071 145 62 dius
201 2071 127 62 eam
273 2071 273 62 intelligit.
491 2071 164 62 Quare
600 2071 127 62 cum
673 2071 109 62 vt
728 2071 164 62 supra
837 2071 291 62 determinatum
1073 2071 145 62 est,
1164 2071 273 62 intellectus
1382 2071 164 62 huius
1491 2071 236 62 scientiae
1672 2071 127 62 non
1727 2071 145 62 potest

114 2130 163 64 haberi
228 2130 130 64 sine
309 2130 277 64 illustratione
537 2130 163 64 diuina
651 2130 195 64 speciali
798 2130 163 64 lumini
912 2130 147 64 fidei
1010 2130 261 64 superaddita:
1221 2130 163 64 igitur
1335 2130 195 64 absolute
1482 2130 195 64 dicendum
1629 2130 130 64 est,
1710 2130 130 64 quod
1775 2130 98 64 sine

116 2180 292 69 illustratione
356 2180 206 69 speciali
510 2180 172 69 diuina
631 2180 154 69 fidei
733 2180 257 69 superaddita
939 2180 223 69 scientiam
1111 2180 154 69 istam
1214 2180 137 69 nemo
1300 2180 172 69 potest
1420 2180 223 69 exponere:
1591 2180 103 69 vt
1643 2180 154 69 eodem
1729 2180 154 69 spiritu

120 2233 83 68 &
154 2233 215 68 consimili
319 2233 264 68 inspiratione
534 2233 116 68 qua
600 2233 165 68 editae
715 2233 281 68 intelliguntur
947 2233 248 68 exponantur.
1145 2233 132 68 Hinc
1228 2233 149 68 dicit
1327 2233 231 68 Augustinus
1508 2233 99 68 in
1558 2233 132 68 ser.
1641 2233 99 68 de
1674 2233 198 68 proprieta-

124 2286 147 70 tibus
222 2286 163 70 verbi.
336 2286 163 70 Totius
450 2286 212 70 ecclesiae
613 2286 114 70 vna
679 2286 212 70 sententia
842 2286 131 70 est,
923 2286 131 70 esse
1005 2286 196 70 scilicet
1152 2286 147 70 omnem
1250 2286 147 70 legem
1348 2286 261 70 spiritualem:
1560 2286 114 70 non
1625 2286 147 70 tamen
1723 2286 98 70 ea
1772 2286 131 70 quae

115 2340 166 76 spirat
231 2340 133 76 lex,
314 2340 133 76 esse
397 2340 215 76 hominibus
563 2340 149 76 nota:
662 2340 133 76 nisi
745 2340 116 76 iis
811 2340 149 76 solis
911 2340 166 76 quibus
1027 2340 166 76 gratia
1143 2340 199 76 spiritus
1292 2340 166 76 sancti
1408 2340 99 76 in
1458 2340 149 76 verbo
1557 2340 232 76 sapientiae
1739 2340 83 76 &
1756 2340 116 76 scien

122 2411 126 55 tiae
201 2411 236 55 condonatur.
389 2411 94 55 Et
437 2411 141 55 super
531 2411 141 55 illud
625 2411 141 55 Ephe.
719 2411 126 55 iii.
798 2411 283 55 Inuestigabiles
1034 2411 204 55 diuitias.
1191 2411 141 55 Glos.
1285 2411 94 55 Si
1332 2411 283 55 inuestigabiles
1568 2411 126 55 sunt
1646 2411 204 55 diuitiae:
1803 2411 110 55 quo

109 2450 143 66 modo
198 2450 232 66 apostolus
376 2450 125 66 eas
448 2450 285 66 euangelizat:
679 2450 125 66 Nam
751 2450 321 66 inuestigabilis
1018 2450 125 66 est
1089 2450 125 66 res
1160 2450 143 66 quae
1249 2450 125 66 non
1321 2450 178 66 potest
1445 2450 285 66 comprehendi.
1677 2450 107 66 Ad
1730 2450 143 66 quod
1802 2450 71 66 di

118 2504 149 68 citur
218 2504 132 68 quod
300 2504 99 68 in
350 2504 116 68 sua
416 2504 165 68 natura
532 2504 297 68 inuestigabiles
779 2504 149 68 sunt:
879 2504 116 68 sed
945 2504 116 68 per
1011 2504 182 68 gratiam
1143 2504 83 68 &
1176 2504 264 68 reuelationem
1391 2504 198 68 spiritus
1540 2504 165 68 sancti
1639 2504 231 68 vestigabiles

115 2561 154 64 sunt.
217 2561 137 64 Vnde
303 2561 154 64 dicit
405 2561 154 64 Orig.
508 2561 102 64 in
559 2561 154 64 Homi.
661 2561 154 64 iiii.
764 2561 154 64 super
866 2561 154 64 Exod.
969 2561 137 64 Quis
1054 2561 120 64 est
1123 2561 137 64 ille
1208 2561 137 64 quem
1293 2561 171 64 replet
1413 2561 137 64 deus
1498 2561 205 64 spiritu:
1652 2561 120 64 quo
1703 2561 171 64 repleuit

114 2609 179 72 Moysem
240 2609 90 72 &
276 2609 161 72 Aaron
383 2609 126 72 cum
455 2609 144 72 haec
545 2609 161 72 signa
652 2609 90 72 &
688 2609 215 72 prodigia
850 2609 323 72 perficerentur:
1119 2609 108 72 vt
1172 2609 161 72 eodem
1280 2609 197 72 spiritu
1424 2609 269 72 illuminatus
1639 2609 179 72 possit
1764 2609 144 72 quae

124 2669 118 72 per
191 2669 151 72 illos
292 2669 151 72 gesta
393 2669 134 72 sunt
477 2669 235 72 disserere:
662 2669 168 72 aliter
780 2669 134 72 enim
864 2669 118 72 non
931 2669 202 72 arbitror
1082 2669 218 72 ingentium
1250 2669 151 72 rerum
1351 2669 235 72 varietates
1536 2669 101 72 ac
1586 2669 269 72 differentias
1788 2669 84 72 ex-

115 2740 213 60 planari:
275 2740 142 60 nisi
363 2740 160 60 eodem
470 2740 195 60 spiritu
612 2740 124 60 quo
683 2740 160 60 gesta
789 2740 142 60 sunt
860 2740 248 60 disserantur.

120 2768 102 106 ⁋
160 2768 123 106 Ad
222 2768 205 106 primum
365 2768 123 106 in
426 2768 286 106 oppositum,
651 2768 164 106 quod
754 2768 205 106 verbum
897 2768 143 106 est
979 2768 184 106 iuxta
1101 2768 143 106 te:
1183 2768 245 106 Dicendum
1367 2768 164 106 quod
1469 2768 184 106 aliud
1592 2768 143 106 est
1674 2768 164 106 esse
1756 2768 102 106 pro

121 2844 102 86 pe
172 2844 119 86 vel
240 2844 169 86 iuxta:
358 2844 152 86 aliud
460 2844 135 86 esse
544 2844 169 86 intus.
663 2844 169 86 Verbum
781 2844 237 86 sapientiae
968 2844 220 86 naturalis
1137 2844 152 86 intus
1239 2844 135 86 est:
1323 2844 135 86 quia
1408 2844 102 86 ex
1459 2844 203 86 naturali
1594 2844 271 86 inuestigatione

115 2902 187 78 concipi
251 2902 187 78 potest.
387 2902 170 78 Verbum
506 2902 136 78 vero
591 2902 153 78 fidei
693 2902 119 78 seu
761 2902 153 78 huius
863 2902 221 78 scientiae
1034 2902 119 78 non
1102 2902 119 78 est
1170 2902 170 78 intus:
1289 2902 136 78 quia
1374 2902 102 78 ex
1425 2902 153 78 puris
1527 2902 255 78 naturalibus
1714 2902 153 78 inuesti

124 2949 138 88 gari
210 2949 121 88 non
279 2949 190 88 potest:
418 2949 104 88 vt
470 2949 173 88 dictum
591 2949 121 88 est
660 2949 173 88 supra.
781 2949 121 88 Est
850 2949 156 88 tamen
954 2949 173 88 prope,
1075 2949 104 88 vt
1127 2949 156 88 dicit
1230 2949 156 88 Glos,
1334 2949 138 88 quia
1420 2949 121 88 per
1490 2949 190 88 gratiam
1628 2949 225 88 faciliter
1784 2949 86 88 po-

116 3018 151 71 test
211 3018 227 71 concipi:
381 3018 95 71 &
419 3018 132 71 hoc
494 3018 132 71 per
570 3018 208 71 gratiam
721 3018 227 71 communem
892 3018 170 71 fidei
1005 3018 113 71 in
1062 3018 151 71 puro
1156 3018 265 71 aenigmate:
1364 3018 132 71 per
1440 3018 246 71 specialem
1629 3018 151 71 vero
1705 3018 170 71 gratiam

112 3061 243 76 vlteriorem
302 3061 104 76 vt
354 3061 260 76 aliqualiter
562 3061 225 76 perspicue
736 3061 295 76 intelligatur:
978 3061 87 76 &
1013 3061 208 76 vlterius
1169 3061 243 76 exponatur.
1359 3061 87 76 ⁋
1394 3061 104 76 Ad
1446 3061 208 76 secundum
1602 3061 139 76 quod
1689 3061 139 76 homo
1758 3061 104 76 prae

113 3118 220 88 munitus
273 3118 240 88 scientia
452 3118 260 88 linguarum
652 3118 100 88 &
692 3118 180 88 rerum
812 3118 200 88 veniat
952 3118 120 88 ad
1011 3118 299 88 discutienda
1251 3118 220 88 ambigua
1411 3118 339 88 scripturarum:
1670 3118 200 88 Dicendum

117 3173 124 100 quod
194 3173 124 100 illa
272 3173 248 100 requiruntur:
473 3173 109 100 sed
535 3173 124 100 sola
613 3173 109 100 non
674 3173 233 100 sufficiunt:
861 3173 109 100 sed
923 3173 109 100 cum
985 3173 140 100 illis
1078 3173 217 100 requiritur
1248 3173 155 100 gratia
1357 3173 202 100 specialis
1512 3173 93 100 vt
1558 3173 155 100 dictum
1651 3173 93 100 est.
