2411 3768
179 303 92 91 se
225 303 153 91 habent
332 303 92 91 ad
378 303 245 91 substantiam:
577 303 123 91 quia
654 303 107 91 aut
715 303 123 91 sunt
792 303 215 91 relationes
960 303 245 91 substantiae,
1159 303 107 91 aut
1221 303 230 91 qualitates,
1405 303 107 91 aut
1466 303 199 91 passiones
1619 303 138 91 eius,
1711 303 107 91 &c.
1757 303 184 91 huiusmodi.

180 385 94 63 lta
233 385 107 63 quod
300 385 80 63 si
340 385 120 63 prima
420 385 200 63 philosophia
580 385 107 63 quae
647 385 80 63 de
687 385 120 63 illis
768 385 147 63 omnibus
874 385 200 63 considerat:
1035 385 80 63 de
1075 385 120 63 nullo
1155 385 147 63 aliorum
1262 385 214 63 consideraret
1436 385 107 63 vllo
1502 385 107 63 modo
1569 385 147 63 propter
1676 385 94 63 se:
1730 385 94 63 sed
1783 385 80 63 de
1810 385 120 63 omnibus

181 437 135 76 aliis
271 437 75 76 a
301 437 210 76 substantia
466 437 240 76 consideraret
660 437 135 76 solum
750 437 165 76 propter
870 437 135 76 consi
960 437 210 76 derationem
1125 437 75 76 &
1155 437 225 76 cognitionem
1335 437 240 76 substantiae:
1529 437 210 76 substantia
1694 437 195 76 diceretur
1829 437 105 76 subie

184 492 112 62 ctum
254 492 84 62 in
296 492 98 62 ea:
352 492 70 62 &
380 492 154 62 caetera
491 492 126 62 omnia
575 492 126 62 solum
659 492 182 62 scientiae
799 492 168 62 Metaphy,
925 492 112 62 quod
995 492 126 62 tamen
1078 492 112 62 modo
1148 492 98 62 non
1204 492 182 62 contigit:
1344 492 112 62 quia
1414 492 168 62 Metaphy.
1540 492 252 62 principliciter
1749 492 168 62 intendit
1861 492 70 62 con

182 541 173 78 siderare
311 541 202 78 quiditates
470 541 130 78 entis
556 541 86 78 vt
599 541 101 78 ens
657 541 115 78 est:
729 541 101 78 non
786 541 202 78 quiditatem
945 541 216 78 substantiae
1117 541 130 78 solum
1204 541 86 78 vt
1247 541 202 78 substantia
1405 541 115 78 est:
1477 541 72 78 &
1506 541 115 78 ideo
1578 541 101 78 per
1636 541 86 78 se
1679 541 202 78 considerat
1837 541 130 78 quidi

197 598 130 65 tatem
283 598 203 65 cuiuslibet
443 598 130 65 entis
529 598 188 65 inquantum
674 598 101 65 ens
732 598 116 65 est,
804 598 116 65 siue
877 598 101 65 sit
935 598 217 65 substantia,
1108 598 116 65 siue
1181 598 188 65 accidens.
1325 598 159 65 Propter
1441 598 116 65 quod
1513 598 101 65 ibi
1571 598 203 65 substantia
1730 598 101 65 non
1788 598 145 65 potest
1875 598 58 65 di

193 652 90 71 ci
238 652 210 71 subiectum:
403 652 105 71 sed
463 652 105 71 ens
523 652 225 71 simpliciter
704 652 105 71 nec
764 652 165 71 aliquod
884 652 150 71 aliud:
989 652 90 71 vt
1034 652 150 71 probat
1139 652 165 71 Auicen.
1259 652 90 71 i.
1304 652 180 71 Metaphy.
1439 652 135 71 Quare
1530 652 105 71 cum
1590 652 120 71 ista
1665 652 180 71 scientia
1785 652 150 71 notitiae

195 702 71 65 &
223 702 257 65 considerationi
438 702 100 65 dei
495 702 172 65 intendit
623 702 243 65 principalitur
824 702 71 65 &
852 702 157 65 propter
966 702 129 65 illam
1052 702 71 65 &
1081 702 86 65 vt
1124 702 86 65 ad
1167 702 100 65 eam
1224 702 157 65 notitia
1338 702 129 65 eorum
1424 702 200 65 proficiant
1581 702 200 65 quaecumque
1738 702 114 65 alia
1795 702 129 65 conside

193 767 116 61 rat,
266 767 87 61 vt
310 767 87 61 in
353 767 174 61 sequenti
484 767 160 61 quaest.
600 767 174 61 dicetur:
730 767 87 61 in
774 767 87 61 ea
818 767 131 61 nihil
905 767 131 61 aliud
992 767 145 61 omnino
1093 767 145 61 potest
1195 767 116 61 poni
1267 767 189 61 subiectum
1413 767 116 61 quam
1485 767 116 61 deus
1558 767 131 61 ipse.
1645 767 131 61 Cuius
1732 767 131 61 etiam
1804 767 131 61 necessi

196 814 108 58 tas
257 814 170 58 apparet
381 814 93 58 ex
427 814 108 58 hoc
489 814 123 58 quod
566 814 201 58 subiectum
720 814 108 58 sic
782 814 93 58 se
828 814 139 58 habet
921 814 93 58 ad
967 814 201 58 scientiam
1122 814 93 58 in
1168 814 216 58 cognitione
1338 814 262 58 intellectiua:
1554 814 139 58 sicut
1646 814 93 58 se
1693 814 139 58 habet
1770 814 154 58 obiectum

187 868 106 66 per
247 868 91 66 se
293 868 182 66 alicuius
429 868 136 66 actus
520 868 91 66 ad
566 868 136 66 actum
657 868 197 66 sentiendi
808 868 91 66 in
854 868 227 66 cognitione,
1036 868 167 66 quoniam
1157 868 136 66 sicut
1248 868 182 66 obiectum
1384 868 106 66 est
1445 868 152 66 primum
1551 868 106 66 per
1612 868 91 66 se
1657 868 152 66 mouens
1763 868 152 66 sensum
1869 868 91 66 ad

200 926 137 63 actum
291 926 198 63 sentiendi
444 926 91 63 in
489 926 213 63 cognitione
657 926 213 63 sensitiua:
825 926 91 63 vt
870 926 137 63 color
962 926 137 63 visum
1053 926 91 63 ad
1099 926 137 63 actum
1190 926 183 63 videndi:
1327 926 107 63 sic
1388 926 198 63 subiectum
1541 926 198 63 scientiae
1693 926 229 63 cuiuscumque
1861 926 76 63 est

198 981 144 62 primum
298 981 101 62 per
356 981 86 62 se
399 981 144 62 mouens
500 981 216 62 intellectum
673 981 86 62 ad
716 981 130 62 actum
803 981 158 62 sciendi
918 981 86 62 in
961 981 202 62 cognitione
1119 981 245 62 intellectiua.
1321 981 101 62 Est
1379 981 115 62 enim
1451 981 187 62 subiectum
1595 981 130 62 illud
1681 981 86 62 de
1724 981 101 62 quo
1782 981 173 62 secundum

190 1029 206 64 philosophum
355 1029 82 64 in
396 1029 165 64 scientia
519 1029 151 64 oportet
629 1029 137 64 primum
725 1029 178 64 supponere
862 1029 82 64 si
903 1029 96 64 est
958 1029 69 64 &
986 1029 110 64 quid
1054 1029 110 64 est.
1123 1029 110 64 Nunc
1191 1029 123 64 autem
1274 1029 96 64 ita
1328 1029 96 64 est
1383 1029 110 64 quod
1452 1029 165 64 obiectum
1575 1029 96 64 per
1630 1029 82 64 se
1671 1029 137 64 sensus
1767 1029 178 64 cuiusque,

192 1084 133 58 illud
281 1084 133 58 solum
370 1084 104 58 est
429 1084 119 58 quod
504 1084 104 58 per
563 1084 89 58 se
607 1084 74 58 &
637 1084 133 58 primo
726 1084 133 58 natum
815 1084 104 58 est
874 1084 148 58 sensum
978 1084 133 58 illum
1067 1084 163 58 mouere:
1186 1084 74 58 &
1215 1084 119 58 alia
1289 1084 133 58 omnia
1378 1084 104 58 non
1438 1084 119 58 sunt
1512 1084 193 58 subiectum
1660 1084 133 58 eius:
1749 1084 119 58 nisi
1823 1084 104 58 sub
1868 1084 59 58 ra

191 1139 126 67 tione
275 1139 154 67 illius:
388 1139 70 67 &
416 1139 183 67 inquantum
556 1139 168 67 rationem
682 1139 112 67 eius
753 1139 211 67 aliqualiter
921 1139 225 67 participant:
1104 1139 140 67 veluti
1202 1139 126 67 color
1286 1139 98 67 est
1342 1139 98 67 per
1398 1139 84 67 se
1441 1139 168 67 obiectum
1567 1139 140 67 visus:
1665 1139 70 67 &
1693 1139 154 67 caetera
1806 1139 140 67 omnia:

189 1189 95 77 vt
237 1189 174 77 lignum:
364 1189 159 77 lapis:
475 1189 79 77 &
506 1189 222 77 huiusmodi,
681 1189 206 77 inquantum
839 1189 190 77 colorata
982 1189 143 77 sunt:
1077 1189 79 77 &
1109 1189 111 77 sic
1173 1189 159 77 aliquo
1284 1189 127 77 modo
1363 1189 238 77 participant
1553 1189 190 77 rationem
1696 1189 190 77 coloris.
1839 1189 127 77 Qua-

186 1247 92 54 re
232 1247 107 54 cum
293 1247 168 54 similit
415 1247 92 54 in
461 1247 122 54 ista
538 1247 184 54 scientia
675 1247 122 54 deus
752 1247 107 54 est
813 1247 138 54 illud
905 1247 122 54 quod
981 1247 138 54 primo
1073 1247 138 54 habet
1165 1247 153 54 mouere
1272 1247 92 54 in
1318 1247 92 54 ea
1364 1247 230 54 intellectum
1547 1247 77 54 &
1578 1247 107 54 per
1639 1247 107 54 se,
1700 1247 122 54 quia
1777 1247 92 54 ad
1823 1247 138 54 ipsum

187 1299 139 63 primo
279 1299 77 63 &
310 1299 263 63 principalitur
527 1299 186 63 notitiam
667 1299 186 63 dirigit:
806 1299 139 63 sicut
899 1299 170 63 dirigit
1023 1299 232 63 intellectum
1209 1299 93 63 ad
1255 1299 108 63 eum
1317 1299 108 63 per
1379 1299 93 63 se
1426 1299 77 63 &
1457 1299 139 63 primo
1550 1299 232 63 speculandum
1736 1299 108 63 qui
1798 1299 93 63 ad
1829 1299 108 63 istam

181 1361 201 62 scientiam
335 1361 185 62 accedit:
474 1361 170 62 caetera
597 1361 139 62 autem
690 1361 139 62 omnia
783 1361 108 62 non
844 1361 154 62 habent
952 1361 154 62 mouere
1061 1361 232 62 intellectum
1246 1361 139 62 eius,
1338 1361 108 62 nec
1400 1361 185 62 dirigunt
1539 1361 139 62 aciem
1632 1361 154 62 mentis
1740 1361 93 62 ad
1786 1361 124 62 ipsa
1848 1361 77 62 co-

186 1408 200 57 gnoscenda
339 1408 123 57 nisi
416 1408 200 57 inquantum
570 1408 92 57 in
616 1408 92 57 se
662 1408 154 57 habent
769 1408 154 57 aliquo
877 1408 123 57 modo
954 1408 184 57 rationem
1092 1408 123 57 dei,
1169 1408 184 57 secundum
1307 1408 169 57 aliquem
1430 1408 169 57 ordinem
1552 1408 92 57 ad
1599 1408 154 57 ipsum,
1706 1408 108 57 aut
1767 1408 123 57 quia
1829 1408 92 57 sunt

195 1461 87 55 ab
239 1461 131 55 ipso,
327 1461 102 55 aut
385 1461 117 55 quia
458 1461 175 55 dirigunt
589 1461 87 55 ad
633 1461 146 55 ipsum,
735 1461 102 55 aut
793 1461 117 55 quia
866 1461 160 55 placent
983 1461 131 55 ipsi,
1070 1461 102 55 aut
1128 1461 117 55 quia
1201 1461 146 55 habent
1303 1461 87 55 in
1347 1461 87 55 se
1391 1461 175 55 effigiem
1522 1461 160 55 aliquam
1638 1461 146 55 ipsius
1741 1461 102 55 &c.
1799 1461 160 55 hsmodi:

188 1506 219 63 Necessarium
364 1506 102 63 est
422 1506 146 63 dicere
525 1506 176 63 absolute
656 1506 117 63 quod
730 1506 117 63 deus
803 1506 102 63 sit
861 1506 190 63 subiectum
1007 1506 132 63 huius
1095 1506 190 63 scientiae
1242 1506 102 63 per
1300 1506 102 63 se:
1359 1506 132 63 sicut
1446 1506 132 63 color
1534 1506 102 63 est
1593 1506 102 63 per
1651 1506 88 63 se
1695 1506 176 63 obiectum
1812 1506 117 63 visus.

190 1562 96 75 Et
238 1562 144 75 huius
334 1562 112 75 est
398 1562 160 75 signum
510 1562 176 75 duplex:
638 1562 128 75 vnum
718 1562 144 75 quasi
814 1562 224 75 prodigium:
990 1562 144 75 quia.
1087 1562 192 75 scilicet
1231 1562 128 75 deus
1311 1562 112 75 est
1375 1562 160 75 primum
1487 1562 208 75 subiectum
1647 1562 80 75 &
1679 1562 240 75 fundamentum
1855 1562 80 75 pri

187 1625 143 60 morum
282 1625 254 60 principiorum
489 1625 143 60 huius
584 1625 206 60 scientiae
743 1625 127 60 quae
822 1625 127 60 sunt
902 1625 191 60 articuli
1045 1625 159 60 fidei.
1156 1625 143 60 Primi
1251 1625 127 60 enim
1331 1625 191 60 articuli
1473 1625 143 60 fidei
1569 1625 95 60 ad
1616 1625 127 60 quos
1696 1625 143 60 omnes
1791 1625 127 60 alii
1855 1625 79 60 re-

189 1669 207 67 ducuntur,
349 1669 128 67 sunt
428 1669 96 67 de
476 1669 128 67 deo.
556 1669 128 67 Vnde
636 1669 80 67 &
667 1669 223 67 sacramenta
843 1669 207 67 ecclesiae
1002 1669 191 67 virtutem
1146 1669 128 67 suam
1225 1669 112 67 non
1289 1669 159 67 habent
1401 1669 128 67 nisi
1481 1669 96 67 in
1528 1669 128 67 fide
1608 1669 239 67 trinitatis.
1799 1669 128 67 ldem
1863 1669 64 67 au

189 1728 110 55 tem
252 1728 110 55 est
315 1728 236 55 fundamentum
503 1728 79 55 &
535 1728 204 55 subiectum
692 1728 157 55 totius
802 1728 204 55 scientiae
959 1728 79 55 &
990 1728 251 55 principiorum
1195 1728 141 55 eius.
1289 1728 141 55 Aliud
1383 1728 126 55 vero
1462 1728 110 55 est
1525 1728 236 55 simpliciter
1713 1728 173 55 signum:
1823 1728 110 55 vide-

185 1777 124 72 licet
268 1777 152 72 nominis
378 1777 221 72 intitulatio,
558 1777 110 72 quod
627 1777 110 72 haec
696 1777 166 72 scientia
820 1777 152 72 dicitur
930 1777 179 72 theologia
1068 1777 124 72 quasi
1151 1777 83 72 de
1192 1777 97 72 deo
1247 1777 166 72 sermoco.
1371 1777 83 72 vt
1413 1777 124 72 dicit
1495 1777 193 72 Augustinus
1647 1777 110 72 vii.
1716 1777 83 72 de
1757 1777 124 72 ciui.
1840 1777 110 72 dei.

217 1836 112 68 Ad
273 1836 187 68 primum
404 1836 112 68 in
460 1836 262 68 oppositum,
665 1836 150 68 quod
759 1836 168 68 finis
871 1836 243 68 scientiae
1058 1836 131 68 non
1133 1836 131 68 est
1208 1836 150 68 idem
1301 1836 131 68 cum
1376 1836 243 68 subiecto:
1563 1836 224 68 Dicendum
1731 1836 150 68 quod
1806 1836 112 68 idem

191 1900 103 60 non
250 1900 147 60 potest
353 1900 118 60 esse
427 1900 176 60 subiectu
559 1900 74 60 &
588 1900 132 60 finis
676 1900 176 60 secundum
809 1900 147 60 eandem
912 1900 191 60 rationem.
1059 1900 176 60 secundum
1191 1900 132 60 aliam
1279 1900 132 60 tamen
1367 1900 74 60 &
1397 1900 132 60 aliam
1485 1900 176 60 rationem
1617 1900 118 60 bene
1691 1900 147 60 potest
1794 1900 118 60 esse
1852 1900 74 60 sub

189 1948 152 73 iectum
295 1948 76 73 &
325 1948 152 73 finis.
432 1948 106 73 Est
492 1948 121 73 enim
568 1948 121 73 deus
644 1948 197 73 subiectum
796 1948 137 73 huius
887 1948 197 73 scientiae
1038 1948 106 73 quo
1099 1948 91 73 ad
1144 1948 228 73 imperfectam
1326 1948 228 73 cognitionem
1508 1948 121 73 quam
1584 1948 182 73 scientia
1721 1948 91 73 de
1766 1948 121 73 ipso
1827 1948 106 73 suppo

192 2003 118 62 nit:
266 2003 74 62 &
296 2003 104 62 est
355 2003 133 62 finis
444 2003 118 62 eius
518 2003 104 62 quo
577 2003 89 62 ad
622 2003 193 62 perfectam
770 2003 222 62 cognitionem
948 2003 118 62 quam
1022 2003 89 62 de
1066 2003 118 62 ipso
1140 2003 207 62 quaeritur.
1303 2003 104 62 hoc
1362 2003 118 62 enim
1436 2003 118 62 modo
1510 2003 89 62 in
1555 2003 193 62 quaelibet
1703 2003 178 62 scientia
1821 2003 104 62 finis

193 2057 137 72 intra
284 2057 122 72 eius
360 2057 107 72 est
421 2057 183 72 perfecta
558 2057 183 72 cognitio
695 2057 107 72 sui
756 2057 198 72 subiecti,
909 2057 137 72 quiod
1000 2057 198 72 subiectum
1152 2057 107 72 est
1213 2057 76 72 &
1244 2057 91 72 in
1289 2057 183 72 scientia
1426 2057 213 72 suppositum
1594 2057 107 72 quo
1655 2057 91 72 ad
1701 2057 228 72 cognitionem
1868 2057 61 72 si

180 2118 104 54 est
239 2118 74 54 &
269 2118 118 54 quid
343 2118 104 54 est
402 2118 311 54 imperfectissimam.
668 2118 89 54 de
713 2118 148 54 quibus
816 2118 133 54 infra
905 2118 207 54 videbitur.
1068 2118 89 54 Et
1112 2118 118 54 quia
1186 2118 118 54 illa
1260 2118 178 54 cognitio
1393 2118 281 54 imperfectissima
1630 2118 104 54 est
1689 2118 118 54 dei:
1763 2118 89 54 vt
1793 2118 133 54 simpli-

182 2173 159 57 cissime
297 2173 72 57 &
326 2173 246 57 absolutissime
528 2173 246 57 consideratur:
730 2173 130 57 circa
817 2173 116 57 quem
889 2173 130 57 omnis
976 2173 173 57 vlterior
1106 2173 159 57 notitia
1221 2173 202 57 inquiritur
1380 2173 159 57 tanquam
1496 2173 159 57 aliquid
1611 2173 188 57 pertinens
1756 2173 87 57 ad
1799 2173 130 57 finem
1871 2173 58 57 hu

186 2222 102 57 ius
245 2222 203 57 scientiae:
404 2222 131 57 patet
491 2222 145 57 aperte
593 2222 160 57 quoniam
709 2222 160 57 peccant
825 2222 189 57 dicentes,
970 2222 116 57 quod
1042 2222 116 57 deus
1115 2222 102 57 non
1173 2222 102 57 est
1231 2222 189 57 subiectum
1376 2222 203 57 theologiae
1535 2222 116 57 nisi
1608 2222 102 57 sub
1666 2222 145 57 aliqua
1753 2222 174 57 conditione

192 2272 156 69 special
305 2272 170 69 scilicet
433 2272 85 69 vt
475 2272 99 69 est
532 2272 198 69 principium
688 2272 113 69 niae
759 2272 255 69 restaurationis
971 2272 71 69 &
1000 2272 128 69 finis
1085 2272 113 69 niae
1156 2272 283 69 glorificationis.
1397 2272 85 69 Si
1439 2272 113 69 enim
1510 2272 99 69 sub
1567 2272 128 69 istis
1652 2272 241 69 conditionibus
1836 2272 85 69 deus

195 2327 135 59 esset
285 2327 195 59 subiectum
435 2327 90 59 in
480 2327 105 59 hac
540 2327 195 59 scientia,
690 2327 120 59 ista
765 2327 255 59 supponerentur
975 2327 90 59 in
1020 2327 105 59 ea:
1079 2327 105 59 non
1139 2327 135 59 autem
1229 2327 240 59 tractarentur
1424 2327 90 59 vt
1469 2327 225 59 crederentur
1649 2327 75 59 &
1679 2327 195 59 scirentur
1814 2327 105 59 circa

191 2376 120 66 deum
266 2376 90 66 ex
311 2376 105 66 ea.
371 2376 90 66 Et
416 2376 105 66 sic
476 2376 120 66 deus
550 2376 225 66 simpliciter
730 2376 150 66 omnino
835 2376 75 66 &
865 2376 255 66 absolutissime
1074 2376 180 66 acceptus
1209 2376 135 66 debet
1299 2376 120 66 dici
1374 2376 195 66 subiectum
1524 2376 135 66 huius
1614 2376 210 66 scientiae:
1778 2376 105 66 non
1823 2376 105 66 magis

190 2438 91 61 vt
235 2438 137 61 circa
327 2438 137 61 ipsum
418 2438 243 61 determinatur
615 2438 137 61 ratio
707 2438 198 61 principii
859 2438 274 61 restaurationis
1087 2438 76 61 &
1117 2438 304 61 glorificationis:
1376 2438 122 61 quam
1452 2438 137 61 circa
1543 2438 137 61 ipsum
1634 2438 243 61 determinatur
1817 2438 106 61 ratio

195 2492 186 63 creationis
341 2492 66 63 &
368 2492 239 63 gubernationis.
567 2492 66 63 &
594 2492 93 63 hoc
647 2492 160 63 congruit
766 2492 239 63 vniversalitati
966 2492 120 63 huius
1046 2492 186 63 scientiae:
1192 2492 80 63 vt
1232 2492 160 63 scilicet
1351 2492 106 63 deus
1418 2492 93 63 sub
1471 2492 80 63 ea
1511 2492 146 63 ratione
1617 2492 146 63 ponatur
1724 2492 106 63 esse
1777 2492 146 63 subiectum

184 2538 134 70 huius
273 2538 208 70 scientiae:
437 2538 104 70 sub
496 2538 104 70 qua
556 2538 134 70 omnia
645 2538 223 70 cognoscendo
823 2538 89 70 in
868 2538 119 70 ipsa
942 2538 89 70 ad
987 2538 134 70 ipsum
1076 2538 149 70 potest
1180 2538 134 70 fieri
1269 2538 223 70 attributio.
1447 2538 89 70 Ex
1492 2538 104 70 hoc
1551 2538 119 70 enim
1626 2538 119 70 ista
1700 2538 178 70 scientia
1819 2538 104 70 habet

196 2594 120 66 suam
271 2594 194 66 vnitatem,
420 2594 90 66 vt
465 2594 165 66 habitum
585 2594 105 66 est
645 2594 150 66 supra.
749 2594 90 66 Et
794 2594 135 66 licet
884 2594 135 66 forte
974 2594 90 66 de
1019 2594 105 66 deo
1078 2594 239 66 principalius
1273 2594 209 66 considerat
1437 2594 90 66 vt
1482 2594 105 66 est
1542 2594 209 66 principium
1692 2594 239 66 restaurationis

189 2651 69 63 &
217 2651 319 63 girersalificationis
495 2651 111 63 quam
564 2651 167 63 secundum
689 2651 153 63 aliquas
800 2651 125 63 alias
883 2651 181 63 rationes:
1022 2651 153 63 propter
1133 2651 97 63 hoc
1189 2651 125 63 nullo
1272 2651 111 63 modo
1342 2651 153 63 variari
1453 2651 125 63 debet
1536 2651 125 63 ratio
1619 2651 181 63 subiecti.
1744 2651 181 63 Metaphysica

194 2703 111 62 enim
263 2703 221 62 principalius
443 2703 193 62 considerat
595 2703 83 62 de
636 2703 111 62 ente
705 2703 97 62 sub
761 2703 152 62 ratione
871 2703 207 62 substantiae
1037 2703 111 62 quam
1106 2703 207 62 accidentis:
1272 2703 111 62 quia
1341 2703 124 62 ratio
1424 2703 124 62 entis
1507 2703 138 62 verius
1603 2703 166 62 saluatur
1728 2703 83 62 in
1755 2703 166 62 substantia

187 2757 113 71 quam
258 2757 85 71 in
300 2757 198 71 accidente.
456 2757 170 71 Accidens
583 2757 113 71 enim
653 2757 99 71 non
710 2757 99 71 est
767 2757 99 71 ens
823 2757 113 71 nisi
894 2757 113 71 quia
965 2757 99 71 est
1021 2757 127 71 entis
1106 2757 113 71 quod
1177 2757 99 71 est
1233 2757 212 71 substantia.
1403 2757 85 71 vt
1445 2757 170 71 dicitur.
1573 2757 113 71 vii.
1643 2757 240 71 Metaphysicae:
1841 2757 71 71 &
1855 2757 71 71 non

192 2813 109 57 est
255 2813 234 57 metaphysica
442 2813 187 57 scientia
582 2813 109 57 vna
645 2813 94 57 de
692 2813 218 57 substantia
863 2813 78 57 &
894 2813 218 57 accidente:
1066 2813 125 57 nisi
1144 2813 109 57 per
1206 2813 265 57 attributionem
1425 2813 312 57 praedicamentorum
1690 2813 234 57 accidentium
1862 2813 62 57 ad

176 2865 252 63 praedicamentum
386 2865 224 63 substantiae:
568 2865 84 63 vt
610 2865 154 63 dicitur
722 2865 98 63 in.
778 2865 70 63 4
806 2865 168 63 eiusdem.
932 2865 84 63 Et
974 2865 126 63 tamen
1059 2865 98 63 non
1115 2865 126 63 debet
1199 2865 112 63 dici
1269 2865 112 63 quod
1339 2865 182 63 subiectum
1479 2865 224 63 Metaphysicae
1661 2865 98 63 sit
1717 2865 98 63 ens
1773 2865 98 63 sub
1815 2865 112 63 ratio-

185 2919 83 61 ne
227 2919 221 61 substantiae:
406 2919 97 61 sed
462 2919 138 61 potius
558 2919 97 61 ens
614 2919 180 61 inquantum
752 2919 97 61 ens
807 2919 207 61 simpliciter
973 2919 152 61 dictum,
1084 2919 83 61 vt
1125 2919 97 61 per
1181 2919 249 61 indifferentiam
1388 2919 83 61 se
1429 2919 124 61 habet
1512 2919 83 61 ad
1554 2919 166 61 rationem
1678 2919 207 61 substantiae
1844 2919 69 61 &
1858 2919 83 61 acci

190 2970 126 61 dentis
279 2970 63 61 &
304 2970 126 61 omnium
392 2970 139 61 aliarum
493 2970 151 61 rationum
607 2970 177 61 specialium
746 2970 101 61 quae
809 2970 101 61 sunt
872 2970 139 61 praeter
973 2970 151 61 rationem
1086 2970 114 61 entis
1162 2970 202 61 simpliciter:
1326 2970 76 61 vt
1364 2970 101 61 sunt
1427 2970 177 61 vniversale
1566 2970 202 61 particulare:
1730 2970 114 61 actus
1793 2970 139 61 potentia,

190 3024 74 56 &
220 3024 207 56 huiusmodi.
412 3024 104 56 Per
471 3024 118 56 idem
545 3024 192 56 videretur
693 3024 192 56 aliquibus
841 3024 237 56 respondendum
1034 3024 89 56 ad
1078 3024 192 56 secundum:
1226 3024 163 56 Dicendo
1344 3024 118 56 quod
1418 3024 133 56 finis
1507 3024 74 56 &
1537 3024 163 56 materia
1655 3024 118 56 siue
1729 3024 192 56 subiectum
1862 3024 74 56 non

185 3078 199 58 coincidunt
341 3078 85 58 in
384 3078 114 58 idem
455 3078 171 58 secundum
583 3078 114 58 vnam
654 3078 71 58 &
683 3078 142 58 eandem
782 3078 185 58 rationem.
924 3078 171 58 secundum
1052 3078 128 58 tamen
1138 3078 128 58 aliam
1223 3078 71 58 &
1251 3078 128 58 aliam
1337 3078 171 58 rationem
1465 3078 114 58 bene
1536 3078 142 58 coinci
1635 3078 128 58 cunt,
1721 3078 85 58 vt
1763 3078 142 58 dictum
1849 3078 85 58 est.

185 3132 101 61 Sed
242 3132 101 61 hoc
300 3132 101 61 non
357 3132 187 61 sufficit:
501 3132 115 61 quia
573 3132 101 61 hoc
630 3132 101 61 est
688 3132 129 61 etiam
774 3132 173 61 comnmune
904 3132 86 61 in
947 3132 129 61 aliis
1033 3132 144 61 causis
1134 3132 115 61 quod
1206 3132 101 61 non
1263 3132 201 61 coincidunt
1421 3132 86 61 in
1464 3132 115 61 idem
1536 3132 115 61 nisi
1608 3132 173 61 secundum
1738 3132 129 61 aliam
1824 3132 72 61 &
1838 3132 101 61 aliam

174 3184 204 61 rationem.
331 3184 125 61 Quod
409 3184 125 61 enim
488 3184 110 61 est
550 3184 141 61 forma
644 3184 188 61 respectu
785 3184 188 61 materiae
926 3184 125 61 dans
1005 3184 141 61 esse,
1099 3184 110 61 est
1162 3184 141 61 finis
1256 3184 172 61 agentis
1381 3184 204 61 terminans
1538 3184 141 61 opus.
1632 3184 172 61 Quantum
1757 3184 125 61 ergo
1835 3184 94 61 ad
1867 3184 78 61 co-

182 3242 230 69 incidentiam
366 3242 138 69 talem
458 3242 169 69 materia
580 3242 107 69 non
642 3242 169 69 deberet
764 3242 153 69 excipi
872 3242 77 69 a
902 3242 245 69 coincidentia
1102 3242 107 69 cum
1163 3242 138 69 aliis
1255 3242 169 69 causis.
1378 3242 123 69 lpsa
1454 3242 123 69 enim
1531 3242 184 69 secundum
1669 3242 153 69 dictum
1776 3242 138 69 illud
1853 3242 92 69 inci

175 3294 104 72 dit
234 3294 104 72 cum
294 3294 119 72 fine
368 3294 104 72 non
427 3294 178 72 secundum
560 3294 104 72 eam
620 3294 193 72 rationem,
768 3294 104 72 sed
827 3294 178 72 secundum
960 3294 133 72 aliam
1049 3294 74 72 &
1079 3294 148 72 aliam:
1183 3294 133 72 sicut
1271 3294 133 72 facit
1360 3294 148 72 forma.
1494 3294 163 72 Propter
1612 3294 119 72 quod
1686 3294 178 72 dicendum
1805 3294 133 72 aliter
