2326 3767
125 322 147 75 tionem
228 322 132 75 suam:
316 322 88 75 vt
360 322 103 75 deo
419 322 176 75 secundum
552 322 118 75 quod
625 322 118 75 deus
699 322 118 75 est:
772 322 103 75 qui
831 322 103 75 est
890 322 147 75 primum
992 322 206 75 credibile.
1154 322 88 75 Et
1198 322 191 75 praeterea
1345 322 132 75 ratio
1433 322 206 75 credibilis
1595 322 103 75 non
1654 322 132 75 dicit
1742 322 103 75 rem
1786 322 103 75 aliam

128 383 313 58 consideratam:
386 383 129 58 sed
459 383 166 58 modum
570 383 295 58 considerandi
810 383 184 58 solum:
939 383 92 58 &
976 383 258 58 communitas
1178 383 221 58 subiecti
1344 383 92 58 &
1381 383 166 58 ratio
1492 383 147 58 eius
1584 383 129 58 non
1658 383 129 58 est
1713 383 166 58 sumenda

126 437 100 63 ex
176 437 149 63 parte
276 437 133 63 modi
359 437 282 63 considerandi:
591 437 116 63 sed
658 437 100 63 ex
707 437 149 63 parte
807 437 116 63 rei
873 437 282 63 consideratae.
1106 437 100 63 Ex
1156 437 116 63 quo
1222 437 199 63 vlterius
1371 437 149 63 patet
1471 437 133 63 quod
1554 437 149 63 licet
1654 437 133 63 deus
1737 437 116 63 non
1786 437 100 63 con-

134 489 219 61 sideratur
303 489 101 61 in
354 489 118 61 hac
421 489 203 61 scientia
573 489 135 61 nisi
657 489 118 61 sub
725 489 186 61 ratione
860 489 118 61 qua
928 489 287 61 cognoscibilis
1164 489 118 61 est
1231 489 118 61 per
1299 489 152 61 fidem
1400 489 84 61 &
1434 489 219 61 credibile
1603 489 203 61 quoddam:
1755 489 118 61 non
1805 489 68 61 ta

125 544 117 63 men
192 544 201 63 secundum
343 544 134 63 quod
426 544 167 63 aliqui
543 544 217 63 aestimare
711 544 201 63 possent,
861 544 134 63 deus
945 544 150 63 debet
1045 544 117 63 hic
1112 544 134 63 poni
1195 544 217 63 subiectum
1363 544 117 63 non
1430 544 268 63 simpliciter:
1647 544 117 63 sed
1714 544 117 63 cum
1764 544 117 63 deter

126 596 205 59 minatione
284 596 236 59 credibilis:
473 596 173 59 dicendo
599 596 126 59 quod
678 596 126 59 deus
757 596 110 59 sit
820 596 205 59 subiectum
977 596 142 59 huius
1072 596 205 59 scientiae
1230 596 110 59 non
1293 596 236 59 simpliciter
1482 596 173 59 dictus,
1608 596 110 59 sed
1671 596 95 59 vt
1703 596 173 59 cognosci-

125 647 153 63 bilis
227 647 102 63 ab
278 647 170 63 homine
398 647 119 63 per
466 647 170 63 fidem:
585 647 102 63 ad
636 647 273 63 differentiam
858 647 256 63 cognitionis
1063 647 119 63 qua
1131 647 290 63 cognoscibilis
1370 647 119 63 est
1438 647 85 63 a
1472 647 256 63 philosophis
1676 647 119 63 per
1728 647 153 63 natura-

126 702 122 59 lem
195 702 226 59 rationem,
369 702 87 59 &
404 702 87 59 a
438 702 174 59 beatis
560 702 122 59 per
629 702 208 59 speciem.
786 702 122 59 Hoc
855 702 139 59 enim
942 702 122 59 non
1012 702 122 59 est
1081 702 243 59 conueniens
1272 702 191 59 dicere:
1411 702 139 59 quia
1498 702 139 59 illa
1585 702 278 59 determinatio
1793 702 87 59 cre

124 757 187 61 dibilis
260 757 119 61 non
328 757 153 61 dicit
430 757 136 61 nisi
515 757 153 61 modum
616 757 255 61 cognoscendi
820 757 102 61 ex
871 757 153 61 parte
973 757 289 61 cognoscentis.
1211 757 153 61 Ratio
1313 757 153 61 autem
1415 757 204 61 subiecti
1567 757 119 61 non
1635 757 153 61 debet
1720 757 153 61 determi

126 810 131 59 nari
207 810 131 59 nisi
289 810 114 59 per
354 810 98 59 id
403 810 131 59 quid
485 810 98 59 de
534 810 131 59 ipso
615 810 114 59 est
681 810 261 59 cognoscibile
893 810 98 59 in
942 810 212 59 scientia.
1105 810 147 59 Quare
1203 810 114 59 cum
1268 810 131 59 deus
1350 810 98 59 in
1399 810 131 59 ista
1480 810 196 59 scientia
1627 810 114 59 sit
1676 810 196 59 cognoscibi

131 866 117 54 lis
198 866 117 54 per
265 866 167 54 fidem:
382 866 84 54 &
416 866 117 54 quo
483 866 100 54 ad
533 866 134 54 illa
617 866 100 54 in
667 866 167 54 quibus
784 866 285 54 cognoscibilis
1019 866 117 54 est
1086 866 84 54 a
1119 866 251 54 philosophis
1320 866 201 54 naturali
1471 866 184 54 ratione
1605 866 100 54 vt
1655 866 117 54 iam
1706 866 167 54 dicetur:

130 916 83 67 &
164 916 150 67 etiam
264 916 117 67 quo
330 916 100 67 ad
380 916 133 67 illa
463 916 100 67 in
513 916 167 67 quibus
630 916 283 67 cognoscibilis
863 916 117 67 est
930 916 83 67 a
963 916 167 67 beatis
1080 916 117 67 per
1146 916 200 67 speciem:
1296 916 133 67 deus
1379 916 250 67 simpliciter
1579 916 83 67 &
1613 916 167 67 absque
1712 916 167 67 determi-

126 968 178 61 natione
255 968 145 61 omni,
352 968 226 61 accipiendo
530 968 97 61 ex
578 968 145 61 parte
675 968 291 61 cognoscibilis,
917 968 97 61 vt
966 968 161 61 dictum
1079 968 113 61 est
1143 968 97 61 in
1192 968 242 61 praecedenti
1386 968 242 61 quaestione,
1579 968 145 61 debet
1676 968 129 61 poni
1741 968 129 61 subie-

128 1022 131 61 ctum
210 1022 147 61 huius
308 1022 229 61 scientiae:
488 1022 147 61 licet
586 1022 98 61 ex
636 1022 115 61 hac
701 1022 197 61 scientia
849 1022 197 61 cognosci
996 1022 115 61 non
1062 1022 147 61 habet
1160 1022 180 61 aliquid
1291 1022 131 61 nisi
1373 1022 115 61 sub
1439 1022 180 61 ratione
1570 1022 246 61 credibilis.
1766 1022 98 61 Et
1799 1022 82 61 sic

126 1079 176 69 quantum
254 1079 112 69 est
318 1079 96 69 ex
366 1079 144 69 parte
462 1079 128 69 modi
542 1079 256 69 considerandi
750 1079 160 69 posset
862 1079 128 69 dici
942 1079 208 69 subiectum
1102 1079 144 69 huius
1198 1079 224 69 scientiae:
1374 1079 112 69 non
1438 1079 288 69 simplictiterid
1678 1079 96 69 i.
1710 1079 160 69 secundum

114 1130 161 67 omnem
221 1130 161 67 modum
328 1130 304 67 considerandi:
578 1130 125 67 sed
650 1130 125 67 cum
721 1130 321 67 determinatione
989 1130 214 67 alicuius
1150 1130 143 67 modi
1239 1130 286 67 considerandi
1471 1130 304 67 particularis:
1721 1130 196 67 dicendo

116 1184 133 62 quod
199 1184 133 62 deus
282 1184 116 62 est
349 1184 216 62 subiectum
514 1184 149 62 huius
614 1184 216 62 scientiae
780 1184 216 62 inquantum
945 1184 149 62 habet
1045 1184 199 62 rationem
1194 1184 249 62 credibilis:
1393 1184 99 62 vt
1443 1184 166 62 dictum
1559 1184 133 62 est:
1642 1184 116 62 non
1708 1184 149 62 tamen
1791 1184 83 62 (vt

120 1236 221 69 similiter
290 1236 170 69 dictum
409 1236 136 69 est)
495 1236 153 69 debet
597 1236 221 69 credibile
767 1236 255 69 simpliciter
971 1236 136 69 poni
1057 1236 238 69 subiectum.
1244 1236 102 69 Ex
1295 1236 119 69 quo
1363 1236 204 69 vlterius
1516 1236 153 69 patet
1619 1236 153 69 modus
1721 1236 136 69 vnus
1789 1236 85 69 dif

126 1292 214 62 ferentiae
290 1292 148 62 huius
389 1292 214 62 scientiae
553 1292 99 62 ad
603 1292 214 62 quamlibet
767 1292 165 62 aliam.
883 1292 148 62 Aliae
981 1292 132 62 enim
1064 1292 165 62 omnes,
1179 1292 115 62 res
1245 1292 247 62 considerant
1442 1292 197 62 naturali
1590 1292 181 62 ratione
1705 1292 165 62 secundum

117 1353 98 54 id
166 1353 131 54 quod
248 1353 147 54 sunt:
346 1353 131 54 ista
427 1353 147 54 autem
526 1353 229 54 considerat
706 1353 115 54 per
771 1353 147 54 fidem
869 1353 196 54 quaeque:
1016 1353 82 54 &
1049 1353 115 54 non
1115 1353 131 54 nisi
1196 1353 115 54 sub
1262 1353 180 54 ratione
1393 1353 115 54 qua
1458 1353 229 54 credibilia
1638 1353 147 54 sunt,
1736 1353 131 54 nata
1802 1353 65 54 au

128 1404 111 63 tem
192 1404 253 63 manuductione
397 1404 143 63 fieri
492 1404 301 63 intelligibilia:
746 1404 174 63 numquam
872 1404 143 63 tamen
967 1404 143 63 circa
1062 1404 127 63 ipsa
1142 1404 143 63 fidem
1237 1404 158 63 omnino
1347 1404 222 63 euacuando:
1522 1404 95 63 vt
1569 1404 174 63 habitum
1696 1404 111 63 est
1743 1404 127 63 supra.

162 1458 122 77 Ad
223 1458 183 77 illud
346 1458 163 77 quod
447 1458 183 77 primo
569 1458 265 77 arguitur,
773 1458 163 77 quod
875 1458 163 77 ista
976 1458 244 77 scientia
1160 1458 183 77 debet
1282 1458 122 77 de
1343 1458 224 77 omnibus
1506 1458 326 77 considerare:
1750 1458 122 77 quia

128 1516 120 75 est
196 1516 308 75 perfectissima:
453 1516 206 75 Dicendum
608 1516 206 75 secundum
762 1516 120 75 iam
830 1516 171 75 dicta:
950 1516 137 75 quod
1036 1516 120 75 cum
1104 1516 103 75 de
1156 1516 188 75 ratione
1293 1516 154 75 huius
1395 1516 223 75 scientiae
1567 1516 154 75 nihil
1670 1516 120 75 sit
1721 1516 137 75 consi-

126 1571 164 64 derare
240 1571 131 64 nisi
322 1571 114 64 sub
387 1571 180 64 ratione
518 1571 245 64 credibilis:
714 1571 114 64 hoc
780 1571 114 64 non
845 1571 114 64 est
911 1571 98 64 de
960 1571 278 64 imperfectione
1189 1571 114 64 sua
1254 1571 98 64 si
1303 1571 114 64 non
1368 1571 229 64 consideret
1548 1571 98 64 de
1597 1571 196 64 omnibus:
1728 1571 131 64 videli

125 1623 110 76 cet
188 1623 110 76 non
251 1623 94 76 de
298 1623 141 76 illis
392 1623 126 76 quae
471 1623 141 76 fidei
565 1623 110 76 non
627 1623 126 76 sunt
706 1623 204 76 prosicua:
863 1623 126 76 quae
941 1623 173 76 idcirco
1067 1623 188 76 spiritus
1208 1623 157 76 sanct,
1318 1623 157 76 noluit
1428 1623 204 76 speculari
1585 1623 141 76 neque
1679 1623 188 76 describi
1804 1623 63 76 in

125 1674 117 63 hac
192 1674 201 63 scientia
343 1674 117 63 sub
409 1674 184 63 ratione
543 1674 251 63 credibilis:
744 1674 150 63 sicut
844 1674 117 63 non
911 1674 184 63 dicitur
1045 1674 201 63 scientia
1195 1674 217 63 naturalis
1362 1674 251 63 imperfecta:
1563 1674 150 63 licet
1663 1674 117 63 non
1714 1674 150 63 conside

123 1732 124 63 ret
194 1732 159 63 omnes
300 1732 229 63 passiones
476 1732 88 63 &
512 1732 282 63 proprietates
741 1732 300 63 magnitudinis:
988 1732 141 63 quia
1077 1732 159 63 illae
1183 1732 212 63 excedunt
1341 1732 212 63 rationem
1500 1732 229 63 subiecti,
1677 1732 88 63 &
1694 1732 177 63 conside-

124 1779 206 71 rationis
278 1779 137 71 suae
364 1779 171 71 modum.
484 1779 120 71 Non
552 1779 137 71 enim
638 1779 240 71 considerat
826 1779 223 71 naturalis
997 1779 291 71 magnitudines:
1237 1779 137 71 nisi
1323 1779 103 71 vt
1374 1779 137 71 sunt
1460 1779 188 71 termini
1597 1779 206 71 corporis
1734 1779 137 71 natura

124 1845 122 65 lis
193 1845 209 65 mobilis.
350 1845 174 65 plures
472 1845 157 65 autem
577 1845 139 65 sunt
664 1845 227 65 passiones
838 1845 279 65 magnitudinis
1064 1845 261 65 abstractae:
1274 1845 139 65 quas
1361 1845 244 65 considerat
1552 1845 227 65 Geometra.
1727 1845 139 65 Immo
1796 1845 70 65 de

127 1890 215 78 perfectione
298 1890 129 78 huius
384 1890 186 78 scientiae
527 1890 100 78 est
585 1890 115 78 quod
656 1890 100 78 non
714 1890 200 78 considerat
871 1890 129 78 multa
957 1890 115 78 quae
1028 1890 129 78 aliae
1114 1890 186 78 scientiae
1257 1890 229 78 considerant:
1444 1890 129 78 quia.
1529 1890 172 78 scilicet
1658 1890 86 78 ea
1701 1890 129 78 pauca
1787 1890 115 78 quae

133 1952 214 60 considerat
301 1952 244 60 sufficientia
499 1952 122 60 sunt
576 1952 92 60 ei
622 1952 92 60 ad
667 1952 260 60 consecutionem
881 1952 137 60 finis
973 1952 122 60 sui:
1049 1952 76 60 &
1080 1952 122 60 alia
1156 1952 260 60 praetermittit
1370 1952 168 60 tanquam
1492 1952 92 60 ad
1538 1952 137 60 illud
1630 1952 183 60 supuacua
1767 1952 76 60 &
1782 1952 92 60 prae

123 2014 262 58 ternecessaria.
371 2014 87 58 Ad
415 2014 175 58 secundum
546 2014 117 58 quod
619 2014 87 58 ex
662 2014 117 58 omni
735 2014 175 58 creatura
866 2014 146 58 potest
968 2014 160 58 acquiri
1085 2014 102 58 dei
1143 2014 189 58 cognitio:
1289 2014 146 58 quaere
1391 2014 189 58 pertinent
1537 2014 131 58 omnes
1624 2014 87 58 ad
1653 2014 204 58 consideratio

119 2063 101 62 nem
176 2063 130 62 huius
263 2063 202 62 scientiae:
422 2063 173 62 Dicendum
552 2063 173 62 secundum
682 2063 101 62 iam
740 2063 145 62 dicta:
841 2063 116 62 quod
913 2063 101 62 hic
971 2063 202 62 acquiritur
1130 2063 173 62 cognitio
1260 2063 101 62 dei
1318 2063 101 62 non
1376 2063 188 62 quocumque
1520 2063 130 62 modo:
1607 2063 101 62 sed
1665 2063 87 62 vt
1708 2063 101 62 est
1766 2063 130 62 cogno

121 2111 166 62 scibilis
246 2111 125 62 primo
329 2111 97 62 per
385 2111 139 62 fidem:
482 2111 139 62 deinde
579 2111 97 62 per
634 2111 222 62 supnaturalem
815 2111 264 62 intelligentiam:
1037 2111 97 62 non
1092 2111 97 62 per
1148 2111 125 62 puram
1231 2111 166 62 rationem
1356 2111 194 62 naturalem.
1508 2111 125 62 Licet
1592 2111 111 62 ergo
1661 2111 180 62 quaelibet
1786 2111 83 62 crea

121 2157 111 70 tura
191 2157 139 70 valeat
288 2157 84 70 ad
330 2157 209 70 cognitionem
497 2157 97 70 dei
553 2157 97 70 per
609 2157 181 70 naturalem
748 2157 181 70 rationem:
887 2157 181 70 inquantum
1026 2157 84 70 in
1068 2157 111 70 ipsa
1138 2157 97 70 est
1194 2157 139 70 aliqua
1291 2157 167 70 imitatio
1416 2157 111 70 dei:
1486 2157 111 70 quia
1556 2157 125 70 tamen
1639 2157 97 70 non
1695 2157 181 70 quaelibet
1820 2157 56 70 va

124 2215 94 69 let
177 2215 80 69 ad
217 2215 200 69 cognitionem
378 2215 94 69 dei
431 2215 227 69 supnaturalem,
618 2215 107 69 quae
685 2215 80 69 in
725 2215 107 69 ista
792 2215 160 69 scientia
912 2215 174 69 quaeritur
1046 2215 94 69 per
1099 2215 134 69 fidem:
1193 2215 80 69 vt
1233 2215 134 69 dictum
1326 2215 94 69 est
1380 2215 120 69 supra
1460 2215 160 69 secundum
1580 2215 134 69 Ambrus
1674 2215 67 69 &
1701 2215 187 69 Augustinus

123 2266 123 65 ideo
200 2266 123 65 ista
277 2266 185 65 scientia
416 2266 108 65 non
477 2266 216 65 considerat
647 2266 93 65 de
693 2266 185 65 qualibet
832 2266 201 65 creatura:
987 2266 139 65 neque
1079 2266 93 65 de
1125 2266 123 65 omni
1203 2266 170 65 scibili
1326 2266 93 65 de
1372 2266 108 65 quo
1434 2266 231 65 considerant
1619 2266 139 65 aliae
1696 2266 170 65 scientiae

126 2333 100 62 vt
176 2333 100 62 de
226 2333 183 62 propria
359 2333 199 62 materia:
508 2333 149 62 licet
608 2333 183 62 propter
740 2333 216 62 vestigium
906 2333 116 62 dei
973 2333 100 62 in
1023 2333 199 62 creatura
1172 2333 166 62 possit
1288 2333 116 62 cum
1355 2333 133 62 opus
1438 2333 116 62 est
1504 2333 100 62 in
1554 2333 133 62 vsum
1637 2333 133 62 suum
1703 2333 166 62 assumere

129 2384 207 65 quaecumque
292 2384 118 65 sunt
365 2384 177 65 scibilia
498 2384 89 65 in
542 2384 207 65 creaturis:
705 2384 74 65 &
734 2384 103 65 per
793 2384 133 65 omnes
882 2384 192 65 scientias
1029 2384 251 65 philosophicas
1236 2384 148 65 scita:
1339 2384 89 65 vt
1383 2384 133 65 supra
1472 2384 236 65 determinatum
1663 2384 118 65 est.
1737 2384 103 65 Est
1781 2384 89 65 enim

107 2429 191 76 accidens
250 2429 127 76 huic
330 2429 207 76 scientiae
489 2429 80 76 &
521 2429 175 76 praeter
648 2429 143 76 modum
744 2429 80 76 &
776 2429 175 76 naturam
903 2429 143 76 eius,
998 2429 127 76 quod
1078 2429 96 76 ex
1126 2429 207 76 creaturis
1285 2429 191 76 notitiam
1428 2429 223 76 inuestiget
1603 2429 223 76 creatoris.
1794 2429 64 76 Ad

118 2484 143 71 cuius
214 2484 239 71 intellectum
405 2484 207 71 notandum:
564 2484 127 71 quod
643 2484 127 71 alio
723 2484 80 71 &
755 2484 127 71 alio
834 2484 159 71 ordine
946 2484 96 71 de
994 2484 127 71 deo,
1073 2484 80 71 &
1105 2484 96 71 de
1153 2484 207 71 creaturis
1312 2484 111 71 est
1376 2484 255 71 consideratio
1582 2484 96 71 in
1630 2484 111 71 hac
1694 2484 191 71 scientia
1821 2484 48 71 &

122 2541 97 62 in
170 2541 162 62 aliis:
284 2541 130 62 quia
365 2541 97 62 in
414 2541 114 62 hac
479 2541 195 62 scientia
625 2541 146 62 prima
722 2541 114 62 est
787 2541 260 62 consideratio
998 2541 130 62 dei:
1080 2541 195 62 postrema
1226 2541 130 62 vero
1307 2541 260 62 creaturarum.
1518 2541 162 62 ordine
1631 2541 130 62 enim
1713 2541 130 62 sibi
1778 2541 97 62 pro-

112 2589 124 83 prio
190 2589 124 83 eius
268 2589 109 83 est
330 2589 202 83 procedere
485 2589 93 83 ex
532 2589 171 83 notitia
656 2589 109 83 dei
718 2589 93 83 ad
765 2589 186 83 notitiam
904 2589 248 83 creaturarum:
1106 2589 93 83 ex
1153 2589 186 83 creditis
1293 2589 140 83 primo
1386 2589 140 83 circa
1479 2589 140 83 deum,
1572 2589 202 83 eliciendo
1712 2589 155 83 credenda

117 2643 242 74 consequenter
314 2643 136 74 circa
405 2643 212 74 creaturas:
571 2643 91 74 vt
616 2643 106 74 per
677 2643 136 74 fidem
768 2643 167 74 habitam
889 2643 136 74 primo
980 2643 136 74 circa
1071 2643 136 74 deum,
1161 2643 121 74 homo
1237 2643 167 74 fidelis
1358 2643 167 74 respuat
1479 2643 136 74 circa
1570 2643 197 74 creaturas
1722 2643 182 74 quicquid

125 2702 232 67 contrariatur
313 2702 174 67 creditis
443 2702 130 67 circa
530 2702 130 67 deum:
617 2702 72 67 &
645 2702 174 67 approbet
776 2702 174 67 quicquod
906 2702 130 67 illis
993 2702 188 67 congruat:
1137 2702 130 67 sicut
1224 2702 145 67 tactum
1326 2702 101 67 est
1383 2702 145 67 supra.
1485 2702 130 67 Aliae
1572 2702 116 67 vero
1644 2702 188 67 scientiae
1774 2702 87 67 econ

120 2758 145 63 trario
221 2758 130 63 primo
308 2758 217 63 considerant
481 2758 203 63 creaturas:
640 2758 72 63 &
669 2758 87 63 ex
713 2758 130 63 illis
799 2758 188 63 procedunt
944 2758 87 63 ad
988 2758 217 63 cognitionem
1161 2758 116 63 dei:
1233 2758 101 63 ita
1291 2758 116 63 quod
1364 2758 87 63 in
1407 2758 130 63 nulla
1494 2758 130 63 earum
1581 2758 116 63 deus
1653 2758 130 63 praet
1740 2758 116 63 esse
1798 2758 72 63 sub

121 2806 149 70 iectum:
230 2806 95 70 sed
284 2806 163 70 quasitum
407 2806 149 70 tantum:
515 2806 95 70 non
570 2806 122 70 solum
651 2806 109 70 quid
719 2806 95 70 sit
773 2806 95 70 re,
827 2806 95 70 sed
882 2806 68 70 &
909 2806 81 70 an
950 2806 109 70 sit.
1018 2806 81 70 In
1058 2806 95 70 hac
1113 2806 122 70 autem
1194 2806 163 70 scientia
1316 2806 177 70 econverso
1452 2806 122 70 nullo
1534 2806 109 70 modo
1601 2806 81 70 de
1642 2806 109 70 ipso
1710 2806 136 70 potest
1792 2806 81 70 esse

124 2857 176 72 quasitum
256 2857 88 72 an
300 2857 117 72 sit:
373 2857 103 72 sed
432 2857 103 72 hoc
490 2857 88 72 in
534 2857 132 72 prima
622 2857 234 72 suppositione
813 2857 132 72 fidei
900 2857 117 72 poni
974 2857 161 72 necesse
1091 2857 117 72 est:
1164 2857 73 72 &
1193 2857 117 72 ideo
1267 2857 132 72 deus,
1354 2857 73 72 &
1384 2857 103 72 non
1442 2857 146 72 aliud,
1545 2857 190 72 subiectum
1691 2857 146 72 potest
1779 2857 88 72 esse

123 2910 136 72 huius
213 2910 211 72 scientiae:
379 2910 90 72 vt
424 2910 166 72 habitum
545 2910 121 72 est.
621 2910 75 72 &
651 2910 90 72 ex
696 2910 106 72 hoc
756 2910 151 72 maxime
862 2910 196 72 contingit
1013 2910 121 72 quod
1088 2910 121 72 ista
1163 2910 181 72 scientia
1299 2910 256 72 perfectissima
1510 2910 106 72 sit
1570 2910 75 72 &
1601 2910 241 72 nobilissima:
1782 2910 90 72 quia

114 2959 193 72 scientiae
262 2959 104 72 dei
322 2959 118 72 quam
396 2959 118 72 ipse
470 2959 133 72 habet
559 2959 89 72 de
603 2959 89 72 se
647 2959 74 72 &
677 2959 89 72 de
721 2959 133 72 aliis
810 2959 148 72 rebus,
914 2959 118 72 quae
988 2959 104 72 est
1047 2959 252 72 perfectissima
1255 2959 74 72 &
1284 2959 237 72 nobilissima,
1477 2959 193 72 simillima
1625 2959 118 72 est.
1699 2959 133 72 Sicut
1773 2959 89 72 enim

122 3026 116 62 deus
194 3026 159 62 seipsum
310 3026 217 62 cognoscendo
484 3026 145 62 primo,
585 3026 232 62 consequenter
774 3026 174 62 intuetur
904 3026 130 62 omnia
991 3026 130 62 alia:
1078 3026 101 62 sic
1136 3026 72 62 &
1165 3026 87 62 ex
1208 3026 116 62 ista
1281 3026 174 62 scientia
1411 3026 87 62 de
1455 3026 101 62 deo
1513 3026 203 62 acquiritur
1672 3026 159 62 notitia
1774 3026 101 62 primo

126 3070 74 82 &
156 3070 267 82 principaliter,
378 3070 74 82 &
408 3070 89 82 ex
452 3070 222 82 consequenti
630 3070 89 82 de
675 3070 208 82 creaturis.
838 3070 89 82 vt
882 3070 104 82 sic
942 3070 104 82 per
1001 3070 119 82 hanc
1075 3070 193 82 scientiam
1223 3070 119 82 fiat
1298 3070 89 82 in
1342 3070 148 82 homine
1446 3070 208 82 quodammodo
1609 3070 133 82 imago
1698 3070 163 82 quaedam
1802 3070 59 82 sa

112 3128 173 80 pientiae
242 3128 173 80 diuinae:
371 3128 173 80 secundum
501 3128 116 80 quod
574 3128 87 80 de
617 3128 245 80 illustratione
819 3128 87 80 ex
862 3128 101 80 hac
920 3128 173 80 scientia
1050 3128 130 80 dicit
1137 3128 202 80 Apostolus.
1295 3128 101 80 ii.
1353 3128 144 80 Corin.
1454 3128 116 80 iii.
1526 3128 101 80 Nos
1584 3128 116 80 vero
1656 3128 173 80 reuelata
1772 3128 101 80 facie

117 3178 165 95 gloriam
237 3178 105 95 dei
297 3178 224 95 speculantes
476 3178 90 95 in
521 3178 150 95 eandem
626 3178 179 95 imaginem
760 3178 254 95 tranfformamur
970 3178 75 95 a
1000 3178 194 95 claritate
1149 3178 90 95 in
1194 3178 209 95 claritatem
1358 3178 165 95 tamquam
1478 3178 75 95 a
1508 3178 179 95 spiritus
1643 3178 120 95 dei.
1717 3178 105 95 vbi
1762 3178 105 95 dicit

121 3227 134 96 Vlos.
210 3227 104 96 Nos
270 3227 193 96 credentes
418 3227 178 96 reuelata
552 3227 134 96 faci.
641 3227 89 96 id
686 3227 104 96 est
745 3227 193 96 exquisita
894 3227 178 96 ratione.
1028 3227 223 96 Speculantes
1206 3227 163 96 gloriam
1325 3227 119 96 dei.
1399 3227 89 96 i.
1444 3227 193 96 gloriosum
1593 3227 178 96 dominum.
1726 3227 89 96 In
1756 3227 119 96 eandem
