2346 3734
454 256 113 102 tur
518 256 129 102 illi
599 256 113 102 qui
663 256 129 102 sunt
744 256 129 102 sine
825 256 145 102 lege:
921 256 81 102 &
954 256 129 102 ideo
1034 256 274 102 multipliciter
1260 256 210 102 laborant:
1421 256 193 102 secundum
1566 256 129 102 quod
1647 256 97 102 de
1695 256 145 102 illis
1792 256 177 102 dicitur
1921 256 193 102 Ecclesi.
2066 256 97 102 x.
2098 256 113 102 Labor

445 343 221 83 stultorum
615 343 170 83 perdet
734 343 119 83 eos
802 343 119 83 qui
870 343 204 83 nesciunt
1023 343 102 83 in
1074 343 153 83 vrbem
1176 343 204 83 pergere.
1329 343 136 83 Vnde
1413 343 136 83 plus
1498 343 187 83 solidae
1634 343 221 83 veritatis
1804 343 102 83 de
1855 343 289 83 secretissimis
2093 343 136 83 dei,
2161 343 51 83 &

450 402 268 72 necessariis
664 402 107 72 ad
718 402 196 72 salutem
861 402 143 72 modo
950 402 143 72 scit
1039 402 125 72 vna
1111 402 179 72 vetula
1236 402 143 72 quam
1325 402 250 72 antiquitus
1521 402 232 72 sciuerunt
1700 402 161 72 omnes
1807 402 268 72 philosophi.
2021 402 143 72 Quod
2093 402 107 72 bene

439 452 216 97 promisit
601 452 198 97 dominus
745 452 180 97 dicens
871 452 126 97 per
944 452 144 97 Esa.
1034 452 252 97 prophetam.
1232 452 162 97 Ponam
1340 452 234 97 vniuersos
1520 452 180 97 filios
1646 452 144 97 tuos
1736 452 180 97 doctos
1863 452 90 97 a
1899 452 198 97 domino:
2043 452 90 97 &
2079 452 126 97 per
2133 452 72 97 se

450 506 286 97 cognoscent
674 506 122 97 me
735 506 102 97 a
776 506 204 97 minimo
919 506 184 97 eorum
1042 506 184 97 vsque
1164 506 122 97 ad
1205 506 204 97 maximum.

592 587 251 117 Articu.
775 587 114 117 &
821 587 137 117 X.
889 587 251 117 Quomodo
1072 587 137 117 in
1141 587 297 117 Theologia
1369 587 137 117 de
1438 587 160 117 deo
1529 587 114 117 &
1575 587 137 117 de
1644 587 251 117 diuinis
1826 587 251 117 locutio
2009 587 160 117 sit
2101 587 160 117 ha-

597 687 229 76 benda:
758 687 115 76 &
803 687 252 76 quomodo
987 687 321 76 intellecta
1239 687 138 76 de
1308 687 160 76 eis
1399 687 160 76 sit
1468 687 275 76 exponenda.

937 748 173 65 Voniam
1058 748 104 65 vt
1110 748 121 65 ait
1179 748 243 65 Augustinus
1370 748 87 65 i
1405 748 104 65 de
1457 748 208 65 doctrina
1612 748 243 65 cristiana,
1803 748 121 65 res
1872 748 173 65 quibus
1994 748 173 65 vtitur
2098 748 121 65 omnis

935 808 242 73 tractatio
1122 808 298 73 scripturarum
1364 808 149 73 sunt
1457 808 168 73 modus
1569 808 261 73 inueniendi
1774 808 149 73 quae
1868 808 298 73 intelligenda
2091 808 131 73 sunt:

923 860 93 66 &
961 860 167 66 modus
1072 860 260 66 proferendi
1276 860 148 66 quae
1368 860 260 66 intellecta
1572 860 167 66 sunt:
1683 860 204 66 Inuento
1832 860 185 66 igitur
1961 860 148 66 quae
2054 860 93 66 &
2073 860 148 66 qualia

936 915 98 62 ex
985 915 147 62 sacra
1083 915 213 62 scriptura
1247 915 278 62 intelligenda,
1476 915 131 62 siue
1557 915 245 62 cognoscenda
1754 915 147 62 sunt:
1852 915 180 62 quomodo
1983 915 196 62 scilicet
2114 915 98 62 Theo

929 970 165 61 logia
1039 970 128 61 sit
1112 970 220 61 scientia
1277 970 110 61 de
1332 970 147 61 deo,
1424 970 92 61 &
1460 970 110 61 de
1515 970 165 61 rebus
1625 970 220 61 diuinis:
1790 970 92 61 &
1827 970 202 61 quomodo
1974 970 147 61 deus
2065 970 92 61 &
2084 970 128 61 diui-

932 1027 112 69 na
988 1027 112 69 in
1044 1027 112 69 ea
1100 1027 149 69 sunt
1193 1027 298 69 intelligenda
1435 1027 93 69 &
1473 1027 298 69 cognoscenda:
1715 1027 224 69 sequitur
1883 1027 186 69 videre
2013 1027 205 69 quomodo
2143 1027 75 69 de

936 1079 123 66 deo
1007 1079 88 66 &
1042 1079 106 66 de
1095 1079 194 66 diuinis
1236 1079 106 66 in
1289 1079 141 66 ista
1377 1079 212 66 scientia
1536 1079 194 66 locutio
1677 1079 123 66 sit
1747 1079 212 66 habenda:
1906 1079 88 66 &
1941 1079 123 66 ita
2012 1079 194 66 quomodo
2153 1079 106 66 in

933 1139 211 63 tellecta
1091 1139 105 63 de
1144 1139 123 63 eis
1214 1139 140 63 sunt
1302 1139 263 63 proferenda.
1512 1139 105 63 Et
1565 1139 158 63 circa
1670 1139 123 63 hoc
1741 1139 246 63 quaeruntur
1934 1139 211 63 quatuor.

933 1183 210 79 Primum:
1085 1183 172 79 vtrum
1200 1183 210 79 sermone
1352 1183 191 79 humano
1486 1183 114 79 de
1543 1183 152 79 deo,
1638 1183 95 79 &
1676 1183 114 79 de
1733 1183 172 79 rebus
1848 1183 210 79 diuinis
2000 1183 191 79 debeat
2115 1183 95 79 vti

936 1241 137 67 haec
1004 1241 188 67 scientia.

918 1287 244 73 Secundum:
1106 1287 169 73 vtrum
1218 1287 319 73 indifferenter
1481 1287 169 73 loqui
1593 1287 188 73 debeat
1725 1287 113 73 de
1781 1287 131 73 eis
1856 1287 300 73 significando
2100 1287 113 73 ea
2137 1287 75 73 re

435 1347 148 78 bus
519 1347 105 78 &
540 1347 211 78 vocibus.

448 1402 225 74 Tertium:
617 1402 169 74 vtrum
730 1402 169 74 loqui
842 1402 188 74 debeat
974 1402 113 74 de
1030 1402 131 74 eis
1105 1402 206 74 sermone
1255 1402 206 74 proprio
1405 1402 94 74 &
1443 1402 188 74 claro:
1574 1402 113 74 an
1630 1402 263 74 figuratiuo
1837 1402 94 74 &
1855 1402 188 74 obscuro.

455 1461 221 69 Quartum:
620 1461 166 69 vtrum
731 1461 111 69 de
786 1461 129 69 eis
860 1461 166 69 loqui
971 1461 184 69 debeat
1100 1461 203 69 sermone
1247 1461 240 69 simplici,
1431 1461 111 69 an
1468 1461 166 69 ornato.

791 1512 145 61 Irca
882 1512 182 61 primum
1009 1512 218 61 arguitur
1172 1512 145 61 quod
1263 1512 145 61 ista
1354 1512 218 61 scientia
1517 1512 127 61 non
1590 1512 182 61 debeat
1717 1512 127 61 vti
1789 1512 218 61 loquendo
1953 1512 109 61 de
2007 1512 127 61 deo
2080 1512 91 61 &
2116 1512 109 61 de
2152 1512 73 61 re

791 1568 127 69 bus
863 1568 199 69 diuinis
1008 1568 199 69 sermone
1153 1568 199 69 communi
1298 1568 199 69 humano.
1443 1568 163 69 Primo
1551 1568 145 69 sic.
1642 1568 145 69 illo
1732 1568 199 69 sermone
1877 1568 127 69 non
1949 1568 163 69 debet
2058 1568 127 69 vti
2112 1568 109 69 haec

793 1625 200 55 scientia
944 1625 200 55 loquendo
1094 1625 100 55 de
1144 1625 134 55 deo,
1227 1625 83 55 &
1261 1625 100 55 de
1311 1625 150 55 rebus
1411 1625 200 55 diuinis,
1561 1625 117 55 qui
1628 1625 117 55 est
1695 1625 150 55 causa
1795 1625 184 55 erroris
1928 1625 150 55 circa
2028 1625 150 55 illa:
2112 1625 100 55 quia

781 1677 236 68 scientia
958 1677 177 68 omnis
1076 1677 138 68 est
1155 1677 118 68 vt
1214 1677 216 68 dirigat
1371 1677 236 68 sermonem
1548 1677 197 68 contra
1685 1677 236 68 errorem.
1862 1677 177 68 sermo
1980 1677 216 68 humanus
2118 1677 98 68 est

784 1727 251 66 huiusmodi:
981 1727 143 66 quia
1071 1727 126 66 est
1143 1727 233 66 impositus
1322 1727 161 66 rebus
1430 1727 287 66 naturalibus:
1663 1727 269 66 significans
1878 1727 305 66 dispositiones
2129 1727 90 66 &
2147 1727 72 66 na

779 1785 164 61 turas
888 1785 182 61 earum,
1016 1785 146 61 quae
1107 1785 128 61 non
1180 1785 291 61 attribuuntur
1416 1785 200 61 diuinis
1562 1785 164 61 rebus
1671 1785 91 61 &
1708 1785 128 61 deo
1781 1785 146 61 nisi
1872 1785 128 61 per
1945 1785 219 61 errorem.
2090 1785 128 61 quare

446 1835 127 69 non
519 1835 182 69 potest
646 1835 127 69 vti
719 1835 200 69 sermone
865 1835 200 69 humano:
1010 1835 219 69 loquendo
1174 1835 109 69 de
1229 1835 127 69 deo
1302 1835 91 69 &
1338 1835 109 69 de
1393 1835 164 69 rebus
1502 1835 219 69 diuinis:
1666 1835 146 69 nisi
1757 1835 273 69 attribuendo
1975 1835 127 69 eis
2030 1835 182 69 disposi-

446 1900 166 64 tiones
563 1900 83 64 &
596 1900 183 64 naturas
729 1900 232 64 huiusmodi,
911 1900 133 64 quae
994 1900 116 64 per
1061 1900 149 64 ipsum
1160 1900 299 64 significantur:
1409 1900 133 64 quia
1492 1900 266 64 quandocumque
1708 1900 199 64 loquimur
1857 1900 100 64 de
1907 1900 232 64 aliquibus:
2073 1900 133 64 attri-

441 1941 179 72 buimus
567 1941 126 72 eis
638 1941 305 72 proprietates,
890 1941 144 72 quas
979 1941 269 72 significant
1194 1941 161 72 verba
1302 1941 179 72 quibus
1428 1941 233 72 loquimur:
1607 1941 144 72 quae
1697 1941 126 72 deo
1769 1941 126 72 non
1840 1941 144 72 nisi
1930 1941 126 72 per
2002 1941 197 72 errorem
2127 1941 90 72 pos

438 2002 143 72 sunt
528 2002 232 72 attribui.
706 2002 143 72 ergo
796 2002 125 72 &c.
903 2002 197 72 Secundo
1046 2002 143 72 sic:
1135 2002 161 72 signa
1243 2002 107 72 ad
1296 2002 215 72 placitum
1457 2002 232 72 instituta
1636 2002 125 72 per
1707 2002 232 72 pactiones
1886 2002 89 72 &
1922 2002 286 72 consensiones
2136 2002 72 72 ho

448 2054 162 69 minum
556 2054 126 69 non
628 2054 216 69 inducunt
790 2054 108 69 in
844 2054 216 69 notitiam
1007 2054 252 69 vlteriorem
1205 2054 144 69 quam
1295 2054 108 69 ad
1349 2054 144 69 quam
1439 2054 306 69 significandam
1691 2054 234 69 instituta
1872 2054 162 69 sunt:
1980 2054 108 69 vt
2034 2054 108 69 si
2070 2054 144 69 circu-

434 2107 126 70 lus
506 2107 126 70 est
578 2107 252 70 institutus
776 2107 108 70 ad
830 2107 306 70 significandum
1082 2107 180 70 vinum:
1208 2107 198 70 nunquam
1351 2107 198 70 inducit
1495 2107 108 70 ad
1549 2107 288 70 cognoscendum
1783 2107 108 70 in
1837 2107 216 70 cellario
1999 2107 144 70 esse
2071 2107 144 70 bladum

439 2165 139 63 sed
519 2165 179 63 omnis
638 2165 179 63 sermo
757 2165 219 63 humanus
916 2165 139 63 est
995 2165 199 63 signum
1134 2165 278 63 institutum
1353 2165 119 63 ad
1412 2165 238 63 placitum
1591 2165 139 63 per
1671 2165 219 63 hominum
1830 2165 258 63 pactiones
2028 2165 99 63 &
2048 2165 159 63 consen

447 2211 206 64 siones:
597 2211 150 64 quia
690 2211 168 64 sermo
803 2211 168 64 omnis
915 2211 224 64 symbolum
1083 2211 150 64 est:
1177 2211 112 64 vt
1233 2211 168 64 dicit
1345 2211 280 64 Philosophus
1569 2211 112 64 in
1625 2211 112 64 de
1681 2211 168 64 sensu
1794 2211 93 64 &
1831 2211 224 64 sensato.
1999 2211 93 64 &
2018 2211 187 64 secundum

442 2272 121 66 quod
517 2272 136 66 dicit
608 2272 212 66 Augustinus
775 2272 91 66 de
820 2272 227 66 doctritati.
1001 2272 212 66 christiana
1168 2272 121 66 lib.
1243 2272 106 66 ii.
1304 2272 136 66 omnes
1395 2272 106 66 hae
1455 2272 287 66 significationes
1697 2272 91 66 (&
1742 2272 181 66 loquitur
1878 2272 91 66 de
1909 2272 287 66 significationibus

459 2322 143 70 vocum
554 2322 79 70 &
586 2322 222 70 literarum)
760 2322 111 70 pro
824 2322 127 70 suae
903 2322 190 70 cuiusque
1046 2322 222 70 societatis
1220 2322 238 70 consensione
1410 2322 159 70 animos
1521 2322 174 70 mouent.
1648 2322 111 70 sed
1712 2322 111 70 non
1775 2322 111 70 est
1838 2322 222 70 institutus
2013 2322 127 70 nisi
2092 2322 95 70 ad
2124 2322 79 70 si-

449 2379 280 74 gnificandum
673 2379 243 74 conceptus
860 2379 224 74 naturali
1028 2379 261 74 cognitione
1233 2379 317 74 comprehensos:
1494 2379 149 74 quia
1587 2379 149 74 nemo
1681 2379 205 74 imponit
1830 2379 168 74 nomen
1942 2379 149 74 nisi
2035 2379 131 74 eis
2091 2379 112 74 quae

446 2428 191 67 nouit.
579 2428 152 67 ergo
675 2428 133 67 non
751 2428 191 67 potest
884 2428 191 67 ducere
1018 2428 114 67 in
1075 2428 248 67 conceptus
1265 2428 343 67 supernaturales
1551 2428 381 67 comprehendendos.
1875 2428 171 67 omnes
1989 2428 171 67 autem
2085 2428 133 67 conce

451 2486 137 74 ptus
537 2486 155 74 huius
640 2486 223 74 scientiae
812 2486 137 74 sunt
897 2486 309 74 supernaturales
1155 2486 137 74 quia
1241 2486 172 74 fidei:
1361 2486 103 74 vt
1413 2486 155 74 patet
1516 2486 103 74 ex
1567 2486 189 74 habitis
1705 2486 172 74 supra.
1825 2486 137 74 ergo
1911 2486 120 74 &c.
2014 2486 103 74 In
2048 2486 155 74 contra-

445 2550 144 56 rium
535 2550 126 56 est
607 2550 180 56 illud.
733 2550 162 56 xvii.
840 2550 108 56 de
894 2550 162 56 ciui.
1002 2550 144 56 dei.
1092 2550 144 56 Deus
1182 2550 126 56 per
1254 2550 198 56 hominem
1397 2550 144 56 more
1487 2550 198 56 hominum
1631 2550 234 56 loquitur.
1811 2550 90 56 &
1847 2550 216 56 loquitur
2008 2550 126 56 ibi
2062 2550 144 56 Augus.

450 2593 94 74 de
497 2593 125 74 modo
575 2593 218 74 locutionis
747 2593 140 74 huius
840 2593 218 74 scientiae.
1012 2593 125 74 ergo
1090 2593 109 74 &c.
1152 2593 94 74 &.
1199 2593 187 74 lxxxiii,
1339 2593 125 74 quod
1417 2593 125 74 quid
1495 2593 125 74 xxi.
1573 2593 156 74 dicit.
1682 2593 171 74 Diuinae
1807 2593 218 74 scripturae
1978 2593 78 74 a
2009 2593 171 74 terreno
2134 2593 78 74 &
2150 2593 62 74 hu

446 2648 148 69 mano
539 2648 148 69 more
632 2648 111 69 ad
688 2648 204 69 diuinum
836 2648 93 69 &
873 2648 241 69 caelestem
1059 2648 130 69 nos
1133 2648 241 69 erigentes
1318 2648 167 69 vsque
1430 2648 111 69 ad
1485 2648 111 69 ea
1541 2648 167 69 verba
1652 2648 315 69 descenderunt:
1912 2648 186 69 quibus
2042 2648 167 69 inter
2135 2648 74 69 se

451 2704 168 87 etiam
563 2704 336 87 stultissimorum
844 2704 187 87 vtitur
974 2704 280 87 consuetudo.

486 2751 250 110 Dicendum
673 2751 167 110 quod
778 2751 167 110 alia
882 2751 146 110 est
965 2751 167 110 ista
1069 2751 271 110 quaestio:
1278 2751 125 110 an
1340 2751 167 110 ista
1444 2751 250 110 scientia
1632 2751 188 110 debet
1757 2751 146 110 vti
1840 2751 125 110 de
1903 2751 146 110 deo
1986 2751 104 110 &
2028 2751 125 110 de
2069 2751 146 110 rebus

458 2856 195 59 diuinis
600 2856 195 59 loquens
742 2856 195 59 sermone
883 2856 195 59 humano:
1025 2856 89 59 &
1060 2856 159 59 illa,
1166 2856 106 59 an
1220 2856 142 59 deus
1308 2856 177 59 possit
1432 2856 266 59 significari
1644 2856 195 59 sermone
1786 2856 195 59 humano:
1928 2856 106 59 de
1981 2856 124 59 qua
2052 2856 142 59 erit
2122 2856 89 59 ser

453 2898 98 72 mo
502 2898 212 72 inferius:
664 2898 114 72 vbi
730 2898 130 72 erit
811 2898 228 72 disputatio
990 2898 98 72 de
1039 2898 179 72 diuinis
1169 2898 228 72 nominibus:
1349 2898 98 72 an
1398 2898 195 72 scilicet
1544 2898 130 72 deus
1626 2898 114 72 sit
1691 2898 261 72 nominabilis.
1902 2898 130 72 siue
1984 2898 130 72 enim
2065 2898 130 72 deus
2131 2898 81 72 sit

452 2953 266 69 nominabilis
665 2953 195 69 proprio
808 2953 213 69 sermone:
967 2953 142 69 siue
1056 2953 142 69 non:
1145 2953 142 69 bene
1234 2953 231 69 contingit
1412 2953 213 69 dubitare
1571 2953 107 69 an
1625 2953 231 69 nominibus
1802 2953 160 69 rerum
1909 2953 249 69 naturalium
2087 2953 124 69 vten-

463 3008 117 69 dum
530 3008 117 69 est
597 3008 100 69 in
647 3008 200 69 scientia
797 3008 133 69 quae
880 3008 100 69 de
930 3008 133 69 deo,
1013 3008 83 69 &
1047 3008 100 69 de
1097 3008 183 69 diuinis
1230 3008 150 69 rebus
1330 3008 167 69 tradit
1446 3008 217 69 notitiam.
1646 3008 283 69 Intelligendum
1880 3008 117 69 est
1946 3008 167 69 igitur
2063 3008 100 69 ad
2113 3008 133 69 quae

453 3062 196 67 stionem
596 3062 268 67 propositam:
810 3062 143 67 quod
900 3062 125 67 cum
971 3062 196 67 sermone
1114 3062 107 67 ad
1167 3062 125 67 hoc
1239 3062 179 67 vtitur
1364 3062 232 67 scientia:
1542 3062 107 67 vt
1596 3062 125 67 per
1667 3062 125 67 eum
1739 3062 179 67 doceat
1864 3062 107 67 de
1917 3062 179 67 rebus:
2042 3062 161 67 sermo
2132 3062 71 67 au

455 3113 121 62 tem
524 3113 121 62 non
593 3113 156 62 docet
698 3113 139 62 quia
784 3113 121 62 vox
854 3113 139 62 est:
940 3113 121 62 sed
1010 3113 139 62 quia
1097 3113 312 62 significatiuus
1357 3113 226 62 existens,
1530 3113 121 62 non
1600 3113 278 62 simpliciter:
1825 3113 121 62 sed
1895 3113 104 62 ei
1947 3113 121 62 qui
2016 3113 174 62 doceri
2120 3113 87 62 de-

455 3166 135 72 bet.
539 3166 135 72 Vnde
624 3166 185 72 graecus
759 3166 118 72 per
826 3166 219 72 dictiones
994 3166 185 72 latinas
1129 3166 169 72 doceri
1247 3166 118 72 non
1315 3166 185 72 posset:
1450 3166 135 72 quia
1534 3166 152 72 licet
1635 3166 135 72 sint
1719 3166 303 72 significatiuae
1972 3166 236 72 aliquibus:
2141 3166 67 72 ei

457 3223 145 79 tamen
554 3223 113 79 non
618 3223 129 79 sunt
699 3223 307 79 significatiuae.
958 3223 178 79 propter
1087 3223 129 79 quod
1168 3223 145 79 dicit
1265 3223 259 79 Philosophus.
1475 3223 145 79 iiii.
1572 3223 194 79 Metaphy.
1717 3223 178 79 Necesse
1846 3223 113 79 est
1911 3223 97 79 vt
1959 3223 145 79 sermo
2040 3223 178 79 loquentis
