2360 3756
84 305 151 77 gruit
185 305 134 77 ergo
268 305 151 77 primo
369 305 151 77 summe
469 305 100 77 in
519 305 117 77 hac
586 305 218 77 scientia,
754 305 167 77 diuina
871 305 117 77 per
938 305 117 77 res
1005 305 84 77 &
1038 305 151 77 facta
1138 305 234 77 explicare:
1323 305 84 77 &
1356 305 117 77 hoc
1423 305 100 77 ex
1473 305 151 77 parte
1574 305 117 77 rei
1624 305 234 77 cognoscendae

88 365 173 56 Congruit
217 365 130 56 etiam
303 365 158 56 secundo
419 365 86 56 ex
462 365 130 56 parte
548 365 173 56 auctoris
678 365 130 56 huius
764 365 201 56 scientiae.
922 365 158 56 talibus
1037 365 115 56 enim
1109 365 144 56 signis
1210 365 130 56 debet
1296 365 130 56 loqui
1383 365 144 56 auctor
1483 365 86 56 in
1527 365 187 56 scientia:
1671 365 115 56 quae
1742 365 115 56 sunt
1800 365 72 56 sa-

88 418 192 75 pientiae
232 418 128 75 suae
312 418 160 75 maxime
425 418 241 75 indicatiua.
617 418 144 75 talia
713 418 128 75 sunt
794 418 160 75 potius
906 418 112 75 res
970 418 128 75 quam
1050 418 160 75 verba:
1162 418 128 75 quia
1243 418 128 75 ipse
1323 418 112 75 per
1387 418 128 75 suam
1467 418 225 75 sapientiam
1643 418 208 75 immediate
1788 418 80 75 est

85 473 157 64 causa
189 473 174 64 rerum:
311 473 122 64 non
381 473 157 64 autem
485 473 157 64 causa
590 473 227 64 humanorum
764 473 227 64 verborum,
938 473 139 64 nisi
1026 473 122 64 cum
1095 473 227 64 occasione
1270 473 244 64 sapientiae
1461 473 209 64 humanae.
1618 473 105 64 Et
1670 473 139 64 ideo
1740 473 122 64 sicut

92 518 213 69 scientiae
255 518 180 69 humanae
386 518 180 69 proprie
517 518 164 69 debent
631 518 196 69 describi
779 518 164 69 verbis
893 518 98 69 ab
942 518 164 69 humana
1057 518 213 69 sapientia
1220 518 245 69 institutis:
1416 518 114 69 sic
1482 518 131 69 ista
1564 518 196 69 scientia
1711 518 147 69 debet
1793 518 65 69 de

94 581 157 64 scribi
204 581 142 64 rebus
299 581 79 64 a
330 581 157 64 diuina
441 581 205 64 sapientia
598 581 157 64 datis.
708 581 126 64 vnde
787 581 79 64 &
819 581 189 64 vniuersa
960 581 94 64 in
1008 581 94 64 se
1055 581 189 64 creatura
1197 581 110 64 est
1260 581 142 64 quasi
1354 581 173 64 diuinae
1480 581 220 64 sapientiae
1653 581 173 64 quaedam
1764 581 94 64 scri

92 633 164 68 ptura.
207 633 197 68 Congruit
355 633 148 68 etiam
453 633 164 68 tertio
569 633 99 68 ex
618 633 148 68 parte
717 633 280 68 cognoscentis.
947 633 115 68 cum
1013 633 132 68 enim
1095 633 164 68 diuina
1210 633 197 68 mysteria
1358 633 132 68 quae
1440 633 181 68 tractat
1572 633 132 68 ista
1654 633 197 68 scientia
1786 633 82 68 non

84 695 140 63 sunt
172 695 193 63 omnibus
313 695 228 63 pandenda,
488 695 123 63 sic
558 695 140 63 sunt
646 695 246 63 proponenda
839 695 140 63 quom
927 695 211 63 apertius
1085 695 140 63 piis
1173 695 88 63 &
1208 695 176 63 deuote
1331 695 281 63 quaerentibus
1559 695 228 63 potuerunt
1734 695 158 63 inno-

85 738 193 66 tescere:
230 738 161 66 impiis
342 738 129 66 vero
422 738 80 66 &
454 738 289 66 fastidientibus
695 738 225 66 occultari:
872 738 112 66 hoc
936 738 145 66 autem
1033 738 112 66 fit
1097 738 145 66 rebus
1193 738 80 66 &
1225 738 161 66 factis
1338 738 96 66 ea
1386 738 225 66 proponendo
1563 738 112 66 non
1627 738 193 66 vocibus.
1756 738 96 66 Quia

94 804 120 59 enim
169 804 135 59 voces
260 804 90 59 id
305 804 120 59 quod
380 804 120 59 sunt
455 804 105 59 non
515 804 120 59 nisi
591 804 135 59 signa
681 804 135 59 sunt:
771 804 75 59 &
801 804 105 59 non
862 804 166 59 sistunt
982 804 226 59 intellectum
1163 804 196 59 audientis
1313 804 90 59 in
1358 804 181 59 seipsis:
1494 804 105 59 sed
1554 804 90 59 ad
1599 804 105 59 rei
1644 804 211 59 significatae

92 845 123 77 per
163 845 158 77 ipsas
268 845 263 77 intellectum
478 845 228 77 dirigunt:
653 845 193 77 idcirco
793 845 140 77 quod
880 845 193 77 vocibus
1021 845 245 77 proponitur
1213 845 193 77 omnibus
1353 845 228 77 panditur,
1528 845 88 77 &
1563 845 105 77 ad
1616 845 280 77 percipiendum

95 909 114 59 per
160 909 146 59 vocem
257 909 146 59 aliud
355 909 130 59 quam
436 909 130 59 ipsa
517 909 114 59 sit
582 909 179 59 auditor
712 909 228 59 excitatur.
891 909 130 59 Quia
972 909 130 59 vero
1054 909 114 59 res
1119 909 146 59 ipsae
1216 909 81 59 &
1249 909 114 59 res
1314 909 130 59 sunt
1395 909 81 59 &
1427 909 163 59 signa:
1541 909 211 59 inquantum
1704 909 114 59 res
1752 909 98 59 sunt

79 955 217 74 suiipsius
246 955 251 74 intellectum
447 955 217 74 insinuant
614 955 251 74 determinate
815 955 251 74 inspicienti
1015 955 134 74 eas,
1099 955 201 74 sistendo
1249 955 251 74 intellectum
1450 955 134 74 eius
1533 955 100 74 in
1584 955 184 74 seipsis
1701 955 150 74 determi

81 1023 139 55 nate.
173 1023 201 55 Inquantum
328 1023 124 55 vero
405 1023 139 55 signa
498 1023 124 55 sunt
575 1023 232 55 praetendunt
760 1023 232 55 intellectum
946 1023 278 55 indeterminatum
1177 1023 170 55 propter
1301 1023 185 55 diuersas
1440 1023 232 55 peprietates
1625 1023 263 55 vniuscuiusque

79 1063 137 64 rei,
165 1063 171 64 quibus
284 1063 188 64 diuersa
421 1063 188 64 possunt
558 1063 274 64 significari:
781 1063 86 64 &
815 1063 137 64 ideo
901 1063 120 64 non
969 1063 137 64 sunt
1055 1063 154 64 signa
1158 1063 137 64 nisi
1243 1063 240 64 studiosis,
1432 1063 154 64 signa
1535 1063 154 64 rerum
1637 1063 103 64 ad
1672 1063 188 64 significa

86 1119 91 63 ta
131 1119 198 63 applicare
283 1119 228 63 valentibus:
466 1119 76 63 &
496 1119 106 63 hoc
557 1119 91 63 in
603 1119 106 63 hac
663 1119 182 63 scientia
800 1119 106 63 non
861 1119 122 63 nisi
937 1119 167 63 diuinae
1059 1119 167 63 gratiae
1180 1119 198 63 adiutorio
1332 1119 228 63 assistente.
1515 1119 91 63 Et
1560 1119 106 63 sic
1621 1119 137 63 modus
1712 1119 167 63 loquen-

90 1171 103 68 di
141 1171 121 68 per
210 1171 121 68 res
279 1171 86 68 &
314 1171 172 68 facta,
435 1171 121 68 per
504 1171 138 68 quas
590 1171 138 68 sine
676 1171 155 68 magno
780 1171 172 68 studio
900 1171 259 68 significata
1107 1171 259 68 comprehendi
1314 1171 121 68 non
1383 1171 207 68 possunt,
1521 1171 328 68 conuenientissimus

95 1234 116 57 est
162 1234 132 57 huic
244 1234 232 57 scientiae:
426 1234 99 57 vt
476 1234 248 57 occultentur
674 1234 198 57 mysteria
823 1234 132 57 eius
906 1234 198 57 indignis
1055 1234 116 57 qui
1121 1234 298 57 inuestigationi
1369 1234 248 57 diligentiam
1567 1234 198 57 exhibere
1716 1234 182 57 nolunt:

89 1285 91 60 &
125 1285 127 60 per
198 1285 145 60 illa
288 1285 181 60 quibus
415 1285 181 60 maxime
542 1285 145 60 nata
632 1285 145 60 sunt
723 1285 272 60 praesentari
940 1285 290 60 inuestiganda
1176 1285 272 60 proponuntur
1393 1285 199 60 dignis.
1538 1285 199 60 alicubi
1683 1285 163 60 tamen
1774 1285 72 60 so

90 1331 108 63 lis
151 1331 155 63 factis
260 1331 77 63 &
291 1331 139 63 rebus
384 1331 201 63 loquitur:
539 1331 108 63 vb.
601 1331 186 63 scilicet
740 1331 217 63 occultiora
910 1331 186 63 mysteria
1050 1331 155 63 paucis
1158 1331 201 63 reuelanda
1313 1331 217 63 panduntur.
1483 1331 170 63 alicubi
1607 1331 139 63 autem
1700 1331 155 63 verbis
1793 1331 62 63 so

91 1384 125 69 lum:
170 1384 125 69 vtb.
248 1384 188 69 scilicet
388 1384 188 69 communia
529 1384 172 69 omnibus
654 1384 235 69 necessaria:
842 1384 78 69 &
873 1384 125 69 ideo
951 1384 94 69 ab
998 1384 172 69 omnibus
1123 1384 188 69 capienda
1264 1384 250 69 proponuntur.
1467 1384 172 69 alicubi
1592 1384 125 69 vero
1670 1384 156 69 verbis
1764 1384 94 69 &lsi

98 1443 131 71 gnis
179 1443 147 71 rerum
277 1443 229 71 commistim:
457 1443 114 71 vbi
522 1443 114 71 per
588 1443 212 71 apertiora
751 1443 131 71 opus
833 1443 114 71 est
898 1443 147 71 magis
996 1443 180 71 obscura
1127 1443 98 71 in
1176 1443 147 71 parte
1274 1443 229 71 explicare.
1454 1443 196 71 secundum
1601 1443 131 71 quod
1682 1443 147 71 sacra
1764 1443 98 71 scri

98 1492 147 72 ptura
196 1492 180 72 omnibus
327 1492 196 72 cogruens
474 1492 180 72 alicubi
605 1492 164 72 aperta
720 1492 147 72 debet
818 1492 147 72 esse,
916 1492 180 72 alicubi
1047 1492 131 72 vero
1129 1492 196 72 obscura,
1276 1492 98 72 vt
1325 1492 98 72 in
1374 1492 196 72 sequenti
1522 1492 229 72 quaestione
1685 1492 164 72 dicetur.

127 1556 132 67 Ad
193 1556 221 67 primum
348 1556 132 67 in
414 1556 287 67 oppositum
635 1556 177 67 quod
745 1556 155 67 vox
834 1556 199 67 magis
966 1556 199 67 ducit
1098 1556 132 67 in
1165 1556 265 67 notitiam
1363 1556 177 67 rei:
1474 1556 177 67 quia
1584 1556 199 67 magis
1694 1556 155 67 habet

97 1604 161 69 rationem
217 1604 134 69 signi:
311 1604 161 69 Dicendum
431 1604 107 69 quod
498 1604 120 69 verum
578 1604 94 69 est
632 1604 214 69 simplicibus,
806 1604 67 69 &
833 1604 80 69 in
873 1604 161 69 notitiam
993 1604 94 69 rei
1047 1604 174 69 simplicem
1181 1604 214 69 acquirendam.
1355 1604 80 69 Ad
1395 1604 161 69 notitiam
1515 1604 120 69 autem
1596 1604 174 69 perfectam
1716 1604 134 69 acquiren

91 1658 106 73 dam
151 1658 181 73 secundum
287 1658 227 73 conditiones
469 1658 76 73 &
499 1658 242 73 proprietates
695 1658 257 73 cognoscibilis
907 1658 196 73 prouectis
1058 1658 106 73 res
1118 1658 136 73 magis
1209 1658 151 73 habent
1315 1658 136 73 signi
1406 1658 196 73 rationem:
1557 1658 76 73 &
1587 1658 136 73 magis
1678 1658 91 73 in
1723 1658 181 73 notitiam

99 1716 159 66 ducunt
210 1716 222 66 diuinorum:
385 1716 159 66 quorum
496 1716 238 66 conditiones
686 1716 111 66 non
749 1716 111 66 tam
813 1716 190 66 perfecte
955 1716 206 66 potuerunt
1114 1716 206 66 exprimere
1272 1716 143 66 voces
1368 1716 143 66 sicut
1463 1716 127 66 res.
1542 1716 127 66 vnde
1621 1716 79 66 &
1653 1716 174 66 moralia
1780 1716 111 66 do-

93 1776 159 57 cumenta
208 1776 130 57 sacra
295 1776 188 57 scriptura
439 1776 87 57 in
483 1776 144 57 factis
584 1776 188 57 sanctorum
728 1776 202 57 frequenter
887 1776 173 57 proponit
1017 1776 144 57 potius
1118 1776 116 57 quam
1190 1776 87 57 in
1234 1776 159 57 verbis:
1349 1776 116 57 quia
1422 1776 130 57 facta
1508 1776 116 57 sunt
1581 1776 130 57 circa
1653 1776 202 57 particularia

95 1823 82 62 &
127 1823 131 62 ideo
209 1823 147 62 magis
307 1823 213 62 exprimunt
471 1823 245 62 conditionem
667 1823 82 62 &
700 1823 147 62 modum
798 1823 196 62 operandi
945 1823 131 62 quam
1027 1823 163 62 verba.
1141 1823 196 62 secundum
1288 1823 131 62 quod
1370 1823 147 62 dicit
1468 1823 229 62 Augustinus
1648 1823 98 62 de
1681 1823 163 62 mendacio

91 1879 154 61 Diuiae
198 1879 215 61 scripturae
368 1879 108 61 non
429 1879 139 61 solum
522 1879 200 61 praecepta
675 1879 108 61 dei
737 1879 215 61 continent:
906 1879 108 61 sed
968 1879 77 61 &
999 1879 139 61 vitam
1091 1879 185 61 moresque
1229 1879 200 61 iustorum,
1383 1879 92 61 vt
1429 1879 92 61 si
1476 1879 139 61 forte
1568 1879 185 61 occultum
1706 1879 108 61 est
1753 1879 92 61 quem

89 1934 149 58 admodum
198 1934 203 58 accipiendum
361 1934 95 58 sit
415 1934 109 58 quod
483 1934 217 58 praecipitur,
659 1934 81 58 in
700 1934 136 58 factis
795 1934 176 58 sanctorum
931 1934 231 58 intelligatur.
1148 1934 81 58 Ad
1188 1934 176 58 secundum:
1324 1934 109 58 quod
1392 1934 217 58 significatum
1568 1934 122 58 rebus
1650 1934 190 58 expressius
1785 1934 68 58 si-

95 1982 216 76 gnificatur
265 1982 185 76 vocibus:
404 1982 185 76 Dicendum
543 1982 124 76 quod
620 1982 139 76 verum
713 1982 108 76 est
775 1982 247 76 simplicibus:
976 1982 77 76 &
1006 1982 232 76 indistincta
1192 1982 247 76 expressione:
1393 1982 185 76 pouectis
1532 1982 139 76 autem
1625 1982 77 76 &
1640 1982 201 76 expressione

96 2029 204 70 distincta
253 2029 94 70 vt
301 2029 157 70 dictum
411 2029 126 70 est:
489 2029 157 70 melius
599 2029 204 70 exprimunt
756 2029 110 70 res
819 2029 126 70 ipsa
898 2029 236 70 cognoscenda
1086 2029 141 70 circa
1180 2029 157 70 diuina
1290 2029 126 70 quam
1369 2029 157 70 voces.
1479 2029 94 70 Et
1526 2029 94 70 si
1573 2029 173 70 vocibus
1683 2029 173 70 aliquantu

91 2087 110 71 lum
154 2087 236 71 explicantur
343 2087 189 71 mysteria
484 2087 141 71 rebus
578 2087 251 71 significata,
783 2087 173 71 nunquam
908 2087 141 71 tamen
1003 2087 110 71 ita
1065 2087 189 71 perfecte
1207 2087 189 71 mysteria
1348 2087 204 71 explicant
1505 2087 141 71 voces
1600 2087 94 71 vt
1647 2087 110 71 res
1710 2087 94 71 ea
1741 2087 110 71 indi-

87 2146 123 80 cant:
169 2146 96 80 ita
224 2146 110 80 quod
293 2146 96 80 per
348 2146 96 80 res
402 2146 123 80 ipsas
484 2146 151 80 inspici
594 2146 137 80 potest
690 2146 110 80 quod
758 2146 96 80 per
813 2146 123 80 voces
895 2146 192 80 apprehendi
1046 2146 96 80 non
1101 2146 151 80 potest.
1210 2146 82 80 Et
1251 2146 110 80 ideo
1320 2146 123 80 dicit
1402 2146 192 80 Augustinus
1553 2146 123 80 super
1635 2146 123 80 loan.
1717 2146 110 80 ser.
1772 2146 82 80 xix.

89 2200 205 65 Aliquando
247 2200 142 65 sermo
342 2200 174 65 deficit
468 2200 111 65 vbi
531 2200 237 65 intellectus
705 2200 174 65 proficit.

404 2247 126 62 lrca
483 2247 173 62 tertium
609 2247 205 62 arguitur:
766 2247 126 62 quod
845 2247 142 62 sacra
939 2247 205 62 scriptura
1097 2247 142 62 loqui
1191 2247 157 62 debetr
1301 2247 94 62 de
1348 2247 110 62 deo
1411 2247 79 62 &
1443 2247 94 62 de
1490 2247 142 62 rebus
1584 2247 173 62 diuinis
1694 2247 142 62 sermone

410 2309 150 61 claro:
515 2309 105 61 non
575 2309 165 61 sermone
695 2309 180 61 obscuro.
830 2309 135 61 Primo
920 2309 120 61 sic.
995 2309 180 61 doctrina
1130 2309 195 61 sapientis
1280 2309 165 61 facilis
1400 2309 120 61 est.
1475 2309 120 61 haec
1550 2309 180 61 doctrina
1685 2309 105 61 est
1730 2309 105 61 aucto

416 2357 99 70 ris
472 2357 254 70 sapientissimi:
684 2357 113 70 quia
754 2357 113 70 dei:
825 2357 85 70 ad
867 2357 127 70 cuius
951 2357 127 70 nutum
1036 2357 99 70 eam
1092 2357 254 70 conscripserunt
1304 2357 141 70 sancti
1402 2357 99 70 dei
1459 2357 169 70 homines,
1585 2357 85 70 vt
1628 2357 155 70 habitum
1740 2357 99 70 est
1783 2357 56 70 su

417 2413 126 66 pra.
496 2413 126 66 ergo
574 2413 141 66 debet
668 2413 126 66 esse
747 2413 220 66 facillima.
919 2413 110 66 hoc
982 2413 141 66 autem
1076 2413 110 66 fit
1139 2413 126 66 modo
1217 2413 141 66 claro
1312 2413 78 66 &
1343 2413 173 66 sermone
1468 2413 188 66 proprio:
1610 2413 110 66 non
1657 2413 188 66 figuratiuo

407 2469 73 67 &
437 2469 161 67 obscuro
554 2469 102 67 eam
612 2469 234 67 describendo.
802 2469 117 67 ergo
875 2469 102 67 &c.
963 2469 161 67 Secundo
1080 2469 117 67 sic.
1153 2469 175 67 scientia
1285 2469 117 67 illa
1358 2469 117 67 quae
1431 2469 132 67 summe
1519 2469 205 67 necessaria
1680 2469 102 67 est
1723 2469 132 67 omnibus

382 2510 132 75 modo
464 2510 132 75 tali
546 2510 148 75 debet
645 2510 214 75 describi,
809 2510 99 75 vt
858 2510 99 75 ab
908 2510 181 75 omnibus
1039 2510 164 75 possit
1154 2510 148 75 capi:
1253 2510 132 75 quia
1335 2510 164 75 aliter
1450 2510 280 75 frustrarentur
1681 2510 99 75 ea
1713 2510 132 75 multi.

361 2554 163 79 Cunista
480 2554 119 79 scia
554 2554 104 79 est
613 2554 208 79 huiusmodi,
777 2554 89 79 vt
821 2554 134 79 patet
910 2554 89 79 ex
955 2554 163 79 dictis.
1074 2554 119 79 ergo
1148 2554 104 79 &c.
1237 2554 89 79 In
1281 2554 208 79 contrarium
1445 2554 104 79 est
1504 2554 163 79 Chryso.
1623 2554 148 79 dicens
1727 2554 134 79 super
1816 2554 89 79 il

84 2625 122 67 lud
153 2625 174 67 Matth.
275 2625 174 67 xxiii.
396 2625 122 67 Vae
466 2625 156 67 vobis
570 2625 122 67 qui
640 2625 226 67 clauditis
813 2625 174 67 regnum
935 2625 226 67 caelorum.
1109 2625 122 67 Non
1178 2625 139 67 sunt
1265 2625 243 67 scripturae
1456 2625 209 67 clausae:
1613 2625 122 67 sed
1665 2625 191 67 obscurae,

89 2691 117 52 vt
147 2691 137 52 cum
225 2691 195 52 labore
342 2691 273 52 inueniantur.

127 2728 240 81 Dicendum
307 2728 120 81 ad
367 2728 160 81 hoc:
467 2728 160 81 quod
567 2728 240 81 scientia
747 2728 200 81 sacrae
887 2728 300 81 scripturae:
1127 2728 160 81 quia
1227 2728 140 81 est
1307 2728 220 81 maximae
1467 2728 320 81 necessitatis
1727 2728 100 81 &
1767 2728 120 81 ad

85 2792 145 75 omnium
186 2792 159 75 salutem
302 2792 101 75 est
360 2792 188 75 descripta
505 2792 130 75 debet
592 2792 159 75 omnibus
707 2792 203 75 congruere,
867 2792 72 75 &
896 2792 159 75 omnibus
1012 2792 145 75 pastum
1113 2792 217 75 necessarium
1287 2792 159 75 salutis
1403 2792 217 75 ministrare.
1577 2792 87 75 Et
1620 2792 116 75 quia
1693 2792 116 75 omne
1751 2792 72 75 gen

91 2844 171 72 hominium
219 2844 114 72 quod
290 2844 185 72 scientiae
432 2844 256 72 inuestigationi
646 2844 199 72 exponitur,
802 2844 85 72 in
845 2844 185 72 simplices
987 2844 213 72 distiguitur
1158 2844 71 72 &
1187 2844 199 72 prouectos,
1343 2844 100 72 sic
1400 2844 114 72 ergo
1471 2844 128 72 debet
1557 2844 171 72 describi
1685 2844 128 72 sacra
1756 2844 71 72 scr

83 2904 148 74 ptura,
187 2904 89 74 vt
232 2904 163 74 ambobus
350 2904 193 74 congruat.
499 2904 223 74 Simplicibus
677 2904 134 74 autem
766 2904 193 74 congruit:
914 2904 89 74 si
959 2904 223 74 seiundumone
1137 2904 223 74 describatur
1315 2904 134 74 claro
1404 2904 74 74 &
1434 2904 178 74 proprio:
1567 2904 119 74 quia
1641 2904 148 74 aliter
1745 2904 104 74 non
1790 2904 59 74 ca

89 2970 155 60 piunt,
197 2970 201 60 prouectis
352 2970 139 60 autem
445 2970 93 60 si
491 2970 170 60 vtroque
615 2970 139 60 modo:
708 2970 77 60 &
739 2970 108 60 hoc
801 2970 186 60 pluribus
941 2970 93 60 de
987 2970 170 60 causis.
1111 2970 155 60 Prima,
1220 2970 93 60 vt
1266 2970 217 60 obscuritas
1437 2970 108 60 eos
1499 2970 186 60 detentos
1638 2970 170 60 teneat:
1762 2970 77 60 &
1778 2970 77 60 cla

90 3013 134 64 ritas
179 3013 193 64 instruat.
328 3013 119 64 hinc
403 3013 134 64 dicit
492 3013 119 64 Aug.
566 3013 179 64 lxxxiii.
700 3013 119 64 quod
775 3013 89 64 qd
819 3013 134 64 liii,
909 3013 119 64 Deus
983 3013 89 64 ad
1028 3013 164 64 salutem
1147 3013 179 64 animarum
1281 3013 104 64 sic
1340 3013 164 64 diuinos
1459 3013 179 64 spiritus
1593 3013 149 64 sancto
1682 3013 164 64 moderatus

87 3064 92 60 em
133 3064 168 60 libros,
255 3064 92 60 vt
301 3064 107 60 non
362 3064 138 60 solum
454 3064 214 60 manifestis
622 3064 184 60 pascere,
760 3064 107 60 sed
821 3064 138 60 etiam
913 3064 184 60 obscuris
1050 3064 107 60 nos
1112 3064 184 60 exercere
1249 3064 168 60 vellet.
1372 3064 122 60 ldem
1448 3064 153 60 contra
1555 3064 168 60 Adimam.
1678 3064 199 60 Aliquando

78 3120 148 68 aparte
182 3120 163 68 ponitur
301 3120 89 68 in
345 3120 193 68 scriptura
493 3120 119 68 ipsa
568 3120 148 68 diuina
671 3120 222 68 auctoritas,
849 3120 193 68 aliquando
998 3120 133 68 autem
1087 3120 222 68 oceultatur,
1265 3120 89 68 vt
1309 3120 74 68 &
1339 3120 282 68 manifestllector
1576 3120 208 68 instruatur
1739 3120 74 68 &
1754 3120 89 68 exer

92 3172 145 69 citetur
197 3172 158 69 obscuri.
316 3172 66 69 &
342 3172 119 69 inii.
421 3172 145 69 eiusdem
527 3172 105 69 lib.
593 3172 79 69 Ex
632 3172 132 69 multis
725 3172 105 69 quae
790 3172 132 69 aperte
883 3172 145 69 scripta
988 3172 105 69 sunt
1054 3172 211 69 manifestatur
1225 3172 105 69 nobl
1291 3172 105 69 quom
1357 3172 105 69 illa
1423 3172 224 69 intelliguntur
1608 3172 105 69 quae
1674 3172 92 69 sic
1726 3172 79 69 in
1753 3172 92 69 illis

77 3223 156 87 libris
187 3223 218 87 posuerunt,
358 3223 125 87 quom
436 3223 187 87 figurate
577 3223 140 87 illis
670 3223 234 87 demonstrata
857 3223 140 87 sunt.
951 3223 125 87 ldem
1029 3223 94 87 de
1076 3223 125 87 vera
1154 3223 156 87 reliu.
1263 3223 109 87 lam
1325 3223 125 87 vero
1403 3223 125 87 ipse
1481 3223 156 87 totius
1590 3223 203 87 doctrimae
1731 3223 109 87 modus
