2345 3772
87 292 106 97 ad
140 292 141 97 vnum
229 292 88 97 &
264 292 194 97 multum:
405 292 141 97 Deus
494 292 177 97 igitur
617 292 88 97 &
653 292 212 97 creatura
812 292 177 97 essent
935 292 159 97 multa
1041 292 106 97 in
1094 292 159 97 ente.
1200 292 159 97 Quare
1306 292 124 97 cum
1377 292 159 97 omnem
1483 292 283 97 multitudinem
1695 292 159 97 oportet

82 374 166 58 reduci
199 374 100 58 ad
249 374 216 58 vnitatem,
415 374 150 58 super
515 374 116 58 ens
581 374 100 58 in
631 374 116 58 quo
698 374 216 58 differunt
864 374 133 58 deus
947 374 83 58 &
981 374 216 58 creatura,
1147 374 83 58 &
1180 374 100 58 in
1230 374 116 58 quo
1297 374 133 58 sunt
1380 374 166 58 multa,
1496 374 150 58 esset
1596 374 183 58 aliquod
1729 374 100 58 in
1779 374 116 58 quo

80 430 214 54 convenirent
251 430 71 54 &
280 430 143 54 essent
380 430 129 54 vnum.
465 430 100 54 hoc
523 430 129 54 autem
608 430 100 54 est
665 430 229 54 impossibile:
851 430 114 54 quia
923 430 129 54 ratio
1008 430 143 54 illius
1108 430 129 54 esset
1194 430 129 54 prior
1280 430 157 54 ratione
1394 430 143 54 entis:
1494 430 114 54 quae
1565 430 129 54 prima
1651 430 100 54 est
1708 430 171 54 secundum

86 484 160 66 Auicen.
203 484 116 66 ergo
275 484 102 66 &c.
333 484 73 66 ⁋
362 484 145 66 Tertio
464 484 116 66 sic.
536 484 145 66 dictum
638 484 87 66 de
681 484 174 66 pluribus
812 484 116 66 quod
884 484 131 66 habet
971 484 102 66 per
1029 484 87 66 se
1073 484 218 66 intellectum
1247 484 160 66 praeter
1363 484 218 66 intellectus
1537 484 174 66 illorum,
1667 484 102 66 est
1725 484 160 66 aliquid

88 543 133 60 reale
177 543 162 60 commune
295 543 88 60 ad
339 543 147 60 illos:
442 543 118 60 quia
515 543 133 60 omnis
604 543 192 60 conceptus
751 543 177 60 fundatur
884 543 88 60 in
928 543 88 60 re
972 543 162 60 aliqua.
1090 543 103 60 ens
1149 543 103 60 est
1208 543 206 60 huiusmodi:
1370 543 118 60 quia
1444 543 177 60 secundum
1576 543 162 60 Auicen.
1694 543 103 60 ens
1738 543 118 60 impri-

92 595 139 59 mitur
184 595 232 59 impressione
370 595 139 59 prima
463 595 139 59 etiam
555 595 186 59 antequam
694 595 93 59 in
741 595 124 59 ipsa
818 595 216 59 imprimitur
988 595 232 59 intellectus
1174 595 108 59 aut
1236 595 201 59 creaturae
1390 595 108 59 aut
1452 595 124 59 dei.
1529 595 124 59 ergo
1607 595 108 59 &c.
1668 595 77 59 ⁋
1699 595 93 59 In
1730 595 124 59 contra

88 643 122 66 rium
164 643 184 66 arguitur
302 643 138 66 primo
394 643 122 66 sic,
470 643 168 66 quoniam
593 643 214 66 quaecumque
761 643 122 66 sunt
838 643 168 66 diuersa
960 643 138 66 inter
1052 643 92 66 se
1098 643 77 66 &
1129 643 92 66 in
1174 643 153 66 aliquo
1282 643 168 66 communi
1404 643 230 66 conveniunt:
1588 643 214 66 necessario
1741 643 107 66 secun

82 703 109 63 dum
145 703 124 63 esse
222 703 202 63 differunt
377 703 93 63 in
424 703 124 63 illo
501 703 186 63 communi,
641 703 93 63 vt
688 703 124 63 homo
765 703 78 63 &
796 703 155 63 asinus
905 703 109 63 sub
967 703 186 63 animali.
1106 703 93 63 Si
1153 703 124 63 ergo
1230 703 140 63 esset
1324 703 124 63 esse
1401 703 171 63 aliquod
1525 703 171 63 commune
1649 703 109 63 deo
1711 703 78 63 &
1727 703 124 63 creatu

91 751 128 61 rae,
171 751 112 61 sub
235 751 128 61 illo
315 751 192 61 secundum
458 751 128 61 esse
538 751 239 61 differrent.
730 751 128 61 Erit
809 751 128 61 ergo
889 751 160 61 duplex
1001 751 128 61 esse
1081 751 128 61 deo.
1161 751 128 61 vnum
1240 751 96 61 in
1288 751 112 61 quo
1352 751 112 61 cum
1416 751 192 61 creatura
1560 751 192 61 convenit
1703 751 128 61 siue
1767 751 80 61 com

86 802 184 65 municat.
224 802 123 65 alid
300 802 92 65 in
346 802 107 65 quo
407 802 77 65 a
438 802 184 65 creatura
576 802 184 65 differt.
714 802 107 65 hoc
775 802 138 65 autem
867 802 107 65 est
928 802 245 65 impossibile:
1127 802 123 65 quia
1204 802 123 65 tunc
1280 802 107 65 non
1342 802 138 65 esset
1433 802 92 65 in
1479 802 107 65 deo
1541 802 123 65 esse
1617 802 153 65 omnino
1709 802 138 65 simplex

88 860 105 65 nec
148 860 135 65 esset
238 860 120 65 esse
313 860 150 65 purum:
418 860 135 65 cuius
508 860 210 65 contrarium
674 860 135 65 infra
764 860 180 65 patebit.
899 860 120 65 ergo
974 860 105 65 &c.
1034 860 75 65 ⁋
1064 860 165 65 Secundo
1184 860 120 65 sic.
1259 860 180 65 accidens
1394 860 120 65 quia
1470 860 150 65 distat
1575 860 75 65 a
1605 860 150 65 natura
1695 860 150 65 substan-

92 910 120 57 tiae
167 910 105 57 cui
227 910 180 57 convenit
362 910 120 57 esse
437 910 240 57 simpliciter,
632 910 105 57 non
692 910 165 57 dicitur
812 910 225 57 simpliciter
991 910 120 57 ens,
1066 910 120 57 quia
1141 910 135 57 autem
1231 910 150 57 aliquo
1336 910 120 57 modo
1411 910 240 57 appropinquat
1606 910 120 57 ipsi
1681 910 90 57 vt
1711 910 120 57 dispon

92 957 164 61 ipsius,
212 957 149 61 aliquo
316 957 120 61 modo
391 957 134 61 nomen
480 957 134 61 entis
570 957 164 61 conicat
690 957 105 61 cum
749 957 224 61 substantia,
929 957 90 61 vt
973 957 164 61 dicatur
1093 957 105 61 ens
1153 957 120 61 quia
1227 957 105 61 est
1287 957 209 61 dispositio
1452 957 134 61 entis
1541 957 120 61 quod
1616 957 105 61 est
1661 957 179 61 substantia

88 1020 88 65 vt
132 1020 132 65 dicit
220 1020 219 65 Philosophus
395 1020 88 65 in
439 1020 117 65 vii.
512 1020 132 65 meta.
600 1020 102 65 ita
659 1020 117 65 quod
732 1020 88 65 si
776 1020 102 65 non
834 1020 249 65 appropiquaret
1039 1020 102 65 hoc
1097 1020 117 65 modo
1170 1020 175 65 accidens
1302 1020 234 65 substantiae,
1492 1020 102 65 non
1551 1020 190 65 conicaret
1697 1020 102 65 cum
1755 1020 88 65 eo
1785 1020 58 65 in

84 1065 112 61 esse
154 1065 84 61 vt
196 1065 182 61 diceretur
336 1065 112 61 ens:
406 1065 112 61 quia
476 1065 98 61 est
532 1065 126 61 entis
616 1065 112 61 quod
686 1065 98 61 est
742 1065 196 61 substantia
896 1065 84 61 sc
938 1065 112 61 lset
1007 1065 112 61 esse
1077 1065 182 61 creaturae
1217 1065 98 61 non
1273 1065 210 61 appropiquat
1441 1065 84 61 in
1483 1065 140 61 aliquo
1581 1065 154 61 naturae
1679 1065 168 61 creatorli:

94 1121 112 71 quia
164 1121 126 71 inter
248 1121 98 71 eos
305 1121 98 71 est
361 1121 168 71 infinita
487 1121 197 71 distantia.
642 1121 168 71 creatura
768 1121 112 71 ergo
838 1121 84 71 in
880 1121 126 71 nullo
964 1121 154 71 conicat
1077 1121 112 71 esse
1147 1121 98 71 cum
1203 1121 168 71 creatore
1330 1121 98 71 per
1386 1121 154 71 aliquam
1498 1121 239 71 attributionem
1695 1121 84 71 ad
1737 1121 126 71 ipsum

82 1176 98 79 ⁋
122 1176 235 79 Dicendum
298 1176 117 79 ad
356 1176 156 79 hoc:
454 1176 137 79 cum
532 1176 137 79 ens
610 1176 117 79 vt
669 1176 176 79 infra
786 1176 215 79 dicetur
943 1176 137 79 non
1021 1176 274 79 significat
1236 1176 215 79 aliquam
1392 1176 156 79 vnam
1490 1176 293 79 intentionem
1705 1176 137 79 commu

97 1238 104 66 nem
157 1238 223 66 substantiae
335 1238 74 66 &
365 1238 208 66 accidenti:
528 1238 104 66 sed
587 1238 208 66 significat
751 1238 267 66 significatione
974 1238 134 66 prima
1063 1238 238 66 vnumquodque.
1256 1238 89 66 x.
1300 1238 312 66 praedicamentorum,
1568 1238 134 66 nulla
1657 1238 178 66 conitate
1776 1238 74 66 rea

86 1291 97 60 li
134 1291 146 60 ipsum
232 1291 114 60 ens
297 1291 162 60 potest
410 1291 130 60 esse
491 1291 130 60 cone
573 1291 243 60 substantiae
767 1291 81 60 &
800 1291 227 60 accidenti.
978 1291 146 60 Quare
1075 1291 114 60 cum
1140 1291 146 60 multo
1238 1291 146 60 minus
1335 1291 97 60 in
1384 1291 162 60 aliquo
1497 1291 114 60 vno
1562 1291 146 60 reali
1643 1291 195 60 conveniunt

91 1350 165 56 creator
211 1350 75 56 &
241 1350 180 56 creatura
376 1350 120 56 quam
451 1350 120 56 duae
526 1350 210 56 creaturae:
690 1350 225 56 substantia.
870 1350 180 56 scilicet
1005 1350 75 56 &
1035 1350 150 56 accns:
1140 1350 120 56 immo
1215 1350 135 56 multo
1305 1350 120 56 plus
1380 1350 150 56 distat
1484 1350 135 56 ratio
1574 1350 165 56 essendi
1679 1350 165 56 creatoris

99 1404 67 68 a
125 1404 146 68 ratione
232 1404 146 68 essendi
338 1404 173 68 creaturae
471 1404 106 68 quam
538 1404 160 68 differat
657 1404 120 68 ratio
737 1404 146 68 essendi
844 1404 120 68 vnius
923 1404 173 68 creaturae
1056 1404 67 68 a
1083 1404 146 68 ratione
1189 1404 146 68 essendi
1296 1404 173 68 alterius:
1429 1404 120 68 nullo
1509 1404 106 68 modo
1575 1404 93 68 ens
1628 1404 133 68 potest
1721 1404 106 68 esse
1775 1404 67 68 ali

95 1454 111 71 quod
164 1454 111 71 cone
233 1454 124 71 reale
316 1454 97 71 deo
372 1454 69 71 &
399 1454 194 71 creaturae.
552 1454 83 71 Et
593 1454 111 71 ideo
662 1454 166 71 absolute
787 1454 180 71 dicendum:
925 1454 111 71 quod
994 1454 111 71 esse
1063 1454 97 71 non
1119 1454 97 71 est
1174 1454 152 71 aliquod
1285 1454 111 71 cone
1354 1454 124 71 reale
1437 1454 83 71 in
1478 1454 97 71 quo
1534 1454 111 71 deus
1603 1454 152 71 conicet
1714 1454 97 71 cum
1755 1454 83 71 crea

88 1520 147 61 turis:
191 1520 74 61 &
221 1520 103 61 ita
280 1520 88 61 si
324 1520 103 61 ens
383 1520 103 61 aut
442 1520 118 61 esse
516 1520 221 61 praedicatur
693 1520 88 61 de
737 1520 103 61 deo
796 1520 74 61 &
825 1520 206 61 creaturis,
988 1520 103 61 hoc
1047 1520 103 61 est
1106 1520 118 61 sola
1179 1520 147 61 nomins
1282 1520 192 61 conitate,
1430 1520 133 61 nulla
1518 1520 118 61 rei:
1592 1520 74 61 &
1622 1520 103 61 ita
1681 1520 103 61 non
1725 1520 103 61 vniuo

95 1564 93 64 ce
141 1564 108 64 per
203 1564 247 64 definitionem
404 1564 232 64 vniuocorum:
589 1564 108 64 nec
651 1564 139 64 tamen
744 1564 124 64 pure
821 1564 185 64 aequoce.
960 1564 185 64 secundum
1099 1564 247 64 definitionem
1300 1564 216 64 aequocorum
1470 1564 139 64 casu:
1563 1564 108 64 sed
1625 1564 139 64 medio
1717 1564 124 64 modo
1779 1564 62 64 vt

88 1617 210 68 analogice.
253 1617 75 68 ⁋
283 1617 90 68 Ad
327 1617 135 68 cuius
417 1617 224 68 intellectum
597 1617 180 68 notandum
732 1617 120 68 quod
806 1617 239 68 convenientia
1001 1617 105 68 rei
1061 1617 90 68 ad
1106 1617 105 68 rem
1166 1617 150 68 maxime
1270 1617 90 68 in
1315 1617 135 68 forma
1405 1617 224 68 attenditur:
1585 1617 75 68 &
1615 1617 105 68 hoc
1659 1617 180 68 dupliciter

97 1673 150 67 secundum
209 1673 100 67 quod
271 1673 125 67 duplex
358 1673 87 67 est
408 1673 112 67 modus
483 1673 162 67 conicandi
607 1673 125 67 aliqua
695 1673 75 67 in
732 1673 125 67 forma.
819 1673 87 67 vna
869 1673 150 67 secundum
981 1673 125 67 eandem
1068 1673 162 67 rationem:
1193 1673 100 67 quae
1255 1673 137 67 dicitur
1355 1673 199 67 convenientia
1517 1673 199 67 similitudis:
1679 1673 62 67 &
1704 1673 87 67 est
1754 1673 112 67 eorum

102 1727 116 63 quae
175 1727 102 63 vna
233 1727 131 63 forma
320 1727 218 63 participant
494 1727 174 63 secundum
625 1727 116 63 rem,
697 1727 87 63 vt
741 1727 160 63 albedie
857 1727 102 63 duo
915 1727 131 63 alba,
1002 1727 73 63 &
1031 1727 203 63 humanitate
1191 1727 102 63 duo
1249 1727 174 63 homines:
1379 1727 116 63 quae
1452 1727 131 63 facit
1539 1727 247 63 convenientiam
1727 1727 102 63 vniuo

100 1777 191 64 cationis:
247 1777 147 64 qualis
350 1777 88 64 vt
395 1777 147 64 dictum
498 1777 118 64 est,
571 1777 103 64 non
630 1777 103 64 est
689 1777 103 64 dei
748 1777 74 64 &
777 1777 191 64 creaturae
924 1777 88 64 in
969 1777 132 64 esse.
1057 1777 118 64 alia
1131 1777 118 64 vero
1204 1777 103 64 est
1263 1777 235 64 convenientia
1454 1777 88 64 in
1498 1777 132 64 forma
1587 1777 177 64 secundum
1719 1777 132 64 aliam
1793 1777 44 64 &

96 1825 120 61 aliam
176 1825 173 61 rationem:
309 1825 107 61 quae
376 1825 147 61 dicitur
482 1825 213 61 convenientia
656 1825 200 61 imitationis
816 1825 67 61 &
842 1825 93 61 est
896 1825 213 61 vniversalter
1069 1825 80 61 in
1109 1825 227 61 efficientibus
1295 1825 67 61 &
1322 1825 147 61 factis,
1429 1825 133 61 causis
1522 1825 67 61 &
1549 1825 173 61 causatis.
1682 1825 93 61 Cum
1735 1825 80 61 ei
1762 1825 80 61 omne

105 1884 118 61 agens
184 1884 118 61 etiam
262 1884 223 61 quantuncunque
446 1884 184 61 contrarium
590 1884 157 61 secundum
708 1884 197 61 Philosophum
866 1884 105 61 agit
931 1884 79 61 in
970 1884 118 61 finem
1049 1884 170 61 inquantum
1180 1884 144 61 simile:
1285 1884 118 61 agens
1364 1884 118 61 autem
1443 1884 170 61 inquantum
1574 1884 131 61 simile
1666 1884 92 61 non
1705 1884 131 61 producit

86 1939 120 59 nisi
161 1939 166 59 simile:
282 1939 120 59 agit
357 1939 136 59 etiam
447 1939 120 59 omne
523 1939 136 59 agens
613 1939 105 59 per
673 1939 120 59 suam
749 1939 166 59 formam:
869 1939 75 59 &
899 1939 181 59 producit
1035 1939 181 59 causatum
1170 1939 90 59 in
1215 1939 151 59 aliquo
1321 1939 120 59 esse
1396 1939 181 59 formali:
1532 1939 166 59 Necesse
1652 1939 105 59 est
1712 1939 120 59 ergo
1788 1939 90 59 in

99 1990 154 66 omnibus
211 1990 154 66 talibus
323 1990 84 66 vt
366 1990 140 66 semper
464 1990 84 66 in
506 1990 154 66 causato
618 1990 70 66 &
646 1990 154 66 effectu
758 1990 98 66 sit
815 1990 196 66 similitudo
969 1990 140 66 formae
1067 1990 168 66 agentis.
1193 1990 70 66 &
1222 1990 84 66 si
1264 1990 98 66 non
1320 1990 168 66 secundum
1446 1990 140 66 eandem
1544 1990 168 66 rationem
1671 1990 168 66 speciei,
1783 1990 70 66 sit

87 2042 183 64 similitudo
231 2042 118 64 inter
309 2042 131 64 ipsos:
401 2042 118 64 sicut
479 2042 92 64 est
532 2042 144 64 hominis
636 2042 183 64 generantis
780 2042 78 64 ad
820 2042 183 64 generatum:
963 2042 105 64 erit
1029 2042 118 64 tamen
1107 2042 157 64 secundum
1225 2042 144 64 quandam
1330 2042 209 64 imitationem.
1500 2042 118 64 Sicut
1578 2042 144 64 aliquod
1683 2042 170 64 generatum
1801 2042 39 64 a

87 2099 138 59 sole:
179 2099 123 59 etsi
255 2099 77 59 n
286 2099 169 59 accedat
409 2099 92 59 ad
455 2099 261 59 similitudinem
670 2099 169 59 speciei
792 2099 92 59 cu
838 2099 138 59 sole,
930 2099 92 59 vt
976 2099 184 59 recipiat
1115 2099 153 59 formam
1222 2099 153 59 solis:
1329 2099 169 59 accedit
1452 2099 138 59 tamen
1544 2099 92 59 ad
1590 2099 169 59 aliquam
1698 2099 153 59 imitatio

92 2151 104 55 nem
152 2151 164 55 speciei
271 2151 149 55 solis:
376 2151 90 55 vt
420 2151 179 55 recipiat
555 2151 149 55 formam
659 2151 149 55 aliquo
764 2151 119 55 modo
838 2151 298 55 proportionabilem
1092 2151 75 55 &
1122 2151 284 55 correspondentem
1361 2151 149 55 formae
1465 2151 149 55 solis:
1569 2151 75 55 &
1599 2151 224 55 vniverslter
1763 2151 90 55 quam

96 2207 90 53 to
141 2207 135 53 agens
231 2207 105 53 est
291 2207 210 53 propiquius
457 2207 75 53 &
487 2207 226 53 immediatius
667 2207 195 53 producto,
818 2207 135 53 tanto
908 2207 135 53 maior
998 2207 105 53 est
1058 2207 241 53 convenientia
1254 2207 226 53 imitationis
1434 2207 226 53 producentis
1614 2207 90 53 ad
1660 2207 210 53 productum:
1810 2207 45 53 &

101 2257 131 60 tanto
189 2257 131 60 minor
276 2257 145 60 quanto
377 2257 131 60 agens
464 2257 102 60 est
522 2257 189 60 mediatius
667 2257 73 60 &
697 2257 189 60 remotius.
842 2257 87 60 Et
885 2257 116 60 ideo
958 2257 102 60 cum
1016 2257 116 60 deus
1088 2257 102 60 sit
1146 2257 102 60 cam
1204 2257 189 60 effectiua
1350 2257 145 60 omnium
1451 2257 232 60 creaturarum:
1640 2257 131 60 licet
1712 2257 131 60 quaerum

91 2308 107 70 dam
152 2308 229 70 mediantibus
335 2308 138 70 aliis
427 2308 168 70 causis:
550 2308 168 70 quaerum
672 2308 107 70 quo
733 2308 92 70 ad
779 2308 107 70 hoc
840 2308 107 70 est
902 2308 153 70 primum
1009 2308 214 70 principium
1177 2308 260 70 remotissimum:
1391 2308 214 70 necessario
1559 2308 138 70 omnis
1651 2308 184 70 creatura
1774 2308 76 70 cum

96 2366 111 70 deo
160 2366 190 70 secundum
302 2366 158 70 formam
413 2366 174 70 aliquam
540 2366 143 70 habet
635 2366 285 70 convenientiam:
872 2366 158 70 saltem
983 2366 190 70 secundum
1126 2366 238 70 imitationem
1316 2366 158 70 formae
1426 2366 95 70 ad
1474 2366 174 70 formam.
1601 2366 143 70 Quare
1696 2366 111 70 cum
1743 2366 111 70 forma

98 2415 138 59 diuina
195 2415 97 59 sit
250 2415 124 59 ipsum
333 2415 124 59 esse,
416 2415 83 59 vt
457 2415 124 59 infra
540 2415 193 59 videbitur:
692 2415 69 59 a
720 2415 97 59 quo
775 2415 124 59 omnis
858 2415 166 59 creatura
982 2415 138 59 mutuat
1079 2415 124 59 nomen
1162 2415 152 59 essendi
1272 2415 180 59 inquantum
1410 2415 97 59 est
1465 2415 97 59 cam
1521 2415 124 59 eius,
1603 2415 83 59 vt
1645 2415 124 59 infra
1714 2415 138 59 dicetur:

94 2469 157 68 Necesse
208 2469 100 68 est
265 2469 142 68 dicere
364 2469 114 68 quod
435 2469 142 68 saltem
535 2469 85 68 in
578 2469 114 68 esse
649 2469 228 68 convenientia
834 2469 213 68 imitationis
1004 2469 157 68 conicet
1118 2469 171 68 creatura
1246 2469 100 68 cum
1303 2469 185 68 creatore.
1446 2469 85 68 Et
1488 2469 100 68 ita
1545 2469 157 68 quamuis
1659 2469 85 68 in
1702 2469 128 68 nulla
1773 2469 71 68 con

93 2527 186 68 uenientia
236 2527 143 68 realis
336 2527 215 68 similitudis
508 2527 86 68 in
551 2527 143 68 aliqua
651 2527 129 68 forma
737 2527 215 68 significata
909 2527 143 68 nomine
1009 2527 129 68 entis
1095 2527 186 68 conicent:
1238 2527 201 68 conveniunt
1396 2527 129 68 tamen
1482 2527 86 68 in
1525 2527 115 68 ente
1597 2527 229 68 convenientia
1768 2527 72 68 imi

94 2581 181 66 tationis
230 2581 151 66 formae
335 2581 91 66 ad
381 2581 166 66 formam:
501 2581 166 66 quaerum
622 2581 121 66 vnam
698 2581 211 66 significat
864 2581 106 66 ens
924 2581 196 66 inquantum
1075 2581 181 66 convenit
1211 2581 121 66 deo:
1286 2581 136 66 aliam
1377 2581 121 66 vero
1453 2581 196 66 inquantum
1603 2581 181 66 convenit
1724 2581 121 66 creatu

96 2635 124 67 rae.
173 2635 108 67 Non
235 2635 124 67 ergo
312 2635 124 67 esse
389 2635 185 67 convenit
528 2635 108 67 deo
590 2635 77 67 &
620 2635 185 67 creaturi
759 2635 185 67 vniuoce:
898 2635 124 67 quia
976 2635 108 67 non
1037 2635 185 67 secundum
1176 2635 154 67 eandem
1284 2635 154 67 formam
1392 2635 93 67 ad
1439 2635 124 67 quam
1516 2635 139 67 nomen
1608 2635 139 67 entis
1701 2635 93 67 ad
1732 2635 108 67 signi

101 2687 176 61 ficandum
233 2687 205 61 imponitur.
394 2687 103 61 Nec
453 2687 132 61 tamen
541 2687 117 61 pure
614 2687 176 61 aequoce:
746 2687 103 61 cum
805 2687 103 61 non
863 2687 132 61 aeque
951 2687 132 61 primo
1039 2687 73 61 &
1068 2687 249 61 principalitur
1274 2687 205 61 significet
1435 2687 147 61 formam
1537 2687 103 61 dei
1596 2687 73 61 &
1625 2687 205 61 creaturae:
1772 2687 73 61 si-

79 2740 120 55 cut
148 2740 189 55 aequoca
285 2740 138 55 casu
371 2740 155 55 aeque
474 2740 155 55 primo
578 2740 86 55 &
612 2740 292 55 principaliter
853 2740 258 55 significant
1059 2740 138 55 ambo
1145 2740 258 55 significata
1351 2740 138 55 sua:
1437 2740 103 55 vt
1489 2740 120 55 hoc
1558 2740 155 55 nomen
1661 2740 138 55 Aiax
1730 2740 103 55 Tela

92 2792 154 58 monium
199 2792 77 58 &
230 2792 154 58 GOilei
338 2792 170 58 filium:
462 2792 108 58 sed
523 2792 139 58 medio
616 2792 108 58 mod
677 2792 185 58 scilicet
816 2792 216 58 analogice:
986 2792 123 58 quia
1063 2792 216 58 significat
1232 2792 123 58 vnum
1309 2792 154 58 suorum
1417 2792 277 58 significatorum
1649 2792 139 58 primo
1741 2792 77 58 &
1757 2792 92 58 prim

90 2848 205 68 cipaliter:
252 2848 161 68 alterum
369 2848 117 68 vero
443 2848 88 68 in
487 2848 132 68 ordie
575 2848 73 68 &
604 2848 176 68 respectu
736 2848 117 68 siue
810 2848 220 68 proportione
986 2848 88 68 ad
1030 2848 147 68 illud:
1132 2848 88 68 vt
1176 2848 132 68 primo
1265 2848 73 68 &
1294 2848 250 68 principalitur
1499 2848 147 68 formam
1602 2848 117 68 quae
1676 2848 132 68 habet
1749 2848 88 68 esse

92 2898 126 61 deus:
176 2898 84 61 in
218 2898 126 61 ordie
301 2898 126 61 autem
385 2898 84 61 ad
427 2898 140 61 illam,
525 2898 140 61 formam
623 2898 112 61 quae
692 2898 126 61 habet
776 2898 112 61 esse
846 2898 181 61 creatura.
985 2898 126 61 Sicut
1069 2898 181 61 contingit
1209 2898 84 61 in
1251 2898 195 61 substantia
1404 2898 70 61 &
1432 2898 168 61 accunte:
1558 2898 84 61 in
1600 2898 140 61 quibus
1697 2898 98 61 ens
1739 2898 98 61 primo

88 2952 76 65 &
118 2952 258 65 principaliter
330 2952 212 65 significat
497 2952 242 65 substantiam:
694 2952 182 65 accidens
830 2952 121 65 vero
906 2952 121 65 quia
982 2952 167 65 ordinem
1103 2952 136 65 habet
1194 2952 76 65 &
1224 2952 197 65 respectum
1375 2952 91 65 ad
1421 2952 242 65 substantiam.
1618 2952 76 65 &
1648 2952 182 65 secundum
1769 2952 76 65 hoc

91 3006 194 67 substantia
243 3006 152 67 dicitur
354 3006 97 67 ens
409 3006 138 67 primo:
506 3006 69 67 &
534 3006 166 67 accidens
658 3006 152 67 dicitur
769 3006 97 67 ens
824 3006 97 67 sub
880 3006 124 67 ordie
963 3006 83 67 ad
1004 3006 221 67 substantiam:
1184 3006 152 67 itaquod
1295 3006 97 67 ens
1350 3006 124 67 primo
1433 3006 194 67 significat
1585 3006 221 67 substantiam:
1765 3006 69 67 &
1779 3006 55 67 ex

86 3062 140 53 ordie
179 3062 124 53 quem
256 3062 140 53 habet
349 3062 140 53 accns
442 3062 93 53 ad
489 3062 233 53 substantiam
674 3062 155 53 mutuat
783 3062 140 53 nomen
876 3062 140 53 entis
969 3062 78 53 a
1000 3062 233 53 substantia.
1186 3062 186 53 secundum
1326 3062 124 53 quod
1403 3062 186 53 dicitur.
1543 3062 124 53 vii.
1605 3062 233 53 metaphysicae.

93 3114 99 63 Ens
149 3114 156 63 dicitur
263 3114 142 63 multis
362 3114 142 63 modis.
461 3114 71 63 &
489 3114 142 63 primum
589 3114 156 63 istorum
702 3114 99 63 est
758 3114 113 63 quod
829 3114 198 63 significat
985 3114 227 63 substantiam:
1169 3114 71 63 &
1198 3114 113 63 alia
1268 3114 170 63 dicuntur
1396 3114 142 63 entia:
1495 3114 113 63 quia
1566 3114 113 63 sunt
1637 3114 127 63 entis
1722 3114 113 63 quod
1778 3114 71 63 est

94 3171 207 61 huiusmodi.
257 3171 104 61 Et.
316 3171 89 61 4.
360 3171 163 61 eiusdem
479 3171 104 61 Ens
538 3171 163 61 dicitur
656 3171 251 61 multipliciter
863 3171 104 61 non
922 3171 177 61 aequoce:
1055 3171 104 61 sed
1115 3171 133 61 omnes
1203 3171 118 61 modi
1277 3171 237 61 attribuuntur
1470 3171 104 61 vni
1529 3171 104 61 rei
1588 3171 74 61 &
1617 3171 104 61 vni
1677 3171 177 61 naturae.
1795 3171 59 61 Et

85 3225 213 74 secundum
245 3225 142 74 hunc
334 3225 160 74 modum
440 3225 124 74 ens
511 3225 284 74 communissime
742 3225 178 74 dictum
866 3225 160 74 primo
973 3225 249 74 significat
1168 3225 160 74 deum:
1275 3225 249 74 secundario
1470 3225 249 74 creaturam:
1665 3225 160 74 sicut
1754 3225 89 74 ens
