2352 3776
90 304 128 87 est
163 304 165 87 natus
273 304 201 87 finiri.
419 304 128 87 Est
492 304 165 87 autem
602 304 238 87 priuatiua
785 304 330 87 indeterminatio
1060 304 183 87 quando
1188 304 330 87 indeterminatum
1463 304 165 87 natum
1573 304 128 87 est
1628 304 256 87 determinari:

95 377 114 60 ad
152 377 170 60 modum
265 377 133 60 quo
341 377 208 60 punctus
493 377 208 60 dicitur
644 377 246 60 infinitus
834 377 133 60 cum
909 377 133 60 non
985 377 133 60 est
1061 377 303 60 determinatus
1307 377 189 60 lineis
1439 377 189 60 quibus
1572 377 170 60 natus
1686 377 133 60 est
1742 377 133 60 deter

92 436 200 62 minari.
237 436 218 62 Secundum
401 436 164 62 istam
510 436 164 62 autem
619 436 218 62 duplicem
783 436 382 62 indeterminationem
1111 436 200 62 oportet
1256 436 273 62 intelligere
1475 436 146 62 quod
1566 436 273 62 concipiendo
1766 436 109 62 esse

83 482 267 68 simpliciter
297 482 89 68 &
332 482 302 68 indeterminate
581 482 142 68 quod
670 482 125 68 est
741 482 142 68 dei:
830 482 142 68 tunc
919 482 125 68 est
990 482 320 68 indeterminatio
1257 482 231 68 negatiua:
1435 482 142 68 quia
1524 482 142 68 esse
1613 482 125 68 dei
1684 482 160 68 nullo
1773 482 89 68 est

99 537 143 67 natum
194 537 253 67 determinari,
400 537 95 67 vt
448 537 95 67 si
495 537 190 67 postquam
638 537 253 67 intellexeris
844 537 95 67 in
891 537 206 67 creaturis
1049 537 111 67 hoc
1113 537 127 67 esse
1192 537 79 67 &
1224 537 143 67 illud
1319 537 143 67 esse:
1414 537 95 67 si
1461 537 253 67 intellexeris
1667 537 127 67 esse
1730 537 143 67 simpli-

99 592 146 59 citer
196 592 114 59 per
261 592 260 59 abnegationem
473 592 130 59 quod
554 592 114 59 sit
619 592 146 59 neque
717 592 146 59 huius
815 592 260 59 determinati:
1026 592 146 59 neque
1124 592 163 59 illius
1238 592 114 59 vel
1303 592 195 59 alicuius
1449 592 195 59 alterius
1595 592 260 59 determinati:
1807 592 98 59 in

100 650 176 60 telligis
232 650 117 60 esse
306 650 117 60 dei.
379 650 176 60 secundum
511 650 117 60 quod
584 650 132 60 dicit
672 650 191 60 Augustius
819 650 132 60 viii.
907 650 88 60 de
951 650 220 60 triniitate.
1126 650 205 60 Intelligis
1288 650 132 60 bonum
1376 650 117 60 hoc,
1449 650 132 60 bonum
1537 650 147 60 illud,
1639 650 191 60 intellige
1771 650 103 60 bonum

93 702 245 68 simpliciter
289 702 82 68 &
321 702 131 68 deum
403 702 278 68 intellexeris.
631 702 212 68 Similiter
795 702 98 68 si
844 702 229 68 intelligis
1023 702 114 68 hoc
1088 702 114 68 ens
1154 702 82 68 &
1186 702 147 68 illud
1284 702 131 68 ens:
1366 702 98 68 si
1415 702 229 68 intelligis
1594 702 114 68 ens
1643 702 229 68 simpliciter:

98 752 135 66 deum
182 752 252 66 intelligis.
384 752 84 66 &
418 752 118 66 hoc
485 752 252 66 concipiendo
687 752 135 66 esse
771 752 252 66 simpliciter
973 752 84 66 &
1007 752 303 66 indeterminatum
1259 752 337 66 indeterminatione
1545 752 252 66 negationis,
1747 752 101 66 vt
1781 752 84 66 di-

98 810 142 58 ctum
187 810 142 58 est.
275 810 266 58 Concipiendo
488 810 159 58 autem
594 810 159 58 ipsum
701 810 142 58 esse
789 810 301 58 indeterminate
1037 810 354 58 indeterminatione
1338 810 266 58 priuationis
1551 810 195 58 illorum
1693 810 177 58 quibus
1799 810 71 58 na

99 863 95 55 tum
154 863 95 55 est
208 863 218 55 determinari,
385 863 191 55 concipitur
535 863 109 55 esse
603 863 109 55 quod
671 863 177 55 creaturae
807 863 109 55 est:
875 863 109 55 quia
943 863 109 55 esse
1011 863 177 55 creaturae
1148 863 95 55 per
1202 863 163 55 proprias
1325 863 150 55 naturas
1433 863 136 55 quibus
1529 863 150 55 inuicem
1638 863 191 55 differunt,
1774 863 95 55 natum

93 914 111 63 est
157 914 254 63 determinari.
363 914 127 63 Quod
442 914 127 63 enim
521 914 175 63 dicitur
648 914 111 63 ens
712 914 238 63 simpliciter
902 914 95 63 ex
950 914 95 63 eo
997 914 127 63 quod
1077 914 143 63 habet
1172 914 190 63 rationem
1315 914 222 63 exemplaris
1489 914 95 63 in
1537 914 159 63 primo,
1648 914 95 63 vt
1695 914 111 63 iam
1743 914 127 63 dictum

96 965 126 61 est,
175 965 174 61 duplici
302 965 158 61 natura
412 965 142 61 habet
507 965 253 61 determinari:
712 965 126 61 quae
791 965 111 61 non
855 965 174 61 dicitur
981 965 126 61 esse
1060 965 253 61 simpliciter:
1266 965 111 61 sed
1329 965 126 61 esse
1408 965 190 61 aliquid:
1550 965 205 61 cuiusmodi
1708 965 111 61 est
1755 965 111 61 natu-

95 1018 99 63 ra
145 1018 248 63 substantiae
343 1018 83 63 &
376 1018 248 63 accidentis.
574 1018 149 63 Nomen
673 1018 132 63 enim
756 1018 248 63 substantiae
954 1018 149 63 dicit
1053 1018 182 63 aliquid
1185 1018 132 63 quid
1268 1018 116 63 est
1334 1018 116 63 ens
1400 1018 116 63 non
1466 1018 198 63 existens
1614 1018 99 63 in
1664 1018 132 63 alio
1746 1018 99 63 vt
1796 1018 99 63 in

94 1073 209 59 subiecto,
255 1073 145 59 nomen
352 1073 129 59 vero
432 1073 226 59 accidentis
609 1073 145 59 dicit
706 1073 113 59 ens
771 1073 129 59 quod
851 1073 113 59 est
916 1073 193 59 existens
1060 1073 97 59 in
1109 1073 129 59 alio
1189 1073 97 59 vt
1238 1073 97 59 in
1286 1073 209 59 subiecto:
1447 1073 81 59 &
1479 1073 193 59 secundum
1624 1073 113 59 hoc
1673 1073 193 59 substantia

95 1127 77 66 &
125 1127 185 66 accidens
264 1127 232 66 constituunt
450 1127 170 66 diuersa
573 1127 154 66 genera
682 1127 324 66 praedicamentorum,
960 1127 93 66 vt
1006 1127 139 66 infra
1099 1127 216 66 videbitur.
1269 1127 93 66 vt
1315 1127 124 66 alio
1392 1127 77 66 &
1423 1127 263 66 alioconveniat
1639 1127 124 66 omni
1701 1127 170 66 creaturae

100 1179 84 61 ex
142 1179 84 61 eo
184 1179 112 61 quod
254 1179 98 61 est
310 1179 98 61 res
366 1179 252 61 praedicamenti,
575 1179 112 61 quod
645 1179 126 61 habet
729 1179 126 61 esse,
813 1179 70 61 &
841 1179 112 61 quod
911 1179 126 61 habet
994 1179 112 61 esse
1064 1179 168 61 aliquid,
1190 1179 112 61 esse
1260 1179 112 61 enim
1330 1179 168 61 convenit
1456 1179 84 61 ei
1498 1179 84 61 ex
1540 1179 252 61 participatione
1749 1179 98 61 per
1805 1179 84 61 at

99 1236 275 59 tributionem
319 1236 110 59 ad
374 1236 128 59 ens
447 1236 183 59 primum
575 1236 238 59 inquantum
758 1236 128 59 est
832 1236 147 59 ens,
923 1236 110 59 vt
978 1236 183 59 dictum
1107 1236 147 59 est,
1198 1236 147 59 esse
1290 1236 147 59 vero
1382 1236 202 59 aliquid
1528 1236 220 59 conuenit
1693 1236 110 59 ei
1748 1236 110 59 ex
1785 1236 73 59 de

97 1284 255 75 terminatione
305 1284 192 75 propriae
448 1284 192 75 naturae.
592 1284 192 75 secundum
736 1284 128 75 quod
815 1284 144 75 dicit
911 1284 192 75 Boethius
1055 1284 96 75 de
1103 1284 144 75 Hebd.
1199 1284 128 75 Omne
1278 1284 128 75 quod
1358 1284 112 75 est
1422 1284 223 75 participat
1598 1284 96 75 eo
1646 1284 128 75 quod
1725 1284 112 75 est
1773 1284 96 75 esse

103 1347 97 59 vt
151 1347 129 59 sit:
232 1347 129 59 alio
313 1347 129 59 vero
393 1347 226 59 participat
571 1347 97 59 vt
619 1347 178 59 aliquid
748 1347 129 59 sit.
829 1347 129 59 vnde
910 1347 242 59 Commentator
1103 1347 194 59 exponens
1249 1347 145 59 illud
1346 1347 178 59 Boethii
1475 1347 97 59 de
1523 1347 242 59 triniitate.
1717 1347 129 59 Deus
1781 1347 81 59 est

93 1396 153 61 forma
195 1396 136 61 quae
280 1396 119 61 est
348 1396 153 61 ipsum
451 1396 136 61 esse
536 1396 85 61 &
570 1396 102 61 ex
621 1396 119 61 qua
689 1396 136 61 esse
774 1396 136 61 est.
859 1396 187 61 dicitid
996 1396 119 61 est
1064 1396 119 61 est
1132 1396 153 61 forma
1234 1396 136 61 quae
1319 1396 119 61 non
1387 1396 102 61 ab
1438 1396 136 61 alio
1523 1396 170 61 mutuat
1643 1396 136 61 hanc
1711 1396 153 61 dictio-

90 1450 127 59 nem
163 1450 146 59 est:
254 1450 91 59 &
290 1450 146 59 quae
381 1450 218 59 caeteris
545 1450 200 59 omnibus
690 1450 182 59 quadam
818 1450 273 59 extrinsecus
1036 1450 328 59 participatione
1309 1450 273 59 communicat.
1527 1450 127 59 Cum
1600 1450 146 59 enim
1691 1450 127 59 (vt
1746 1450 127 59 dicit

97 1506 100 63 in
147 1506 216 63 principio
313 1506 266 63 expositionis
529 1506 150 63 Hebd.
629 1506 183 63 dicimus
762 1506 133 63 homo
845 1506 133 63 est,
928 1506 116 63 vel
995 1506 166 63 corpus
1111 1506 133 63 est,
1194 1506 116 63 vel
1261 1506 233 63 huiusmodi:
1444 1506 199 63 theologi
1593 1506 116 63 hoc
1660 1506 133 63 esse
1726 1506 133 63 dictum

92 1560 274 61 intelligunt
311 1560 183 61 quadam
439 1560 274 61 extrinsecus
658 1560 311 61 denominatione
914 1560 110 61 ab
969 1560 146 61 esse
1061 1560 128 61 sui
1134 1560 256 61 principii.
1335 1560 128 61 Non
1408 1560 146 61 enim
1499 1560 183 61 dicunt
1609 1560 256 61 corporeitate

103 1614 171 65 corpus
222 1614 154 65 esse:
325 1614 119 65 sed
393 1614 137 65 esse
478 1614 205 65 aliquid:
632 1614 119 65 nec
700 1614 239 65 humanitate
888 1614 188 65 hominem
1025 1614 154 65 esse:
1127 1614 119 65 sed
1195 1614 137 65 esse
1281 1614 205 65 aliquid.
1434 1614 102 65 Et
1485 1614 102 65 ad
1537 1614 171 65 eundem
1656 1614 154 65 modum
1759 1614 137 65 quid

99 1666 118 66 quod
173 1666 177 66 operante
305 1666 133 66 summo
394 1666 191 66 principio
541 1666 118 66 est,
615 1666 133 66 eadem
703 1666 206 66 principali
865 1666 74 66 &
894 1666 177 66 increata
1027 1666 177 66 essentia
1159 1666 162 66 dicitur
1277 1666 133 66 esse:
1365 1666 103 66 suo
1424 1666 118 66 vero
1498 1666 177 66 quolibet
1630 1666 147 66 genere
1733 1666 118 66 esse
1792 1666 74 66 ali

104 1728 142 56 quid.
199 1728 126 56 Quod
278 1728 158 56 tamen,
389 1728 95 56 vt
436 1728 142 56 infra
531 1728 221 56 videbitur:
705 1728 111 56 non
768 1728 174 56 dicitur
894 1728 126 56 nisi
973 1728 158 56 aliqua
1084 1728 284 56 participatione
1321 1728 158 56 diuini
1431 1728 142 56 esse:
1526 1728 205 56 inquantum
1684 1728 158 56 omnium
1779 1728 79 56 en-

110 1773 145 72 tium
201 1773 291 72 perfectiones
437 1773 109 72 in
492 1773 109 72 se
546 1773 236 72 continet.
728 1773 127 72 Per
801 1773 145 72 hunc
891 1773 145 72 ergo
982 1773 164 72 modum
1091 1773 145 72 esse
1182 1773 327 72 indeterminatum
1455 1773 127 72 per
1528 1773 291 72 abnegationem
1746 1773 127 72 conve

110 1831 109 62 nit
173 1831 124 62 deo:
250 1831 78 62 &
281 1831 109 62 per
344 1831 233 62 priuationem
530 1831 218 62 creaturae.
701 1831 93 62 Et
748 1831 124 62 quia
826 1831 280 62 indeterminatio
1059 1831 109 62 per
1121 1831 249 62 abnegationem
1323 1831 78 62 &
1354 1831 109 62 per
1416 1831 233 62 priuationem
1603 1831 218 62 propinquae
1758 1831 109 62 sunt:

111 1877 130 70 quia
192 1877 146 70 ambae
290 1877 179 70 tollunt
420 1877 325 70 determinationem,
696 1877 114 70 vna
761 1877 163 70 tantum
875 1877 195 70 secundum
1021 1877 163 70 actum:
1135 1877 130 70 alia
1216 1877 195 70 secundum
1362 1877 146 70 actum
1460 1877 146 70 simul
1557 1877 81 70 &
1590 1877 228 70 potentiam:
1768 1877 130 70 ideo

95 1928 117 67 non
162 1928 200 67 potentes
312 1928 251 67 distinguere
513 1928 150 67 inter
613 1928 217 67 huiusmodi
780 1928 184 67 diuersa
914 1928 117 67 pro
981 1928 150 67 eodem
1081 1928 234 67 concipiunt
1265 1928 134 67 esse
1348 1928 251 67 simpliciter
1549 1928 84 67 &
1582 1928 134 67 esse
1649 1928 217 67 indetermina

96 1982 134 74 tum:
180 1982 134 74 siue
264 1982 117 74 vno
330 1982 134 74 modo
414 1982 134 74 siue
498 1982 184 74 altero:
631 1982 134 74 siue
715 1982 117 74 sit
782 1982 134 74 dei:
866 1982 134 74 siue
949 1982 234 74 creaturae.
1133 1982 167 74 Natura
1250 1982 134 74 enim
1334 1982 117 74 est
1401 1982 251 74 intellectus
1601 1982 117 74 non
1668 1982 201 74 potentis
1802 1982 67 74 di

93 2036 226 72 stinguere
266 2036 104 72 ea
319 2036 139 72 quae
406 2036 226 72 propinqua
579 2036 156 72 sunt,
684 2036 226 72 concipere
858 2036 139 72 ipsa
945 2036 104 72 vt
997 2036 156 72 vnum:
1101 2036 139 72 quae
1188 2036 156 72 tamen
1292 2036 104 72 in
1344 2036 122 72 rei
1414 2036 209 72 veritate
1570 2036 122 72 non
1640 2036 191 72 faciunt
1762 2036 104 72 vnum

92 2091 253 67 conceptum.
290 2091 108 67 Et
345 2091 144 67 ideo
435 2091 126 67 est
507 2091 162 67 error
615 2091 108 67 in
669 2091 180 67 illius
796 2091 235 67 conceptu.
976 2091 162 67 Verus
1084 2091 144 67 enim
1174 2091 235 67 conceptus
1355 2091 162 67 primo
1463 2091 271 67 concipiendo
1680 2091 144 67 esse
1752 2091 108 67 sim-

106 2145 212 71 pliciter
265 2145 318 71 indeterminatum
530 2145 141 71 quod
619 2145 194 71 ratione
760 2145 141 71 suae
848 2145 371 71 indeterminationis
1166 2145 159 71 nihil
1272 2145 159 71 ponit
1378 2145 177 71 omnino
1502 2145 159 71 neque
1608 2145 265 71 determinat,
1802 2145 71 71 vt

107 2197 108 67 ex
161 2197 126 67 hoc
233 2197 162 67 nihil
341 2197 126 67 sit
414 2197 108 67 re
468 2197 198 67 commune
612 2197 126 67 deo
684 2197 90 67 &
720 2197 235 67 creaturae
901 2197 253 67 positiuum:
1099 2197 126 67 sed
1171 2197 235 67 negatiuum
1352 2197 180 67 solum:
1478 2197 90 67 &
1514 2197 108 67 si
1568 2197 198 67 aliquid
1713 2197 126 67 sit
1767 2197 108 67 posi

106 2260 130 62 tiuum
192 2260 202 62 substratum
351 2260 202 62 negationi,
510 2260 130 62 illud
596 2260 101 62 est
654 2260 173 62 alterius
784 2260 72 62 &
813 2260 173 62 alterius
942 2260 188 62 rationis:
1087 2260 130 62 sicut
1173 2260 115 62 quod
1246 2260 101 62 est
1303 2260 101 62 per
1361 2260 188 62 essentiam
1505 2260 72 62 &
1534 2260 115 62 quid
1606 2260 101 62 est
1664 2260 101 62 per
1707 2260 159 62 participa

102 2308 187 68 tionem:
238 2308 136 68 quae
323 2308 272 68 consequenter
543 2308 170 68 rectus
662 2308 255 68 intellectus
866 2308 136 68 bene
951 2308 238 68 distinguit
1137 2308 255 68 concipiendo
1341 2308 136 68 esse
1426 2308 305 68 indeterminatum
1680 2308 119 68 vel
1731 2308 136 68 negati

107 2355 105 74 ue
159 2355 122 74 vel
229 2355 244 74 priuatiue.
420 2355 87 74 &
455 2355 209 74 secundum
612 2355 122 74 hoc
682 2355 139 74 bene
769 2355 227 74 processit
943 2355 174 74 primum
1065 2355 244 74 argumentum
1257 2355 105 74 in
1310 2355 244 74 oppositum.
1536 2355 105 74 Ad
1588 2355 227 74 secundum,
1745 2355 105 74 vero

105 2408 130 73 quod
186 2408 179 73 videtur
317 2408 212 73 ostendere
480 2408 130 73 quod
561 2408 130 73 deus
643 2408 82 73 &
675 2408 196 73 creatura
822 2408 147 73 nullo
920 2408 130 73 modo
1001 2408 98 73 in
1050 2408 130 73 esse
1132 2408 261 73 communicant:
1344 2408 147 73 neque
1441 2408 293 73 participatione
1686 2408 147 73 neque
1767 2408 82 73 imi

93 2471 201 67 tatione:
244 2471 134 67 quia
328 2471 101 67 in
378 2471 218 67 infinitum
546 2471 168 67 distat
664 2471 201 67 creatura
815 2471 84 67 a
848 2471 218 67 creatore:
1016 2471 201 67 Dicendum
1167 2471 101 67 ad
1217 2471 117 67 hoc
1285 2471 134 67 quod
1368 2471 151 67 licet
1469 2471 201 67 creatura
1620 2471 117 67 non
1670 2471 185 67 appropin-

105 2537 135 56 quat
189 2537 219 56 creatori,
357 2537 101 56 vt
408 2537 118 56 sit
475 2537 185 56 aliquid
610 2537 185 56 naturae
744 2537 135 56 eius
828 2537 118 56 vel
896 2537 235 56 dispositio
1080 2537 151 56 eius:
1181 2537 151 56 sicut
1282 2537 202 56 accidens
1434 2537 269 56 appropinquat
1635 2537 219 56 substantiae

98 2567 99 74 vt
148 2567 199 74 procedit
297 2567 216 74 obiectio:
463 2567 265 74 appropinquat
679 2567 149 74 tamen
778 2567 99 74 ei
828 2567 216 74 inquantum
994 2567 116 74 est
1060 2567 182 74 aliquid
1193 2567 133 74 eius
1276 2567 99 74 vt
1325 2567 232 74 exemplatum
1508 2567 116 74 vel
1574 2567 199 74 effectus
1707 2567 149 74 hamiens

100 2626 176 71 aliquam
228 2626 128 71 eius
308 2626 256 71 imitationem,
517 2626 176 71 propter
645 2626 128 71 quam
725 2626 96 71 in
773 2626 128 71 esse
853 2626 224 71 communicat
1030 2626 112 71 cum
1094 2626 144 71 ipso:
1190 2626 144 71 sicut
1286 2626 192 71 accidens
1430 2626 112 71 cum
1494 2626 208 71 subiecto:
1655 2626 112 71 non
1719 2626 128 71 quod
1783 2626 80 71 ali

102 2683 130 72 quod
183 2683 179 72 commune
313 2683 179 72 ambobus
443 2683 98 72 ab
492 2683 146 72 ipsis
590 2683 228 72 abstractum
769 2683 114 72 per
834 2683 244 72 intellectum
1029 2683 260 72 significetur
1241 2683 163 72 nomine
1355 2683 163 72 entis,
1468 2683 98 72 vt
1517 2683 260 72 intelligendo
1729 2683 114 72 hoc
1778 2683 81 72 ens

100 2751 138 55 quod
186 2751 121 55 est
255 2751 155 55 deus,
358 2751 86 55 &
393 2751 121 55 hoc
462 2751 121 55 ens
531 2751 138 55 quod
617 2751 121 55 est
686 2751 224 55 creatura,
858 2751 207 55 dimittam
1013 2751 121 55 hoc
1082 2751 86 55 &
1117 2751 138 55 hoc:
1203 2751 86 55 &
1237 2751 241 55 intelligam
1427 2751 121 55 ens
1496 2751 190 55 commune
1634 2751 172 55 ipsis:
1737 2751 121 55 sicut

108 2808 128 53 cum
181 2808 238 53 intelligo
364 2808 146 53 hunc
455 2808 201 53 hominem
602 2808 183 53 Sortem
730 2808 92 53 &
767 2808 146 53 hunc
858 2808 238 53 Platonem,
1041 2808 201 53 dimitto
1188 2808 146 53 hunc
1279 2808 92 53 &
1316 2808 165 53 hunc,
1426 2808 92 53 &
1462 2808 238 53 intelligo
1645 2808 201 53 hominem
1773 2808 92 53 sim

104 2854 216 61 pliciter.
270 2854 182 61 Hocenim
403 2854 166 61 potest
519 2854 149 61 fieri
618 2854 116 61 hic
685 2854 116 61 non
751 2854 133 61 ibi.
834 2854 133 61 quia
917 2854 116 61 hic
983 2854 116 61 est
1050 2854 199 61 secundum
1199 2854 182 61 speciem
1331 2854 116 61 vna
1398 2854 149 61 forma
1497 2854 216 61 naturalis
1646 2854 216 61 humanitatis

103 2894 203 74 existens
255 2894 102 74 in
306 2894 186 74 ambobus
442 2894 186 74 partita
577 2894 85 74 &
611 2894 254 74 determinata
814 2894 118 74 per
882 2894 220 74 materias:
1051 2894 186 74 Propter
1186 2894 135 74 quod
1271 2894 237 74 dimittendo
1457 2894 203 74 materias
1609 2894 85 74 &
1626 2894 237 74 determinatio

99 2952 105 68 nes
159 2952 149 68 formae
263 2952 105 68 per
323 2952 149 68 ipsas,
428 2952 149 68 potest
532 2952 194 68 intelligi
682 2952 120 68 ipsa
756 2952 134 68 forma
846 2952 224 68 simpliciter
1025 2952 90 68 vt
1070 2952 105 68 est
1130 2952 224 68 vniversalis
1309 2952 134 68 facta
1399 2952 105 68 per
1459 2952 239 68 intellectum,
1653 2952 75 68 &
1668 2952 194 68 essentialis

108 3014 241 58 similitudo
297 3014 275 58 suppositorum
521 3014 172 58 Sortis
642 3014 86 58 &
676 3014 224 58 Platonis.
848 3014 121 58 Non
917 3014 155 58 autem
1020 3014 172 58 potest
1141 3014 121 58 hoc
1210 3014 155 58 fieri
1313 3014 138 58 ibi,
1399 3014 138 58 quia
1485 3014 121 58 non
1554 3014 121 58 est
1623 3014 121 58 ibi
1692 3014 121 58 vna
1743 3014 121 58 forma

96 3061 231 65 naturalis
274 3061 213 65 existens
434 3061 107 65 in
488 3061 213 65 creatura
648 3061 89 65 &
683 3061 213 65 creatore
843 3061 107 65 in
897 3061 196 65 ambobus
1039 3061 196 65 partita
1181 3061 89 65 &
1217 3061 285 65 determinata.
1448 3061 107 65 Et
1501 3061 142 65 ideo
1590 3061 249 65 dimittendo
1768 3061 89 65 hoc

110 3113 78 70 &
142 3113 125 70 hoc,
220 3113 172 70 nunquam
345 3113 204 70 intelligo
502 3113 125 70 vnum
580 3113 172 70 aliquid
706 3113 125 70 cone
784 3113 110 70 eis
847 3113 157 70 factum
956 3113 110 70 per
1019 3113 235 70 intellectum
1207 3113 125 70 quod
1285 3113 110 70 est
1348 3113 141 70 eorum
1442 3113 235 70 similitudo.
1630 3113 110 70 Sed
1693 3113 204 70 intelligo

98 3165 195 66 quoddam
240 3165 284 66 determinatum
470 3165 106 66 ad
524 3165 142 66 vnum
612 3165 89 66 &
648 3165 106 66 ad
701 3165 213 66 alterum:
860 3165 124 66 non
931 3165 160 66 vnica
1038 3165 372 66 indeterminatione:
1357 3165 124 66 sed
1428 3165 213 66 duplici,
1587 3165 106 66 vt
1640 3165 177 66 dictum
1747 3165 106 66 est.

99 3216 123 96 Sed
170 3216 140 96 quia
257 3216 175 96 natura
380 3216 123 96 qua
450 3216 158 96 habet
555 3216 140 96 esse
642 3216 228 96 creatura,
817 3216 210 96 imitatio
975 3216 123 96 est
1045 3216 193 96 naturae
1185 3216 123 96 qua
1255 3216 158 96 habet
1360 3216 140 96 esse
1447 3216 140 96 deus
1535 3216 140 96 (non
1622 3216 140 96 dico
1692 3216 175 96 similitu
