2394 3762
129 301 114 95 ens
194 301 261 95 simpliciter:
406 301 82 95 &
439 301 114 95 ita
504 301 179 95 commune
634 301 261 95 praedicabile
846 301 98 95 de
895 301 196 95 omnibus:
1042 301 82 95 &
1075 301 147 95 esset
1172 301 130 95 idem
1254 301 130 95 esse
1336 301 114 95 dei
1401 301 82 95 &
1433 301 228 95 cuiuslibet
1613 301 163 95 entis:
1727 301 130 95 immo
1792 301 98 95 ipsa

130 375 141 65 diuina
228 375 169 65 essentia
355 375 127 65 esset
440 375 113 65 esse
510 375 197 65 cuiuslibet
665 375 141 65 entis.
764 375 197 65 consequens
918 375 141 65 falsum
1017 375 99 65 est
1073 375 84 65 vt
1116 375 127 65 infra
1200 375 197 65 videbitur:
1355 375 141 65 quaere
1454 375 70 65 &
1482 375 113 65 ans.
1552 375 70 65 ⁋
1580 375 141 65 Tertio
1679 375 113 65 sic.
1749 375 84 65 si
1791 375 84 65 in
1820 375 70 65 deo

124 429 146 64 essent
227 429 117 64 idem
300 429 117 64 esse
372 429 73 64 &
402 429 190 64 essentia,
548 429 161 64 cognito
664 429 88 64 de
708 429 102 64 deo
766 429 88 64 an
810 429 102 64 sit
869 429 248 64 cognosceretur
1073 429 146 64 statim
1175 429 117 64 quid
1248 429 117 64 sit:
1321 429 117 64 quia
1394 429 117 64 quod
1467 429 117 64 quid
1540 429 102 64 est
1598 429 117 64 rei,
1671 429 102 64 est
1729 429 117 64 eius
1788 429 102 64 essen

126 493 114 61 tia.
197 493 199 61 consequens
354 493 142 61 falsum
453 493 114 61 est.
525 493 171 61 secundum
653 493 114 61 quod
724 493 157 61 patebit
838 493 185 61 inferius,
980 493 128 61 quare
1066 493 71 61 &
1094 493 114 61 ans.
1166 493 71 61 ⁋
1194 493 85 61 In
1237 493 199 61 contrarium
1393 493 114 61 est.
1465 493 157 61 quoniam
1579 493 114 61 omne
1650 493 128 61 illud
1735 493 114 61 quod
1792 493 100 61 habet

125 542 133 58 esse:
214 542 74 58 &
244 542 104 58 non
303 542 104 58 est
362 542 119 58 esse
437 542 133 58 ipsum
526 542 119 58 siue
600 542 104 58 ens
659 542 104 58 per
718 542 193 58 essentiam
867 542 119 58 siue
941 542 89 58 ex
985 542 104 58 se:
1045 542 104 58 est
1104 542 104 58 ens
1163 542 74 58 &
1193 542 133 58 habet
1282 542 119 58 esse
1356 542 104 58 per
1415 542 297 58 participationem:
1668 542 133 58 sicut
1757 542 119 58 quod
1816 542 74 58 est

128 592 176 61 calidum
256 592 80 61 &
288 592 112 61 non
352 592 112 61 est
416 592 176 61 calidum
543 592 112 61 per
607 592 224 61 essentiam:
783 592 112 61 est
847 592 176 61 calidum
975 592 112 61 per
1038 592 319 61 participationem,
1310 592 144 61 quare
1406 592 112 61 cum
1470 592 128 61 deus
1550 592 144 61 habet
1645 592 144 61 esse,
1741 592 96 61 vt
1773 592 112 61 proba

128 644 115 67 tum
193 644 115 67 est
259 644 165 67 supra:
374 644 82 67 &
407 644 115 67 non
473 644 148 67 habet
572 644 132 67 esse
654 644 115 67 nec
720 644 115 67 est
786 644 115 67 ens
851 644 115 67 per
917 644 329 67 participationem:
1197 644 132 67 quia
1279 644 132 67 tunc
1362 644 181 67 haberet
1493 644 132 67 esse
1575 644 99 67 ab
1625 644 148 67 alio:
1723 644 132 67 quia
1789 644 99 67 omne

137 711 246 57 participatum
336 711 199 57 reducitur
490 711 92 57 ad
536 711 138 57 illud
628 711 123 57 quod
704 711 107 57 est
766 711 107 57 per
827 711 215 57 essentiam:
996 711 77 57 a
1027 711 107 57 quo
1088 711 261 57 participatur,
1303 711 92 57 vt
1349 711 138 57 infra
1441 711 261 57 declarabitur:
1656 711 107 57 est
1717 711 123 57 ergo
1794 711 107 57 ens
1840 711 46 57 &

132 754 151 58 habet
233 754 134 58 esse
317 754 118 58 per
384 754 235 58 essentiam.
569 754 134 58 tale
653 754 151 58 autem
754 754 118 58 est
821 754 151 58 ipsum
922 754 134 58 suum
1006 754 151 58 esse:
1106 754 84 58 &
1140 754 118 58 est
1207 754 202 58 essentia
1358 754 134 58 eius
1442 754 151 58 ipsum
1543 754 134 58 esse
1627 754 151 58 suum.
1728 754 134 58 ergo
1795 754 84 58 &c.

123 811 91 74 ⁋
159 811 218 74 Dicendum
322 811 109 74 ad
377 811 127 74 hoc
449 811 218 74 secundum
613 811 254 74 praedicta:
812 811 145 74 quod
903 811 199 74 quamuis
1048 811 127 74 ens
1120 811 145 74 quod
1211 811 254 74 significat
1410 811 236 74 essentiam
1592 811 127 74 rei
1664 811 145 74 cone
1755 811 127 74 sit
1809 811 73 74 ad

129 870 111 63 ens
192 870 142 63 actum
287 870 79 63 &
319 870 111 63 ens
382 870 206 63 potentia:
540 870 79 63 &
572 870 95 63 ad
619 870 111 63 ens
683 870 142 63 verum
777 870 126 63 quod
856 870 111 63 est
920 870 95 63 in
967 870 158 63 anima:
1078 870 79 63 &
1109 870 142 63 verum
1204 870 111 63 est
1267 870 126 63 quod
1346 870 79 63 a
1378 870 190 63 quolibet
1520 870 126 63 modo
1599 870 142 63 entis
1694 870 111 63 res
1742 870 142 63 dicitur

121 922 152 59 aliquo
227 922 121 59 modo
303 922 136 59 esse:
394 922 121 59 esse
469 922 136 59 tamen
560 922 227 59 simpliciter
742 922 76 59 &
773 922 182 59 absolute
909 922 106 59 non
970 922 167 59 dicitur
1091 922 106 59 res
1151 922 152 59 aliqua
1258 922 121 59 nisi
1333 922 91 59 ab
1379 922 91 59 eo
1424 922 121 59 quod
1500 922 106 59 est
1561 922 106 59 ens
1621 922 136 59 exins
1712 922 91 59 in
1743 922 136 59 effectu

123 979 92 61 in
169 979 137 61 rerum
260 979 168 61 natura.
382 979 107 61 Non
443 979 122 61 enim
520 979 168 61 dicitur
642 979 168 61 aliquid
764 979 122 61 esse
841 979 229 61 simpliciter
1024 979 76 61 &
1054 979 183 61 absolnte
1192 979 168 61 propter
1314 979 107 61 ens
1375 979 229 61 simpliciter
1558 979 168 61 dictum,
1680 979 122 61 quod
1742 979 137 61 sequtur

124 1026 189 63 essentiam
270 1026 102 63 rei
328 1026 87 63 vt
371 1026 174 63 essentia
502 1026 102 63 est
560 1026 87 63 in
603 1026 87 63 re
647 1026 160 63 creata:
763 1026 116 63 quod
835 1026 174 63 convenit
966 1026 87 63 ei
1010 1026 87 63 ex
1053 1026 102 63 hoc
1111 1026 116 63 quod
1184 1026 160 63 ratione
1300 1026 203 63 exemplaris
1459 1026 116 63 quod
1532 1026 131 63 habet
1619 1026 87 63 in
1662 1026 116 63 deo,
1735 1026 174 63 secundum

119 1087 122 59 quam
195 1087 122 59 nata
271 1087 107 59 est
333 1087 76 59 a
363 1087 107 59 deo
424 1087 168 59 produci
546 1087 92 59 in
592 1087 183 59 effectu,
730 1087 122 59 ipsa
806 1087 92 59 in
852 1087 92 59 se
897 1087 107 59 est
959 1087 153 59 natura
1065 1087 76 59 &
1096 1087 183 59 essentia
1233 1087 168 59 quaedam
1356 1087 122 59 quae
1432 1087 122 59 nata
1508 1087 107 59 est
1569 1087 153 59 habere
1676 1087 122 59 esse
1753 1087 92 59 in
1783 1087 107 59 intel

113 1143 147 66 lectu
211 1143 82 66 &
243 1143 130 66 eius
325 1143 294 66 apprehensione,
569 1143 130 66 etsi
651 1143 147 66 nullo
749 1143 130 66 modo
830 1143 163 66 habeat
944 1143 130 66 esse
1026 1143 98 66 in
1075 1143 98 66 re
1124 1143 163 66 extra.
1238 1143 114 66 Non
1303 1143 130 66 enim
1385 1143 179 66 propter
1515 1143 130 66 esse
1597 1143 130 66 quod
1678 1143 147 66 habet
1776 1143 98 66 in
1808 1143 82 66 po-

124 1191 146 67 tentia
227 1191 176 67 materiae
359 1191 103 67 vel
417 1191 234 67 efficientis,
608 1191 161 67 dicitur
725 1191 103 67 res
783 1191 117 67 vlla
857 1191 132 67 esse:
945 1191 103 67 sed
1003 1191 132 67 solum
1091 1191 161 67 propter
1208 1191 117 67 esse
1281 1191 117 67 quod
1355 1191 176 67 convenit
1487 1191 117 67 ipsi
1560 1191 88 67 in
1604 1191 176 67 effectu:
1736 1191 117 67 tunc
1794 1191 88 67 enim

129 1242 125 63 vere
207 1242 109 63 res
270 1242 171 63 dicitur
394 1242 125 63 esse
472 1242 156 63 quando
581 1242 109 63 est
644 1242 93 63 in
690 1242 140 63 rerum
784 1242 156 63 natura
893 1242 187 63 existens
1033 1242 93 63 in
1080 1242 187 63 effectu.
1220 1242 93 63 Et
1267 1242 125 63 nota
1345 1242 125 63 quod
1423 1242 140 63 istum
1516 1242 140 63 verum
1610 1242 140 63 modum
1703 1242 171 63 essendi
1812 1242 78 63 ali

120 1301 112 65 ter
184 1301 144 65 habet
280 1301 208 65 creatura:
439 1301 160 65 aliter
551 1301 192 65 creator.
695 1301 192 65 creatura
839 1301 128 65 enim
919 1301 160 65 nomine
1030 1301 112 65 suo
1094 1301 144 65 dicit
1190 1301 176 65 naturam
1318 1301 80 65 &
1350 1301 112 65 rem
1414 1301 192 65 alicuius
1558 1301 288 65 praedicamenti,
1781 1301 96 65 quae

124 1354 88 58 de
168 1354 88 58 se
212 1354 73 58 &
242 1354 161 58 ratione
359 1354 103 58 sua
417 1354 103 58 non
476 1354 132 58 habet
564 1354 117 58 esse
637 1354 88 58 in
681 1354 176 58 effectu:
813 1354 103 58 sed
871 1354 117 58 quae
945 1354 190 58 solummodo
1091 1354 103 58 per
1150 1354 132 58 agens
1238 1354 117 58 nata
1311 1354 103 58 est
1369 1354 176 58 recipere
1501 1354 117 58 esse
1574 1354 132 58 tale:
1662 1354 73 58 &
1692 1354 103 58 hoc
1736 1354 146 58 vniversa

128 1408 114 68 per
193 1408 146 68 agens
290 1408 195 68 naturale
436 1408 97 68 ex
485 1408 179 68 materia
615 1408 244 68 praecedente
810 1408 227 68 producendo
989 1408 162 68 formam
1102 1408 97 68 de
1151 1408 195 68 potentia
1297 1408 97 68 in
1346 1408 162 68 actum:
1460 1408 114 68 vel
1525 1408 114 68 per
1590 1408 146 68 agens
1671 1408 211 68 supernatura

116 1460 89 68 le
161 1460 209 68 producendo
325 1460 104 68 rem
384 1460 89 68 de
429 1460 149 68 nihilo
533 1460 119 68 quae
608 1460 134 68 prius
697 1460 119 68 esse
772 1460 104 68 non
832 1460 149 68 habuit
936 1460 89 68 in
981 1460 179 68 potentia
1115 1460 194 68 materiae:
1264 1460 104 68 sed
1324 1460 134 68 solum
1413 1460 89 68 in
1458 1460 179 68 potentia
1592 1460 239 68 efficientis,
1786 1460 89 68 vt
1815 1460 75 68 sic

123 1516 150 61 nulli
223 1516 166 61 creato
340 1516 100 61 ex
390 1516 166 61 natura
506 1516 116 61 sua
573 1516 283 61 quantuncumque
806 1516 183 61 formali
939 1516 216 61 conveniat
1105 1516 133 61 esse
1188 1516 100 61 in
1238 1516 150 61 actu:
1338 1516 116 61 sed
1404 1516 216 61 solummodo
1571 1516 216 61 inquantum
1737 1516 116 61 est
1787 1516 100 61 effe

123 1566 121 70 ctus
199 1566 121 70 suae
274 1566 151 70 causae
380 1566 242 70 efficientis,
577 1566 76 70 &
607 1566 151 70 maxime
713 1566 167 70 primae,
834 1566 76 70 a
865 1566 106 70 qua
925 1566 106 70 est
986 1566 121 70 esse
1061 1566 212 70 participat
1228 1566 121 70 suae
1304 1566 212 70 essentiae,
1470 1566 91 70 vt
1516 1566 151 70 dictum
1622 1566 106 70 est
1682 1566 151 70 supra.
1788 1566 121 70 Quod

120 1621 132 59 etiam
208 1621 205 59 Philosophi
369 1621 117 59 bene
442 1621 249 59 consenserunt:
647 1621 117 59 nisi
720 1621 117 59 quod
793 1621 176 59 dicebant
925 1621 117 59 quod
998 1621 161 59 quaedam
1115 1621 190 59 huiusmodi
1262 1621 220 59 substantiae
1437 1621 88 59 de
1481 1621 220 59 necessitate
1657 1621 146 59 semper
1759 1621 117 59 sunt
1818 1621 73 59 con

128 1672 162 60 iunctae
246 1672 147 60 causae
349 1672 221 60 efficienti:
526 1672 74 60 &
556 1672 88 60 ei
600 1672 221 60 coaeternae:
777 1672 103 60 non
836 1672 177 60 habentes
968 1672 88 60 ex
1012 1672 88 60 se
1057 1672 103 60 non
1116 1672 133 60 esse:
1204 1672 103 60 sed
1263 1672 133 60 solum
1351 1672 133 60 esse:
1440 1672 133 60 licet
1528 1672 88 60 ab
1573 1672 133 60 alio:
1661 1672 74 60 &
1690 1672 103 60 hoc
1749 1672 88 60 in
1779 1672 103 60 diuer

128 1725 156 61 sitate
238 1725 250 61 substantiae:
441 1725 94 61 ad
487 1725 140 61 modum
581 1725 109 61 quo
643 1725 109 61 nos
706 1725 172 61 dicimus
831 1725 94 61 in
878 1725 172 61 diuinis
1002 1725 125 61 quod
1080 1725 156 61 filius
1190 1725 140 61 habet
1283 1725 125 61 esse
1361 1725 78 61 a
1393 1725 156 61 patre.
1502 1725 109 61 Non
1564 1725 140 61 tamen
1658 1725 94 61 ex
1705 1725 94 61 se
1752 1725 140 61 habet
1830 1725 62 61 vl

129 1779 90 66 lo
174 1779 120 66 modo
249 1779 105 66 non
310 1779 135 66 esse:
400 1779 135 66 neque
490 1779 196 66 potentiam
641 1779 90 66 ad
686 1779 151 66 ipsum.
791 1779 181 66 secundum
927 1779 120 66 quod
1002 1779 181 66 inferius
1137 1779 166 66 amplius
1258 1779 256 66 declarabitur:
1469 1779 75 66 &
1499 1779 181 66 secundum
1634 1779 120 66 quod
1709 1779 90 66 in
1755 1779 135 66 parte
1830 1779 60 66 di

132 1831 105 59 cit
192 1831 164 59 Auicen.
311 1831 90 59 in
356 1831 105 59 vi.
416 1831 134 59 meta.
505 1831 134 59 suae.
595 1831 105 59 sic
655 1831 194 59 inquiens.
804 1831 149 59 Causae
908 1831 224 59 essentiales
1088 1831 105 59 rei
1147 1831 105 59 per
1207 1831 119 59 quas
1282 1831 105 59 est
1341 1831 119 59 esse
1416 1831 105 59 rei
1476 1831 90 59 in
1521 1831 179 59 effectu:
1655 1831 164 59 necesse
1774 1831 105 59 est
1819 1831 60 59 vt

125 1883 125 62 sint
204 1883 110 62 cum
266 1883 110 62 ea.
329 1883 188 62 Postquam
470 1883 141 62 autem
564 1883 110 62 hoc
627 1883 110 62 ita
689 1883 125 62 est,
768 1883 125 62 tunc
846 1883 110 62 cum
909 1883 157 62 aliqua
1018 1883 94 62 ex
1065 1883 141 62 rebus
1159 1883 110 62 per
1222 1883 204 62 essentiam
1379 1883 125 62 suam
1457 1883 157 62 fuerit
1567 1883 141 62 causa
1661 1883 125 62 esse
1723 1883 157 62 alterius

129 1936 117 72 rei,
202 1936 175 72 profecto
334 1936 146 72 semper
436 1936 117 72 erit
508 1936 146 72 causa.
611 1936 102 72 Res
669 1936 117 72 ergo
742 1936 190 72 huiusmodi
888 1936 160 72 omnibus
1004 1936 146 72 cantis
1106 1936 102 72 est
1165 1936 160 72 dignior
1281 1936 87 72 in
1325 1936 219 72 causalitate
1500 1936 87 72 eo
1544 1936 117 72 quod
1617 1936 175 72 absolute
1733 1936 146 72 prohibet

123 1997 113 63 rem
187 1997 113 63 non
252 1997 145 63 esse.
349 1997 97 63 Et
397 1997 129 63 haec
478 1997 113 63 est
542 1997 193 63 intentio
687 1997 129 63 quae
768 1997 129 63 apud
848 1997 210 63 sapientes
1010 1997 177 63 vocatur
1138 1997 193 63 creatio:
1284 1997 129 63 quod
1364 1997 113 63 est
1429 1997 129 63 dare
1509 1997 113 63 rei
1574 1997 129 63 esse
1654 1997 129 63 post
1735 1997 113 63 non
1783 1997 97 63 esse

120 2052 212 65 absolute
279 2052 212 65 causatum
438 2052 141 65 enim
526 2052 194 65 quantum
668 2052 124 65 est
738 2052 106 65 in
791 2052 124 65 se,
862 2052 124 65 est
933 2052 106 65 vt
986 2052 124 65 non
1056 2052 141 65 sit:
1144 2052 194 65 quantum
1286 2052 141 65 vero
1374 2052 106 65 ad
1427 2052 177 65 causam
1551 2052 141 65 suam
1639 2052 124 65 est
1709 2052 106 65 ei
1762 2052 106 65 vt
1798 2052 88 65 sit

133 2101 130 64 Quod
214 2101 146 64 autem
311 2101 114 64 est
376 2101 114 64 rei
441 2101 97 64 ex
490 2101 162 64 seipsa
604 2101 130 64 apud
685 2101 260 64 intellectum,
896 2101 146 64 prius
993 2101 114 64 est
1058 2101 114 64 per
1123 2101 211 64 essentiam
1285 2101 114 64 non
1350 2101 179 64 tempore
1480 2101 97 64 eo
1529 2101 130 64 quod
1610 2101 114 64 est
1675 2101 97 64 ei
1724 2101 97 64 ex
1772 2101 130 64 alio
1837 2101 49 64 a

122 2156 121 72 se.
191 2156 173 72 lgitur
312 2156 139 72 esse
399 2156 191 72 creatum
538 2156 121 72 est
607 2156 139 72 post
694 2156 121 72 non
763 2156 139 72 esse
850 2156 260 72 posteritate
1058 2156 243 72 essentiae.
1249 2156 104 72 Si
1301 2156 156 72 autem
1405 2156 226 72 laxauerit
1579 2156 156 72 nomen
1665 2156 226 72 inceptionis

119 2208 153 57 tunc
215 2208 153 57 omne
310 2208 211 57 creatum
463 2208 153 57 erit
559 2208 268 57 incipiens.
770 2208 134 57 Per
846 2208 153 57 hunc
942 2208 153 57 ergo
1038 2208 172 57 modum
1153 2208 153 57 esse
1248 2208 172 57 verum
1363 2208 115 57 in
1421 2208 153 57 actu
1516 2208 172 57 habet
1631 2208 172 57 omnis
1727 2208 153 57 creatu

128 2260 94 63 ra
175 2260 94 63 ab
222 2260 141 63 alio,
316 2260 125 63 siue
394 2260 156 63 habeat
504 2260 141 63 illud
598 2260 94 63 ab
644 2260 172 63 aeterno
770 2260 125 63 siue
848 2260 125 63 non:
926 2260 78 63 &
957 2260 109 63 sic
1020 2260 125 63 esse
1098 2260 94 63 in
1145 2260 125 63 actu
1223 2260 219 63 acquiritur
1395 2260 203 63 essentiae
1552 2260 141 63 eius,
1645 2260 125 63 quod
1724 2260 94 63 de
1771 2260 94 63 se
1802 2260 78 63 non

124 2312 160 68 habet
231 2312 250 68 formaliter
427 2312 143 68 nisi
516 2312 214 68 recipiat
677 2312 107 68 ab
730 2312 178 68 agente
855 2312 178 68 ipsam.
980 2312 107 68 Et
1033 2312 160 68 etiam
1140 2312 107 68 in
1194 2312 143 68 omni
1283 2312 214 68 creatura
1443 2312 232 68 differunt
1622 2312 160 68 esse:
1729 2312 89 68 &
1746 2312 143 68 essen-

119 2372 136 61 tia:
204 2372 85 61 &
238 2372 119 61 est
306 2372 136 61 alia
391 2372 153 61 ratio
493 2372 170 61 ipsius
612 2372 153 61 esse:
714 2372 136 61 alia
799 2372 136 61 vero
884 2372 170 61 ipsius
1003 2372 238 61 essentiae.
1189 2372 119 61 Non
1257 2372 153 61 autem
1359 2372 153 61 solum
1461 2372 170 61 ipsius
1580 2372 136 61 esse
1648 2372 238 61 existentiae,

121 2419 105 60 de
174 2419 123 60 qua
244 2419 193 60 planius
384 2419 140 60 est:
472 2419 140 60 quia
559 2419 158 60 illud
664 2419 193 60 recipit
804 2419 140 60 ipsa
892 2419 105 60 de
944 2419 140 60 nouo
1032 2419 88 60 &
1067 2419 105 60 ex
1120 2419 210 60 tempore.
1277 2419 105 60 Ex
1330 2419 123 60 quo
1400 2419 158 60 patet
1505 2419 140 60 quod
1592 2419 158 60 licet
1697 2419 105 60 vt
1732 2419 158 60 praedi-

130 2476 133 68 ctum
213 2476 133 68 est,
296 2476 133 68 esse
379 2476 249 68 existentiae
579 2476 116 68 rei
645 2476 116 68 non
711 2476 149 68 addat
811 2476 149 68 aliud
911 2476 100 68 re
960 2476 149 68 super
1060 2476 149 68 ipsam
1160 2476 232 68 essentiam:
1342 2476 133 68 quod
1425 2476 149 68 tamen
1525 2476 116 68 sit
1591 2476 166 68 omnino
1707 2476 133 68 alia
1774 2476 116 68 inten

123 2529 115 60 tio
188 2529 164 60 ipsius
303 2529 229 60 essentiae:
483 2529 82 60 &
516 2529 131 60 esse
597 2529 246 60 existentiae
794 2529 147 60 eius.
892 2529 98 60 Et
941 2529 115 60 non
1007 2529 147 60 solum
1105 2529 131 60 alia
1187 2529 115 60 est
1252 2529 147 60 ratio
1351 2529 131 60 esse
1433 2529 246 60 existentiae
1629 2529 82 60 &
1662 2529 164 60 ipsius
1760 2529 131 60 essen-

134 2581 147 69 tiae:
232 2581 115 69 sed
297 2581 147 69 etiam
396 2581 131 69 esse
478 2581 213 69 essentiae
642 2581 82 69 &
674 2581 164 69 ipsius
789 2581 229 69 essentiae:
969 2581 147 69 licet
1068 2581 115 69 non
1133 2581 115 69 sit
1199 2581 115 69 ita
1264 2581 180 69 clarum.
1395 2581 82 69 ⁋
1428 2581 98 69 Ad
1477 2581 147 69 cuius
1576 2581 246 69 intellectum
1756 2581 131 69 scien-

133 2639 117 64 dum:
207 2639 117 64 quod
280 2639 117 64 alia
353 2639 103 64 est
412 2639 132 64 ratio
500 2639 205 64 cuiuslibet
661 2639 103 64 rei
719 2639 161 64 creatae
836 2639 88 64 vt
880 2639 103 64 res
939 2639 103 64 est
998 2639 73 64 a
1027 2639 117 64 reor
1100 2639 132 64 reris
1188 2639 146 64 dicta,
1290 2639 117 64 quam
1364 2639 146 64 ipsius
1466 2639 117 64 esse
1539 2639 190 64 essentiae
1686 2639 117 64 quod
1745 2639 146 64 convenit

136 2688 102 70 ei
187 2688 102 70 ex
238 2688 102 70 eo
289 2688 136 70 quod
374 2688 119 70 est
442 2688 170 70 natura
561 2688 85 70 &
595 2688 204 70 essentia
748 2688 204 70 quaedam:
901 2688 85 70 &
935 2688 119 70 res
1003 2688 85 70 a
1036 2688 238 70 ratitudine
1223 2688 170 70 dicta:
1342 2688 85 70 &
1376 2688 119 70 hoc
1444 2688 102 70 ex
1495 2688 102 70 eo
1546 2688 136 70 quod
1631 2688 153 70 habet
1716 2688 170 70 rationem

126 2742 238 59 exemplaris
313 2742 102 59 in
364 2742 136 59 deo:
448 2742 102 59 vt
499 2742 153 59 saepe
601 2742 170 59 dictum
720 2742 136 59 est.
805 2742 187 59 Dicitur
941 2742 136 59 enim
1025 2742 153 59 omnis
1127 2742 204 59 creatura
1280 2742 119 59 res
1348 2742 204 59 absolute
1501 2742 102 59 ex
1552 2742 119 59 hoc
1619 2742 136 59 quod
1704 2742 102 59 de
1755 2742 102 59 se
1806 2742 119 59 di-

123 2796 125 72 cit
195 2796 196 72 aliquid
337 2796 107 72 de
391 2796 125 72 quo
462 2796 178 72 saltem
587 2796 161 72 natus
694 2796 125 72 est
765 2796 196 72 formari
908 2796 232 72 conceptus
1086 2796 232 72 aliqualis
1265 2796 107 72 in
1318 2796 178 72 anima.
1443 2796 196 72 Dicitur
1586 2796 161 72 autem
1693 2796 214 72 essentia
1835 2796 54 72 &

125 2854 152 66 natura
231 2854 167 66 quaedam
352 2854 91 66 ex
398 2854 91 66 eo
443 2854 121 66 quod
519 2854 137 66 habet
610 2854 91 66 in
656 2854 152 66 diuino
762 2854 121 66 esse
838 2854 182 66 rationem
975 2854 228 66 exemplaris:
1157 2854 182 66 secundum
1293 2854 121 66 quam
1369 2854 121 66 nata
1445 2854 106 66 est
1506 2854 167 66 produci
1627 2854 91 66 in
1673 2854 167 66 actuali
1779 2854 106 66 esse:

134 2905 79 68 a
166 2905 110 68 quo
229 2905 189 68 conuenit
371 2905 95 68 ei
418 2905 126 68 esse
497 2905 221 68 essentiae.
670 2905 126 68 vnde
749 2905 95 68 vt
796 2905 158 68 dictum
906 2905 110 68 est
969 2905 158 68 supra:
1080 2905 126 68 quod
1158 2905 142 68 talem
1253 2905 189 68 rationem
1395 2905 221 68 exemplarem
1568 2905 95 68 in
1615 2905 110 68 deo
1678 2905 110 68 non
1741 2905 142 68 habet
1820 2905 63 68 pu

126 2959 107 57 rum
187 2959 137 57 nihil
278 2959 107 57 est
339 2959 91 57 in
384 2959 152 57 natura
491 2959 76 57 &
521 2959 198 57 essentia:
674 2959 107 57 nec
734 2959 107 57 est
795 2959 107 57 res
856 2959 183 57 alicuius
993 2959 259 57 praedicamenti
1206 2959 107 57 nec
1267 2959 198 57 possibile
1419 2959 137 57 fieri
1511 2959 91 57 in
1556 2959 183 57 effectu:
1693 2959 122 57 quia
1769 2959 122 57 deus
1830 2959 61 57 ni

121 3017 112 56 hil
185 3017 159 56 potest
296 3017 159 56 facere
408 3017 96 56 in
456 3017 175 56 effectu
583 3017 144 56 cuius
679 3017 191 56 rationem
823 3017 223 56 exemplarem
998 3017 96 56 in
1046 3017 96 56 se
1094 3017 112 56 non
1158 3017 144 56 habet
1253 3017 96 56 vt
1301 3017 112 56 sit
1365 3017 96 56 in
1413 3017 191 56 qualibet
1556 3017 207 56 creatura.
1716 3017 128 56 Alia
1779 3017 112 56 inten

122 3064 111 59 tio
186 3064 127 59 quae
265 3064 175 59 dicitur
393 3064 111 59 res
457 3064 191 59 absolute
600 3064 80 59 a
632 3064 127 59 reor
711 3064 159 59 reris,
823 3064 127 59 quam
903 3064 143 59 habet
998 3064 96 59 ex
1046 3064 111 59 hoc
1110 3064 127 59 solo
1189 3064 127 59 quod
1269 3064 96 59 de
1317 3064 96 59 se
1364 3064 159 59 potest
1476 3064 175 59 formari
1603 3064 207 59 conceptus
1747 3064 143 59 aliquis

132 3117 99 58 in
181 3117 164 58 anima,
296 3117 115 58 nec
362 3117 230 58 determinat
543 3117 132 58 ista
625 3117 115 58 rei
691 3117 197 58 intentio
839 3117 132 58 quod
921 3117 132 58 ipsa
1003 3117 115 58 sit
1069 3117 197 58 essentia
1217 3117 181 58 quaedam
1348 3117 99 58 in
1398 3117 115 58 deo
1463 3117 230 58 exemplata:
1644 3117 115 58 sed
1710 3117 115 58 per
1759 3117 132 58 indif-

130 3170 229 65 ferentiam
306 3170 106 65 se
359 3170 158 65 habet
465 3170 106 65 ad
518 3170 123 65 hoc
588 3170 88 65 &
623 3170 106 65 ad
676 3170 141 65 suum
764 3170 264 65 contrarium.
975 3170 106 65 Et
1028 3170 141 65 ideo
1116 3170 123 65 est
1187 3170 141 65 alia
1275 3170 211 65 intentio
1433 3170 158 65 circa
1539 3170 141 65 idem
1627 3170 123 65 qua
1697 3170 123 65 est
1750 3170 141 65 natura

128 3225 79 82 &
160 3225 189 82 essentia
301 3225 173 82 quaedam
427 3225 79 82 a
459 3225 110 82 qua
522 3225 189 82 convenit
663 3225 94 82 ei
711 3225 126 82 esse
789 3225 220 82 essentiae:
962 3225 94 82 vt
1010 3225 94 82 ex
1057 3225 94 82 eo
1104 3225 126 82 quod
1183 3225 110 82 est
1246 3225 110 82 res
1309 3225 189 82 absolute
1450 3225 110 82 nec
1513 3225 126 82 esse
1592 3225 205 82 essentiae
1749 3225 94 82 ei
1781 3225 110 82 conve
