2338 3762
470 300 151 72 niat,
571 300 117 72 sed
638 300 151 72 solum
738 300 100 72 ex
788 300 100 72 eo
838 300 134 72 quod
922 300 117 72 est
989 300 167 72 natura
1106 300 84 72 &
1140 300 201 72 essentia
1290 300 184 72 quaedam
1424 300 100 72 vt
1474 300 167 72 dictum
1591 300 134 72 est.
1675 300 134 72 Quia
1759 300 151 72 tamen
1859 300 117 72 res
1926 300 100 72 ab
1976 300 151 72 eodem
2060 300 167 72 respectu

467 363 127 63 habet
552 363 113 63 quod
622 363 99 63 sit
679 363 85 63 in
721 363 85 63 se
764 363 170 63 essentia
891 363 71 63 &
919 363 141 63 natura
1018 363 170 63 quaedam,
1145 363 71 63 &
1173 363 113 63 quod
1244 363 184 63 conveniat
1385 363 85 63 ei
1428 363 113 63 esse
1498 363 184 63 essentiae
1640 363 170 63 scilicet
1767 363 85 63 ex
1809 363 170 63 respectu
1936 363 85 63 ad
1979 363 170 63 rationem
2092 363 127 63 diuinis

458 414 240 65 exemplaris:
650 414 96 65 vt
698 414 112 65 non
762 414 96 65 de
810 414 128 65 nouo
890 414 128 65 ipsi
969 414 208 65 essentiae
1129 414 192 65 adueniat
1273 414 128 65 suum
1353 414 128 65 esse
1433 414 192 65 proprium
1577 414 128 65 quod
1657 414 176 65 dicitur
1785 414 128 65 esse
1864 414 224 65 essentiae:
2040 414 144 65 sicut
2136 414 96 65 ei
2168 414 64 65 de

465 473 122 63 nouo
541 473 168 63 aduenit
663 473 122 63 esse
739 473 244 63 existentiae,
938 473 107 63 non
999 473 107 63 est
1060 473 107 63 ita
1121 473 153 63 planum
1227 473 122 63 quod
1304 473 122 63 esse
1380 473 198 63 essentiae
1533 473 107 63 sit
1594 473 122 63 alia
1670 473 183 63 intentio
1807 473 92 63 ab
1853 473 214 63 intentione
2021 473 153 63 ipsius
2112 473 107 63 essen

468 520 135 63 tiae,
558 520 90 63 vt
603 520 135 63 licet
694 520 135 63 nulla
784 520 181 63 creatura
919 520 150 63 possit
1025 520 120 63 dici
1100 520 120 63 quod
1175 520 105 63 sit
1235 520 120 63 esse
1310 520 120 63 suae
1386 520 241 63 existentiae,
1581 520 196 63 videretur
1732 520 150 63 alicui
1837 520 120 63 quod
1912 520 150 63 possit
2017 520 120 63 dici
2093 520 120 63 quod
2153 520 75 63 sit

465 580 119 63 suum
539 580 119 63 esse
614 580 208 63 essentiae,
777 580 89 63 vt
822 580 134 63 sicut
911 580 119 63 deus
985 580 104 63 sit
1044 580 119 63 suum
1119 580 119 63 esse
1193 580 193 63 essentiae
1342 580 104 63 non
1401 580 253 63 participatum,
1609 580 104 63 sic
1668 580 178 63 creatura
1802 580 104 63 sit
1861 580 119 63 suum
1936 580 119 63 esse
2010 580 193 63 essentiae
2144 580 74 63 par

463 630 250 69 ticipatum.
659 630 107 69 Ex
713 630 125 69 quo
784 630 143 69 enim
874 630 125 69 res
945 630 161 69 habet
1052 630 214 69 rationem
1213 630 250 69 exemplarem
1409 630 107 69 in
1463 630 143 69 deo,
1552 630 125 69 non
1623 630 178 69 potest
1748 630 143 69 esse
1837 630 143 69 quin
1927 630 107 69 in
1980 630 107 69 se
2034 630 125 69 sit
2087 630 143 69 natura

466 687 85 65 &
500 687 204 65 essentia
653 687 187 65 quaedam
788 687 254 65 participans
992 687 136 65 esse
1077 687 237 65 essentiae.
1263 687 119 65 Sed
1331 687 153 65 tamen
1433 687 187 65 oportet
1569 687 237 65 aduertere,
1755 687 136 65 quod
1840 687 153 65 licet
1942 687 187 65 propter
2060 687 170 65 identita

467 741 118 63 tem
535 741 118 63 rei
602 741 168 63 ipsius
720 741 219 63 essentiae
888 741 84 63 &
922 741 135 63 esse
1006 741 135 63 eius
1090 741 135 63 quia
1174 741 152 63 nihil
1275 741 152 63 aliud
1376 741 101 63 re
1427 741 152 63 addit
1528 741 152 63 ipsi,
1629 741 84 63 &
1662 741 185 63 propter
1797 741 286 63 inseparabilem
2016 741 202 63 concomitam

470 789 139 71 tiam
557 789 209 71 rationis
714 789 244 71 vtriusque,
905 789 209 71 secundum
1062 789 139 71 quod
1149 789 174 71 dictum
1271 789 139 71 est,
1359 789 174 71 posset
1481 789 174 71 aliquo
1603 789 139 71 modo
1690 789 192 71 concedi
1829 789 139 71 quod
1916 789 105 71 in
1969 789 227 71 creaturis
2125 789 105 71 ipsa

474 847 206 63 essentia
629 847 120 63 sit
697 847 155 63 ipsum
801 847 138 63 esse
887 847 155 63 eius,
990 847 206 63 loquendo
1145 847 103 63 de
1197 847 138 63 esse
1283 847 224 63 essentiae
1455 847 206 63 secundum
1610 847 138 63 quod
1696 847 258 63 exposuimus,
1902 847 103 63 in
1954 847 224 63 quibusdam
2109 847 120 63 quae-

462 897 230 69 stionibus
639 897 194 69 nostris
780 897 106 69 de
833 897 230 69 quolibet:
1010 897 141 69 quia
1098 897 159 69 tamen
1204 897 212 69 essentia
1363 897 106 69 in
1416 897 212 69 creatura
1575 897 124 69 non
1646 897 177 69 potest
1770 897 141 69 esse
1858 897 159 69 actus
1964 897 159 69 purus
2070 897 106 69 vt
2105 897 124 69 ratio

472 946 224 71 essentiae
644 946 121 71 sit
713 946 155 71 ratio
817 946 155 71 actus
920 946 138 71 siue
1006 946 259 71 operationis
1213 946 155 71 eius,
1316 946 138 71 immo
1403 946 293 71 quantuncumque
1644 946 138 71 sunt
1730 946 138 71 idem
1816 946 103 71 re
1868 946 86 71 &
1902 946 138 71 sese
1971 946 259 71 concomitantur

461 1002 99 63 in
511 1002 199 63 creatura
660 1002 199 63 essentia
809 1002 83 63 &
842 1002 149 63 actus
941 1002 132 63 siue
1024 1002 132 63 eius
1107 1002 182 63 propria
1239 1002 215 63 operatio,
1405 1002 166 63 semper
1521 1002 149 63 tamen
1620 1002 132 63 sunt
1703 1002 215 63 oppositae
1868 1002 199 63 rationes
2017 1002 215 63 essentiae
2166 1002 50 63 &

465 1059 174 69 actus,
586 1059 122 69 qui
656 1059 122 69 est
726 1059 139 69 eius
813 1059 191 69 propria
952 1059 226 69 operatio:
1126 1059 122 69 ita
1195 1059 139 69 quod
1282 1059 157 69 nomen
1387 1059 226 69 impositum
1561 1059 87 69 a
1596 1059 191 69 ratione
1735 1059 157 69 actus
1839 1059 244 69 praedicari
2031 1059 122 69 non
2083 1059 139 69 possit

459 1109 181 61 omnino
586 1109 127 61 per
658 1109 272 61 identitatem
875 1109 109 61 de
930 1109 109 61 eo
984 1109 181 61 nomine
1111 1109 145 61 quod
1201 1109 235 61 imponitur
1382 1109 91 61 a
1418 1109 199 61 ratione
1563 1109 253 61 essentiae,
1762 1109 163 61 licet
1871 1109 181 61 igitur
1998 1109 109 61 in
2034 1109 181 61 creatura

472 1166 133 63 idem
556 1166 133 63 sint
639 1166 166 63 omnino
755 1166 100 63 re
805 1166 83 63 &
838 1166 133 63 sese
921 1166 283 63 concomitantia
1154 1166 200 63 essentia
1304 1166 83 63 &
1337 1166 150 63 esse,
1437 1166 100 63 vt
1487 1166 116 63 non
1553 1166 116 63 sit
1620 1166 200 63 essentia
1769 1166 133 63 sine
1852 1166 116 63 suo
1919 1166 183 63 proprio
2052 1166 150 63 esse:
2135 1166 83 63 si-

469 1218 120 69 cut
538 1218 103 69 se
589 1218 155 69 habet
692 1218 120 69 lux
761 1218 86 69 &
796 1218 189 69 lucere,
933 1218 138 69 vita
1019 1218 86 69 &
1054 1218 189 69 viuere:
1192 1218 189 69 propter
1329 1218 224 69 oppositas
1501 1218 155 69 tamen
1605 1218 206 69 rationes
1759 1218 224 69 essentiae
1931 1218 86 69 &
1966 1218 155 69 actus
2069 1218 138 69 eius
2155 1218 103 69 in

471 1268 221 65 creatura,
641 1268 255 65 simpliciter
845 1268 85 65 &
879 1268 204 65 absolute
1032 1268 204 65 dicendum
1185 1268 136 65 quod
1270 1268 102 65 in
1321 1268 204 65 creatura
1474 1268 119 65 non
1542 1268 119 65 est
1610 1268 153 65 verum
1712 1268 170 65 dicere
1831 1268 136 65 quod
1916 1268 204 65 essentia
2069 1268 119 65 sit
2120 1268 102 65 suum

461 1325 145 71 esse,
558 1325 145 71 neque
654 1325 129 71 quod
735 1325 113 71 lux
799 1325 113 71 est
864 1325 177 71 lucere,
993 1325 145 71 neque
1089 1325 129 71 quod
1170 1325 129 71 vita
1250 1325 113 71 est
1315 1325 177 71 viuere.
1444 1325 113 71 Hoc
1508 1325 129 71 enim
1589 1325 129 71 soli
1669 1325 113 71 deo
1734 1325 193 71 conuenit
1879 1325 113 71 per
1943 1325 161 71 summam
2056 1325 129 71 eius
2120 1325 97 71 sim-

472 1376 247 74 plicitatem
666 1376 123 74 qua
737 1376 123 74 est
807 1376 159 74 actus
913 1376 176 74 purus,
1036 1376 88 74 &
1072 1376 194 74 penitus
1213 1376 141 74 sunt
1301 1376 194 74 eiusdem
1442 1376 211 74 rationis
1600 1376 123 74 vel
1671 1376 176 74 saltem
1794 1376 123 74 non
1865 1376 247 74 contrariae
2041 1376 176 74 rationis

462 1428 100 69 in
512 1428 133 69 ipso
595 1428 199 69 essentia
745 1428 83 69 &
778 1428 149 69 esse:
877 1428 149 69 sicut
977 1428 149 69 neque
1077 1428 133 69 esse
1160 1428 83 69 &
1193 1428 199 69 operari,
1342 1428 133 69 quae
1425 1428 149 69 multo
1525 1428 183 69 amplius
1658 1428 216 69 differunt
1824 1428 100 69 in
1873 1428 199 69 creatura
2023 1428 133 69 quam
2089 1428 133 69 essen-

461 1486 121 72 tia
530 1486 86 72 &
564 1486 138 72 esse
651 1486 138 72 eius
737 1486 225 72 proprium.
910 1486 104 72 Et
962 1486 121 72 cum
1031 1486 121 72 sic
1100 1486 104 72 vt
1152 1486 173 72 dictum
1273 1486 138 72 est,
1359 1486 104 72 in
1411 1486 138 72 omni
1497 1486 207 72 creatura
1653 1486 104 72 vt
1705 1486 207 72 creatura
1860 1486 138 72 est,
1947 1486 225 72 differunt
2102 1486 121 72 essen

466 1540 116 67 tia
533 1540 83 67 &
566 1540 133 67 esse
649 1540 200 67 proprium
799 1540 233 67 essentiae,
982 1540 100 67 vt
1032 1540 116 67 non
1098 1540 166 67 possit
1215 1540 133 67 dici
1298 1540 133 67 quod
1381 1540 200 67 essentia
1531 1540 116 67 sit
1598 1540 150 67 ipsum
1697 1540 150 67 esse:
1797 1540 100 67 vt
1847 1540 116 67 non
1914 1540 150 67 solum
2013 1540 183 67 ratione
2130 1540 83 67 di-

453 1593 162 67 camus
561 1593 108 67 in
615 1593 216 67 creatura
777 1593 216 67 differre
939 1593 234 67 essentiam
1119 1593 90 67 &
1155 1593 144 67 esse
1245 1593 216 67 proprium
1406 1593 252 67 essentiae:
1604 1593 126 67 sed
1676 1593 162 67 etiam
1784 1593 252 67 quodammodo
1982 1593 234 67 contraria
2144 1593 72 67 in

464 1651 224 67 tentione:
636 1651 155 67 multo
739 1651 190 67 fortius
877 1651 207 67 dicendum
1032 1651 138 67 quod
1118 1651 103 67 in
1170 1651 138 67 omni
1256 1651 207 67 creatura
1411 1651 121 67 sic
1480 1651 224 67 differunt
1652 1651 207 67 essentia
1808 1651 86 67 &
1842 1651 138 67 esse
1928 1651 258 67 existentiae
2118 1651 103 67 eius

465 1698 94 69 vt
512 1698 173 69 dicatur
638 1698 126 69 quod
717 1698 189 69 essentia
858 1698 204 69 creaturae
1016 1698 142 69 nullo
1110 1698 126 69 modo
1189 1698 173 69 dicenda
1315 1698 110 69 est
1377 1698 126 69 esse
1456 1698 126 69 eius
1535 1698 236 69 existentia,
1723 1698 110 69 vel
1786 1698 126 69 esse
1865 1698 236 69 existentiae
2054 1698 142 69 eius.
2132 1698 79 69 Es-

458 1749 173 68 sentia
579 1749 139 68 enim
665 1749 104 68 vt
717 1749 173 68 dictum
839 1749 139 68 est,
925 1749 190 68 dicitur
1064 1749 121 68 res
1133 1749 104 68 ex
1185 1749 208 68 respectu
1341 1749 104 68 ad
1393 1749 156 68 deum,
1497 1749 225 68 inquantum
1670 1749 104 68 ab
1722 1749 139 68 ipso
1808 1749 225 68 exemplata
1982 1749 121 68 est
2051 1749 104 68 ab
2085 1749 139 68 aeter-

465 1807 114 70 no.
530 1807 180 70 Dicitur
661 1807 147 70 autem
759 1807 196 70 existens
906 1807 98 70 ex
955 1807 196 70 respectu
1102 1807 98 70 ad
1151 1807 131 70 deum
1232 1807 212 70 inquantum
1395 1807 131 70 ipsa
1477 1807 114 70 est
1542 1807 196 70 effectus
1689 1807 131 70 eius
1771 1807 98 70 ex
1820 1807 196 70 tempore.
1967 1807 131 70 Vnde
2049 1807 114 70 nec
2098 1807 114 70 dicit

460 1858 124 74 esse
537 1858 108 74 hoc
599 1858 170 74 aliquid
723 1858 108 74 rei
785 1858 201 74 essentiae
939 1858 186 74 additum,
1079 1858 124 74 quia
1156 1858 124 74 ipsa
1233 1858 186 74 essentia
1373 1858 108 74 rei
1435 1858 201 74 inquantum
1589 1858 108 74 est
1651 1858 186 74 effectus
1791 1858 217 74 creatoris,
1961 1858 93 74 in
2007 1858 93 74 se
2038 1858 186 74 formaliter

465 1915 143 69 habet
560 1915 143 69 esse.
655 1915 127 69 Deus
734 1915 127 69 enim
814 1915 190 69 causando
956 1915 174 69 naturam
1083 1915 206 69 essentiae
1241 1915 111 69 dat
1304 1915 95 69 ei
1352 1915 127 69 esse
1431 1915 174 69 tanquam
1558 1915 190 69 proprium
1700 1915 143 69 actum
1795 1915 127 69 eius
1874 1915 95 69 in
1922 1915 174 69 seipsa,
2049 1915 143 69 sicut
2128 1915 79 69 pro

454 1972 149 63 prius
554 1972 149 63 actus
654 1972 149 63 lucis
753 1972 116 63 est
820 1972 183 63 lucere,
952 1972 116 63 qui
1019 1972 149 63 nihil
1118 1972 116 63 rei
1185 1972 116 63 est
1251 1972 149 63 aliud
1351 1972 83 63 a
1384 1972 149 63 luce,
1484 1972 133 63 quam
1567 1972 100 63 in
1616 1972 100 63 se
1666 1972 149 63 agit,
1766 1972 133 63 etsi
1849 1972 116 63 non
1915 1972 149 63 esset
2015 1972 149 63 extra
2114 1972 133 63 quod

457 2021 175 61 posset
580 2021 263 61 illuminare.
790 2021 105 61 de
843 2021 123 61 quo
913 2021 175 61 statim
1035 2021 228 61 videbimus
1210 2021 210 61 amplius.
1368 2021 123 61 Per
1438 2021 140 61 hunc
1526 2021 140 61 ergo
1613 2021 158 61 modum
1718 2021 210 61 creatura
1876 2021 158 61 habet
1981 2021 140 61 esse
2068 2021 105 61 in
2103 2021 123 61 actu,

454 2077 111 62 sed
517 2077 158 62 aliter
628 2077 142 62 deus.
723 2077 127 62 Ipse
802 2077 127 62 enim
882 2077 127 62 esse
961 2077 127 62 suum
1040 2077 142 62 habet
1135 2077 79 62 a
1166 2077 95 62 se
1214 2077 237 62 formaliter:
1404 2077 206 62 effectiue
1562 2077 142 62 autem
1657 2077 79 62 a
1689 2077 158 62 nullo,
1799 2077 111 62 nec
1863 2077 79 62 a
1894 2077 111 62 se,
1958 2077 111 62 nec
2021 2077 95 62 ab
2069 2077 142 62 alio.
2148 2077 63 62 vt

465 2130 170 55 dicetur
588 2130 93 55 in
634 2130 185 55 sequenti
773 2130 232 55 quaestione.
959 2130 93 55 Et
1005 2130 124 55 ideo
1082 2130 93 55 in
1129 2130 124 55 ipso
1206 2130 108 55 non
1268 2130 154 55 potest
1376 2130 185 55 separari
1515 2130 124 55 esse
1592 2130 93 55 ab
1638 2130 201 55 essentia,
1793 2130 108 55 nec
1855 2130 108 55 re,
1917 2130 108 55 nec
1978 2130 232 55 intentione,
2148 2130 62 55 eo

457 2181 122 74 quod
533 2181 106 74 est
594 2181 137 74 actus
685 2181 137 74 purus
776 2181 137 74 nulli
867 2181 198 74 potentiae
1020 2181 106 74 vel
1080 2181 319 74 determinabilitati
1354 2181 183 74 admixtus
1491 2181 91 74 vt
1537 2181 137 74 infra
1628 2181 183 74 dicetur.
1765 2181 167 74 Propter
1886 2181 122 74 quod
1962 2181 137 74 etiam
2038 2181 183 74 necessario

465 2234 136 59 habet
555 2234 121 59 esse
631 2234 196 59 essentiae
782 2234 121 59 suae
857 2234 226 59 indifferens
1039 2234 151 59 omnino
1144 2234 91 59 ab
1189 2234 121 59 esse
1265 2234 91 59 in
1310 2234 136 59 actu:
1401 2234 91 59 vt
1446 2234 121 59 sint
1522 2234 151 59 omnino
1627 2234 121 59 idem
1703 2234 91 59 in
1748 2234 91 59 eo
1793 2234 181 59 essentia
1929 2234 75 59 &
1959 2234 121 59 eius
2020 2234 196 59 existentia.

461 2287 128 76 Multo
546 2287 156 76 fortius
659 2287 113 76 ergo
730 2287 71 76 &
759 2287 113 76 esse
830 2287 199 76 essentiae,
986 2287 71 76 &
1014 2287 113 76 eius
1085 2287 85 76 vt
1128 2287 113 76 esse
1199 2287 99 76 tam
1255 2287 184 76 essentiae
1397 2287 113 76 quam
1468 2287 213 76 existentiae
1638 2287 142 76 nullam
1738 2287 99 76 rem
1794 2287 156 76 apponat
1908 2287 128 76 super
1993 2287 199 76 essentiam,
2149 2287 99 76 sed

463 2342 106 70 nec
524 2342 167 70 quantum
645 2342 106 70 est
706 2342 91 70 ex
751 2342 137 70 parte
843 2342 122 70 sui,
919 2342 137 70 aliam
1010 2342 228 70 intentionem
1192 2342 106 70 aut
1253 2342 213 70 contrariam
1420 2342 198 70 rationem.
1572 2342 76 70 &
1602 2342 106 70 hoc
1663 2342 137 70 ideo,
1754 2342 167 70 quoniam
1876 2342 228 70 proculdubio
2058 2342 91 70 si
2088 2342 122 70 diuina

457 2396 163 64 essentia
580 2396 95 64 non
634 2396 123 64 esset
716 2396 150 64 idipsum
825 2396 136 64 omnino
920 2396 109 64 quod
988 2396 163 64 vtrumque
1111 2396 109 64 esse
1179 2396 123 64 eius,
1261 2396 95 64 non
1315 2396 109 64 dico
1383 2396 136 64 tantum
1479 2396 95 64 re,
1533 2396 95 64 sed
1588 2396 123 64 etiam
1669 2396 204 64 intentione:
1833 2396 163 64 essentia
1955 2396 136 64 diuina
2051 2396 82 64 ex
2091 2396 82 64 eo
2132 2396 109 64 quod

460 2449 108 59 est
521 2449 201 59 essentia,
676 2449 108 59 non
738 2449 139 59 esset
831 2449 139 59 ipsum
923 2449 139 59 esse,
1016 2449 124 59 quia
1094 2449 93 59 ab
1140 2449 93 59 eo
1186 2449 124 59 quod
1264 2449 108 59 est
1326 2449 186 59 essentia
1465 2449 108 59 non
1527 2449 170 59 haberet
1650 2449 124 59 nisi
1728 2449 186 59 rationem
1867 2449 217 59 essentiae.
2037 2449 108 59 Non
2083 2449 124 59 igitur

454 2502 175 60 rationem
586 2502 132 60 esse.
674 2502 190 60 Oporteret
820 2502 146 60 igitur
922 2502 88 60 si
966 2502 117 60 esse
1039 2502 161 60 haberet
1156 2502 190 60 essentiae
1302 2502 102 60 vel
1360 2502 88 60 in
1404 2502 175 60 effectu,
1536 2502 132 60 etiam
1623 2502 88 60 si
1667 2502 132 60 illud
1755 2502 88 60 ab
1799 2502 161 60 aeterno
1916 2502 175 60 haberet,
2047 2502 117 60 quod
2106 2502 102 60 esset

468 2560 90 69 ei
513 2560 225 69 acquisitum,
693 2560 75 69 &
723 2560 105 69 ita
783 2560 90 69 ab
828 2560 120 69 alio
903 2560 255 69 participatum,
1113 2560 120 69 quod
1188 2560 120 69 enim
1263 2560 225 69 acquiritur,
1442 2560 105 69 vel
1502 2560 255 69 participatur,
1712 2560 210 69 necessario
1877 2560 90 69 ab
1922 2560 120 69 alio
1997 2560 210 69 acquiritur
2147 2560 75 69 vel

454 2611 283 64 participatur,
688 2611 100 64 vt
737 2611 150 64 infra
837 2611 100 64 in
887 2611 233 64 quaestione
1071 2611 200 64 sequenti
1220 2611 183 64 patebit
1354 2611 133 64 esse
1437 2611 183 64 acquiri
1570 2611 117 64 deo
1637 2611 133 64 siue
1720 2611 83 64 a
1753 2611 167 64 seipso
1870 2611 133 64 siue
1953 2611 100 64 ab
2003 2611 133 64 alio
2070 2611 133 64 omnino

451 2663 251 70 impossibile
652 2663 134 70 est.
770 2663 201 70 Absolute
921 2663 134 70 ergo
1004 2663 201 70 dicendum
1155 2663 134 70 quod
1239 2663 168 70 omnino
1356 2663 201 70 essentia
1507 2663 168 70 diuina
1624 2663 117 70 est
1691 2663 151 70 ipsum
1792 2663 134 70 esse
1876 2663 184 70 diuinum
2010 2663 84 70 &
2027 2663 184 70 econuerso

454 2718 80 72 &
486 2718 127 72 sunt
565 2718 159 72 omnino
677 2718 127 72 idem
756 2718 95 72 in
804 2718 127 72 deo:
884 2718 111 72 non
947 2718 143 72 solum
1043 2718 111 72 re,
1106 2718 111 72 sed
1170 2718 143 72 etiam
1265 2718 239 72 intentione,
1456 2718 95 72 vt
1504 2718 111 72 nec
1568 2718 143 72 ratio
1663 2718 127 72 ipsa
1743 2718 207 72 abinuicem
1902 2718 239 72 distinguere
2077 2718 127 72 possit

455 2777 291 65 apprehendendo
695 2777 189 65 diuinam
832 2777 223 65 essentiam
1003 2777 171 65 absque
1123 2777 103 65 eo
1175 2777 137 65 quod
1260 2777 291 65 apprehenditur
1500 2777 154 65 esse,
1603 2777 103 65 vt
1655 2777 154 65 infra
1757 2777 223 65 videbitur
1929 2777 171 65 magis.
2049 2777 137 65 immo
2117 2777 86 65 qui

450 2824 245 74 apprehendit
646 2824 180 74 diuinam
776 2824 229 74 essentiam,
956 2824 245 74 apprehendit
1152 2824 131 74 eius
1233 2824 245 74 existentiam
1429 2824 212 74 actualem,
1593 2824 131 74 quia
1674 2824 131 74 ipsa
1756 2824 114 74 non
1821 2824 114 74 est
1886 2824 131 74 nisi
1968 2824 131 74 ipse
2050 2824 147 74 actus
2131 2824 82 74 es-

451 2879 160 69 sendi
558 2879 160 69 purus
665 2879 143 69 sine
754 2879 143 69 omni
843 2879 214 69 potentia
1004 2879 232 69 admixtus,
1182 2879 107 69 in
1236 2879 125 69 quo
1307 2879 160 69 omnem
1414 2879 232 69 creaturam
1592 2879 89 69 &
1628 2879 143 69 eius
1717 2879 303 69 simplicitatem
1966 2879 214 69 excedit,
2109 2879 107 69 quia

446 2933 131 63 etsi
528 2933 131 63 esse
609 2933 213 63 creaturae
773 2933 115 63 sit
839 2933 131 63 idem
921 2933 98 63 in
970 2933 98 63 re
1019 2933 115 63 cum
1085 2933 131 63 eius
1166 2933 213 63 essentia,
1330 2933 131 63 quia
1412 2933 229 63 formaliter
1592 2933 147 63 habet
1691 2933 131 63 esse
1773 2933 115 63 per
1838 2933 131 63 suam
1920 2933 213 63 essentiam
2084 2933 115 63 non
2133 2933 82 63 per

452 2986 146 63 aliam
549 2986 275 63 dispositionem
775 2986 162 63 realem
889 2986 275 63 substantialem
1115 2986 113 63 vel
1180 2986 259 63 accidentalem
1390 2986 178 63 additam
1519 2986 129 63 ipsi
1600 2986 226 63 essentiae,
1778 2986 113 63 ita
1843 2986 129 63 quod
1924 2986 146 63 etiam
2021 2986 81 63 &
2053 2986 113 63 res
2118 2986 81 63 &
2134 2986 81 63 ens

460 3038 146 72 eandem
563 3038 161 72 naturam
680 3038 146 72 omnino
783 3038 176 72 nominant
914 3038 88 72 in
958 3038 205 72 creaturis:
1119 3038 176 72 secundum
1251 3038 132 72 tamen
1339 3038 117 72 quod
1412 3038 146 72 dictum
1515 3038 103 72 est
1573 3038 103 72 res
1632 3038 161 72 nominat
1749 3038 103 72 eam
1808 3038 88 72 vt
1852 3038 220 72 simpliciter
2013 3038 190 72 intellectam

448 3097 124 63 ens
519 3097 159 63 autem
625 3097 212 63 secundum
784 3097 230 63 essentiam
961 3097 106 63 vt
1014 3097 88 63 a
1049 3097 194 63 ratione
1190 3097 177 63 diuina
1314 3097 265 63 exemplatam:
1526 3097 124 63 ens
1597 3097 141 63 vero
1685 3097 212 63 secundum
1844 3097 265 63 existentiam
2056 3097 106 63 vt
2091 3097 124 63 haben

445 3146 118 70 tem
512 3146 269 70 impressionem
731 3146 219 70 potentiae
899 3146 118 70 dei
967 3146 185 70 agentis
1101 3146 84 70 &
1135 3146 151 70 primi
1236 3146 168 70 entis,
1353 3146 135 70 quia
1437 3146 118 70 res
1505 3146 101 70 vt
1555 3146 118 70 res
1622 3146 202 70 absoluta
1774 3146 101 70 de
1824 3146 101 70 se
1875 3146 118 70 non
1942 3146 151 70 habet
2043 3146 151 70 esse,
2127 3146 84 70 nec

448 3203 101 71 per
505 3203 101 71 hoc
563 3203 116 71 quod
636 3203 232 71 intelligitur
824 3203 87 71 vt
867 3203 101 71 res
925 3203 174 71 quaedam,
1056 3203 261 71 cointelligitur
1273 3203 87 71 ei
1316 3203 116 71 esse
1389 3203 174 71 aliquod,
1519 3203 130 71 sicut
1606 3203 101 71 nec
1664 3203 101 71 non
1722 3203 130 71 esse,
1809 3203 101 71 sed
1866 3203 87 71 in
1910 3203 87 71 se
1953 3203 101 71 est
2011 3203 159 71 quaedam
2113 3203 101 71 essen
