2398 3766
138 309 106 88 est
199 309 213 88 essentiale
366 309 121 88 quid
441 309 91 88 in
487 309 106 88 quo
548 309 137 88 omnes
639 309 182 88 personae
775 309 167 88 diuinae
897 309 243 88 communicant.
1094 309 167 88 Secundo
1216 309 121 88 quia
1292 309 137 88 ratio
1383 309 197 88 principii
1534 309 137 88 prior
1626 309 106 88 est
1686 309 167 88 ratione
1793 309 121 88 princi

149 389 167 66 piati.
266 389 150 66 Ratio
366 389 150 66 autem
466 389 133 66 eius
550 389 133 66 quod
633 389 117 66 est
700 389 150 66 esse,
800 389 117 66 est
867 389 150 66 prima
967 389 150 66 ratio
1067 389 133 66 quae
1150 389 100 66 de
1201 389 117 66 deo
1267 389 133 66 nata
1351 389 117 66 est
1417 389 200 66 concipi:
1568 389 100 66 vt
1618 389 167 66 dictum
1734 389 117 66 est
1785 389 133 66 supra.

151 440 76 61 ⁋
181 440 91 61 In
227 440 213 61 contrarium
395 440 122 61 est,
471 440 168 61 quoniam
593 440 137 61 illud
684 440 76 61 a
714 440 107 61 quo
775 440 122 61 omne
852 440 137 61 aliud
943 440 137 61 habet
1034 440 137 61 esse:
1126 440 213 61 necessario
1293 440 137 61 habet
1385 440 122 61 esse
1461 440 76 61 a
1491 440 107 61 se:
1552 440 122 61 quia
1629 440 91 61 si
1674 440 122 61 non,
1735 440 183 61 necessario

143 496 172 60 haberet
268 496 125 60 esse
346 496 94 60 ab
393 496 140 60 alio:
487 496 78 60 &
518 496 140 60 esset
611 496 109 60 ire
674 496 94 60 in
721 496 218 60 infinitum:
892 496 109 60 vel
955 496 203 60 oporteret
1110 496 140 60 stare
1204 496 94 60 in
1251 496 125 60 illo
1329 496 125 60 quod
1407 496 172 60 haberet
1532 496 125 60 esse
1610 496 78 60 a
1641 496 109 60 se:
1703 496 109 60 non
1766 496 94 60 ab
1797 496 109 60 alio:

152 549 161 72 illud
259 549 161 72 autem
367 549 125 72 est
438 549 143 72 ipse
528 549 161 72 deus:
635 549 107 72 vt
689 549 179 72 dictum
814 549 125 72 est
886 549 179 72 supra.
1011 549 143 72 ergo
1083 549 89 72 &c.

142 601 93 87 ⁋
180 601 223 87 Dicendum
347 601 111 87 ad
402 601 130 87 hoc
477 601 241 87 breuiter:
663 601 149 87 quod
755 601 111 87 lv
811 601 93 87 a
848 601 111 87 se
904 601 186 87 potest
1034 601 186 87 dicere
1164 601 334 87 circunstantiam
1443 601 186 87 causae
1573 601 204 87 agentis
1721 601 149 87 siue
1796 601 111 87 essi

153 663 170 70 cientis,
280 663 99 70 vel
337 663 184 70 formalis.
479 663 85 70 Si
522 663 128 70 primo
607 663 128 70 modo,
692 663 99 70 sic
749 663 170 70 dicendum
876 663 113 70 quod
947 663 113 70 deus
1018 663 99 70 non
1075 663 128 70 habet
1160 663 113 70 esse
1231 663 71 70 a
1259 663 99 70 se:
1316 663 113 70 immo
1387 663 99 70 nec
1444 663 128 70 etiam
1529 663 85 70 ab
1572 663 128 70 alio.
1657 663 99 70 Non
1713 663 71 70 a
1742 663 99 70 se,
1799 663 113 70 quia
1855 663 57 70 se

140 727 167 65 cundum
257 727 151 65 Augu.
358 727 151 65 nihil
458 727 184 65 seipsum
592 727 201 65 producit
743 727 100 65 ad
793 727 134 65 esse
877 727 100 65 vt
927 727 134 65 sit,
1011 727 134 65 quia
1095 727 234 65 necessario
1279 727 151 65 prius
1379 727 201 65 secundum
1530 727 251 65 intellectum
1731 727 84 65 &
1748 727 167 65 rationem

156 777 186 70 causandi
295 777 139 70 habet
388 777 124 70 esse
465 777 139 70 causa
558 777 124 70 quam
635 777 201 70 causatum:
790 777 77 70 &
821 777 124 70 quod
898 777 108 70 non
960 777 108 70 est
1022 777 108 70 non
1084 777 155 70 potest
1192 777 155 70 alicui
1301 777 124 70 esse
1378 777 139 70 causa
1471 777 139 70 esse.
1564 777 93 70 si
1610 777 124 70 ergo
1687 777 124 70 ipsa
1765 777 170 70 aliquod

152 832 131 55 esse
234 832 164 55 causat
348 832 98 55 in
398 832 115 55 se:
463 832 180 55 oportet
595 832 131 55 quod
677 832 148 55 prius
775 832 164 55 habeat
890 832 148 55 aliud
988 832 131 55 esse
1070 832 246 55 praecedens:
1267 832 82 55 &
1300 832 115 55 sic
1366 832 115 55 non
1431 832 131 55 erit
1513 832 148 55 ipsum
1612 832 131 55 esse
1694 832 131 55 eius
1759 832 148 55 simplex

143 881 79 67 &
175 881 175 67 vnicum:
302 881 79 67 &
334 881 206 67 praeterea
493 881 143 67 illud
588 881 127 67 esse
667 881 191 67 secundum
810 881 222 67 necessario
985 881 127 67 erit
1064 881 143 67 etiam
1160 881 238 67 constitutum
1350 881 95 67 in
1398 881 127 67 esse
1477 881 111 67 per
1541 881 206 67 principia
1700 881 159 67 ipsius
1795 881 111 67 essen

152 939 114 61 tiae
223 939 128 61 primi
308 939 128 61 esse:
393 939 71 61 &
422 939 99 61 sic
479 939 199 61 necessario
635 939 128 61 erit:
720 939 85 61 ei
763 939 114 61 esse
834 939 213 61 accidentale
1004 939 171 61 tanquam,
1132 939 171 61 proprium
1260 939 199 61 consequens
1417 939 171 61 speciem:
1545 939 85 61 vt
1587 939 171 61 risibile
1715 939 171 61 hominem:
1829 939 85 61 quod

150 989 158 65 iterum
261 989 111 65 est
324 989 254 65 impossibile:
530 989 127 65 quia
610 989 127 65 esse
689 989 238 65 accidentale
879 989 111 65 non
942 989 238 65 consequitur
1133 989 206 65 essentiam
1291 989 111 65 rei
1354 989 127 65 nisi
1434 989 143 65 prius
1529 989 238 65 constitutam
1719 989 95 65 in
1766 989 127 65 esse
1830 989 79 65 sub

144 1044 215 63 stantiali:
312 1044 123 63 quia
389 1044 153 63 aliter
496 1044 138 63 prius
588 1044 184 63 accidens
726 1044 199 63 existeret
880 1044 92 63 in
926 1044 123 63 actu
1002 1044 123 63 quam
1079 1044 123 63 suum
1156 1044 215 63 subiectum:
1324 1044 77 63 &
1355 1044 184 63 effectus
1493 1044 123 63 quam
1570 1044 153 63 causa:
1677 1044 77 63 &
1708 1044 92 63 si
1754 1044 123 63 haec
1815 1044 92 63 sunt

151 1095 264 66 impossibilia
365 1095 99 66 in
414 1095 231 66 creaturis,
596 1095 132 66 ergo
678 1095 148 66 multo
777 1095 181 66 fortius
909 1095 82 66 &
942 1095 99 66 in
992 1095 214 66 creatore:
1157 1095 99 66 in
1206 1095 115 66 quo
1272 1095 165 66 nullum
1388 1095 148 66 cadit
1487 1095 132 66 esse
1569 1095 264 66 accidentale.
1784 1095 99 66 Si
1817 1095 82 66 er-

136 1150 98 74 go
185 1150 179 74 diuinae
315 1150 211 74 essentiae
477 1150 228 74 acquiratur
656 1150 146 74 esse:
754 1150 114 74 hoc
819 1150 114 74 sit
884 1150 228 74 necessario
1063 1150 98 74 ab
1112 1150 130 74 alio
1193 1150 179 74 agente.
1323 1150 146 74 Agens
1421 1150 146 74 autem
1519 1150 146 74 aliud
1616 1150 81 74 a
1649 1150 163 74 diuina
1746 1150 163 74 essentia

146 1206 113 67 est
210 1206 145 67 agens
307 1206 145 67 aliud
404 1206 81 67 a
436 1206 129 67 deo.
517 1206 145 67 esset
613 1206 129 67 ergo
694 1206 145 67 causa
791 1206 129 67 esse
871 1206 129 67 dei,
952 1206 145 67 alius
1049 1206 81 67 a
1081 1206 129 67 deo.
1161 1206 145 67 Quare
1258 1206 113 67 cum
1323 1206 129 67 deus
1403 1206 113 67 non
1468 1206 161 67 potest
1581 1206 129 67 esse
1661 1206 193 67 alicuius
1790 1206 113 67 causa

147 1270 157 57 agens:
257 1270 126 57 nisi
336 1270 126 57 sibi
414 1270 204 57 acquisito
572 1270 126 57 esse
650 1270 94 57 in
697 1270 110 57 sua
760 1270 189 57 essentia
901 1270 110 57 qua
964 1270 141 57 aget:
1059 1270 126 57 deus
1137 1270 126 57 ergo
1216 1270 110 57 non
1279 1270 141 57 esset
1373 1270 141 57 prima
1467 1270 141 57 causa
1561 1270 157 57 agens:
1671 1270 110 57 sed
1734 1270 126 57 alia
1813 1270 126 57 quae

145 1313 158 59 ageret
256 1313 142 59 ipsum
350 1313 95 59 in
398 1313 142 59 esse:
492 1313 95 59 vt
540 1313 126 59 ipse
618 1313 142 59 agere
713 1313 158 59 posset
823 1313 205 59 vlterius:
981 1313 79 59 &
1013 1313 142 59 esset
1107 1313 158 59 mouens
1218 1313 158 59 motum:
1328 1313 126 59 quod
1407 1313 110 59 est
1470 1313 158 59 contra
1581 1313 315 59 praedeterminata.
1833 1313 63 59 Et

144 1372 150 63 iterum
249 1372 90 63 si
294 1372 105 63 ita
354 1372 150 63 esset,
459 1372 105 63 cum
519 1372 90 63 in
564 1372 165 63 actiuis
684 1372 75 63 &
714 1372 180 63 passiuis
849 1372 255 63 essentialiter
1060 1372 180 63 ordiatis
1195 1372 150 63 semper
1300 1372 195 63 productum
1450 1372 150 63 verius
1555 1372 105 63 est
1615 1372 90 63 in
1660 1372 105 63 cam
1720 1372 120 63 quam
1795 1372 90 63 in
1825 1372 75 63 cau

148 1422 139 67 sato:
240 1422 139 67 illud
333 1422 139 67 agens
425 1422 154 67 verius
533 1422 170 67 haberet
657 1422 123 67 esse
734 1422 123 67 quam
811 1422 123 67 ipsa
888 1422 185 67 essentia
1027 1422 170 67 diuina,
1150 1422 123 67 quae
1227 1422 108 67 est
1289 1422 123 67 ipse
1366 1422 139 67 deus:
1459 1422 77 67 &
1490 1422 108 67 sic
1551 1422 123 67 deus
1628 1422 123 67 ipse
1705 1422 170 67 haberet
1813 1422 93 67 esse

151 1479 248 66 principiatum:
356 1479 102 66 nec
414 1479 146 66 posset
516 1479 117 66 esse
589 1479 146 66 primum
691 1479 117 66 ens.
764 1479 88 66 Et
808 1479 160 66 iterum,
925 1479 102 66 cum
983 1479 117 66 omne
1056 1479 117 66 quid
1129 1479 117 66 esse
1202 1479 160 66 incipit
1318 1479 88 66 ab
1362 1479 131 66 alio:
1450 1479 88 66 de
1494 1479 88 66 se
1537 1479 102 66 est
1596 1479 88 66 in
1639 1479 175 66 potentia
1771 1479 88 66 ad
1800 1479 102 66 esse:

148 1539 145 58 aliter
250 1539 116 58 enim
323 1539 160 58 nunquam
439 1539 189 58 reciperet
584 1539 131 58 esse:
671 1539 102 58 sic
729 1539 116 58 ergo
802 1539 87 58 in
846 1539 102 58 deo
904 1539 131 58 esset
991 1539 189 58 potentia:
1136 1539 102 58 non
1194 1539 116 58 ergo
1267 1539 87 58 de
1310 1539 87 58 se
1354 1539 131 58 esset
1441 1539 131 58 purus
1528 1539 145 58 actus:
1630 1539 102 58 nec
1688 1539 145 58 omnino
1775 1539 131 58 simplex

156 1577 105 62 sed
216 1577 210 62 compositus
381 1577 90 62 ex
426 1577 180 62 potentia
561 1577 75 62 &
591 1577 135 62 actu,
681 1577 120 62 siue
756 1577 90 62 ex
801 1577 180 62 essentia
936 1577 75 62 &
966 1577 135 62 esse:
1055 1577 135 62 cuius
1145 1577 195 62 oppositum
1295 1577 180 62 inferius
1430 1577 285 62 demonstrabitur.
1670 1577 120 62 Vnde
1745 1577 165 62 Auicen.
1850 1577 60 62 i.

145 1636 158 61 Metaph.
259 1636 129 61 suae,
345 1636 143 61 vocans
446 1636 115 61 deum
518 1636 158 61 necesse
632 1636 129 61 esse:
718 1636 158 61 quoniam
833 1636 158 61 necesse
948 1636 115 61 esse
1020 1636 201 61 significat
1177 1636 215 61 vehementiam
1350 1636 158 61 essendi
1464 1636 115 61 quae
1536 1636 158 61 propria
1651 1636 100 61 est
1708 1636 115 61 deo:
1780 1636 86 61 eo
1823 1636 115 61 quod

158 1687 104 69 ipse
223 1687 117 69 solus
301 1687 91 69 non
354 1687 130 69 potest
445 1687 91 69 non
497 1687 117 69 esse:
575 1687 78 69 vt
615 1687 78 69 in
654 1687 157 69 sequenti
771 1687 143 69 quaest.
875 1687 157 69 patebit:
993 1687 65 69 &
1019 1687 104 69 omne
1084 1687 104 69 alid
1149 1687 130 69 potest
1241 1687 91 69 non
1293 1687 117 69 esse:
1371 1687 78 69 vt
1410 1687 143 69 patebit
1515 1687 78 69 in
1554 1687 222 69 quaestionibus
1736 1687 78 69 de
1776 1687 104 69 esse
1828 1687 78 69 crea

139 1744 177 70 turarum:
272 1744 147 70 dicit.
375 1744 162 70 Quoniam
493 1744 133 70 autem
581 1744 162 70 necesse
699 1744 118 70 esse
773 1744 103 70 non
832 1744 133 70 habet
920 1744 147 70 causam
1024 1744 206 70 manifestum
1186 1744 118 70 est:
1259 1744 88 70 si
1304 1744 118 70 enim
1377 1744 162 70 haberet
1495 1744 147 70 causam
1598 1744 133 70 esse,
1687 1744 192 70 perfectio
1820 1744 88 70 esse

154 1801 111 57 eius
223 1801 125 57 esset
307 1801 97 57 per
362 1801 139 57 illam,
459 1801 166 57 quicquod
584 1801 125 57 autem
667 1801 97 57 est
722 1801 125 57 cuius
805 1801 180 57 perfectio
944 1801 97 57 est
999 1801 97 57 per
1055 1801 139 57 aliud:
1152 1801 83 57 si
1193 1801 222 57 consideratum
1374 1801 139 57 fuerit
1471 1801 97 57 per
1526 1801 83 57 se
1568 1801 111 57 sine
1637 1801 111 57 alio
1706 1801 97 57 non
1762 1801 125 57 habet
1831 1801 83 57 esse

148 1851 253 59 necessarium:
354 1851 111 59 nec
417 1851 111 59 est
480 1851 174 59 necesse
607 1851 126 59 esse
686 1851 111 59 per
749 1851 111 59 se.
812 1851 95 59 In
860 1851 111 59 hoc
923 1851 158 59 membro
1034 1851 253 59 processerunt
1239 1851 111 59 duo
1302 1851 206 59 argumenta
1460 1851 95 59 ad
1508 1851 158 59 primam
1618 1851 174 59 partem.
1745 1851 79 59 ⁋
1777 1851 95 59 Si
1808 1851 95 59 vero

152 1902 179 63 secundo
282 1902 130 63 modo
363 1902 81 63 l
396 1902 81 63 a
428 1902 98 63 se
477 1902 146 63 dicat
575 1902 293 63 circunstantiam
819 1902 163 63 causae
933 1902 212 63 formalis:
1095 1902 114 63 sic
1161 1902 195 63 dicendum
1307 1902 130 63 quod
1388 1902 130 63 deus
1470 1902 146 63 habet
1567 1902 130 63 esse
1649 1902 81 63 a
1681 1902 179 63 seipso.
1795 1902 114 63 habet

148 1957 118 62 enim
222 1957 118 62 esse
295 1957 88 62 ex
340 1957 103 62 hoc
399 1957 118 62 quod
472 1957 103 62 est
531 1957 132 62 forma
619 1957 74 62 &
649 1957 132 62 actus
737 1957 147 62 purus,
840 1957 118 62 quae
914 1957 103 62 est
973 1957 132 62 ipsum
1061 1957 118 62 esse
1135 1957 147 62 omnino
1238 1957 236 62 indifferens:
1429 1957 103 62 nec
1488 1957 162 62 aliquid
1606 1957 162 62 praeter
1723 1957 132 62 ipsum
1797 1957 103 62 esse:

154 2010 95 68 vt
202 2010 191 68 probatum
345 2010 111 68 est
408 2010 159 68 supra.
519 2010 95 68 Et
567 2010 111 68 hoc
631 2010 159 68 dictum
742 2010 111 68 est
805 2010 191 68 loquendo
948 2010 95 68 de
996 2010 127 68 esse
1075 2010 222 68 essentiali
1250 2010 95 68 in
1298 2010 191 68 diuinis:
1440 2010 111 68 non
1504 2010 95 68 de
1552 2010 127 68 esse
1631 2010 222 68 personali:
1790 2010 111 68 prout

150 2065 186 61 scilicet
290 2065 124 61 esse
368 2065 233 61 attribuitur
554 2065 109 61 vni
616 2065 109 61 deo
678 2065 93 61 in
724 2065 155 61 tribus
833 2065 202 61 personis.
988 2065 186 61 loquendo
1128 2065 124 61 enim
1205 2065 93 61 de
1252 2065 124 61 esse
1329 2065 233 61 essentiali:
1515 2065 140 61 sicut
1608 2065 124 61 ipsa
1686 2065 155 61 diuina
1779 2065 124 61 essen-

151 2122 97 66 tia
207 2122 83 66 in
248 2122 83 66 se
290 2122 97 66 nec
345 2122 194 66 principiat
498 2122 152 66 aliquid
608 2122 97 66 per
664 2122 97 66 se:
719 2122 97 66 nec
775 2122 111 66 ipsa
844 2122 83 66 ab
886 2122 111 66 alio
955 2122 236 66 principiatur:
1149 2122 97 66 sic
1204 2122 69 66 &
1232 2122 125 66 ipsum
1315 2122 111 66 esse
1384 2122 152 66 diuinae
1495 2122 180 66 essentiae
1634 2122 97 66 nec
1689 2122 152 66 aliquid
1786 2122 125 66 princi-

154 2175 121 68 piat,
234 2175 94 68 nec
288 2175 80 68 ab
328 2175 134 68 aliquo
422 2175 228 68 principiatur.
610 2175 121 68 Prout
690 2175 121 68 autem
770 2175 107 68 esse
838 2175 121 68 istud
918 2175 94 68 hir
972 2175 107 68 esse
1039 2175 80 68 in
1079 2175 161 68 personis
1200 2175 148 68 diuinis
1307 2175 228 68 principiatis:
1495 2175 80 68 vt
1535 2175 80 68 in
1575 2175 134 68 filio,
1669 2175 67 68 &
1696 2175 161 68 spiritus
1803 2175 94 68 scton

155 2230 68 66 &
183 2230 95 66 sic
237 2230 204 66 contrahitur
400 2230 82 66 ad
441 2230 109 66 esse
509 2230 190 66 personale:
658 2230 122 66 secus
740 2230 109 66 est:
808 2230 149 66 quoniam
916 2230 136 66 filius
1011 2230 68 66 &
1039 2230 163 66 spiritus
1161 2230 136 66 sctuns
1256 2230 136 66 habent
1351 2230 109 66 esse
1419 2230 109 66 suum
1487 2230 177 66 personale
1623 2230 82 66 ab
1663 2230 109 66 alio
1731 2230 95 66 non
1786 2230 68 66 a
1813 2230 95 66 se.
1854 2230 54 66 Di

153 2282 95 69 co
201 2282 206 69 effectiue
359 2282 127 69 siue
438 2282 269 69 principiatiue
659 2282 95 69 vt
707 2282 79 69 a
738 2282 127 69 pre:
817 2282 111 69 sed
881 2282 221 69 formaliter
1055 2282 158 69 habent
1165 2282 127 69 esse
1245 2282 79 69 a
1276 2282 174 69 seipsis
1403 2282 237 69 vniformiter
1592 2282 111 69 cum
1656 2282 127 69 pre.
1735 2282 79 69 &
1766 2282 111 69 hoc
1814 2282 79 69 est

153 2330 107 67 vel
214 2330 168 67 propter
336 2330 184 67 vnitatem
474 2330 168 67 diuinae
596 2330 214 67 essentiae:
765 2330 107 67 qua
826 2330 153 67 habent
933 2330 122 67 vnum
1010 2330 122 67 esse
1086 2330 230 67 essentiale:
1270 2330 107 67 vel
1331 2330 168 67 propter
1453 2330 184 67 formales
1591 2330 245 67 proprietates
1775 2330 122 67 quibus

147 2377 200 74 abinuicem
301 2377 139 74 ipsae
393 2377 185 74 personae
532 2377 277 74 distinguuntur:
763 2377 77 74 &
794 2377 77 74 a
825 2377 154 74 quibus
932 2377 169 74 diuersa
1056 2377 123 74 esse
1133 2377 216 74 personalia
1302 2377 108 74 eis
1364 2377 262 74 attribuuntur.
1579 2377 123 74 Vnde
1656 2377 139 74 solus
1749 2377 139 74 pater
1826 2377 77 74 non

156 2449 133 57 habet
245 2449 119 57 esse
319 2449 89 57 ab
364 2449 148 57 aliquo
468 2449 193 57 effectiue
616 2449 119 57 siue
690 2449 267 57 principiatiue:
912 2449 133 57 neque
1001 2449 267 57 essentialiter:
1224 2449 133 57 neque
1313 2449 252 57 personaliter:
1520 2449 133 57 sicut
1609 2449 104 57 nec
1669 2449 119 57 deus
1743 2449 119 57 ipse
1802 2449 104 57 essen

155 2503 170 59 tialiter
282 2503 142 59 dictus
382 2503 113 59 suum
453 2503 113 59 esse
524 2503 199 59 essentiale
679 2503 128 59 habet
765 2503 85 59 ab
807 2503 128 59 alio.
892 2503 142 59 Hilius
991 2503 128 59 autem
1077 2503 71 59 &
1105 2503 170 59 spiritus
1233 2503 156 59 sanctus
1346 2503 71 59 a
1374 2503 128 59 patre
1459 2503 142 59 habent
1559 2503 113 59 esse
1630 2503 113 59 suum
1700 2503 71 59 &
1715 2503 184 59 essentiale,

155 2555 73 59 &
185 2555 189 59 personale
330 2555 189 59 effectiue
475 2555 116 59 siue
548 2555 262 59 principiatiue.
766 2555 204 59 formaliter
926 2555 131 59 autem
1013 2555 73 59 a
1042 2555 160 59 seipsis
1159 2555 145 59 habent
1260 2555 174 59 vtrumque
1391 2555 131 59 esse:
1478 2555 116 59 esse
1551 2555 174 59 scilicet
1682 2555 204 59 essentiale
1842 2555 87 59 ab

156 2599 125 73 ipsa
235 2599 157 73 diuina
344 2599 188 73 essentia
485 2599 204 73 existente
642 2599 94 73 in
689 2599 125 73 eis:
767 2599 125 73 esse
846 2599 125 73 vero
924 2599 204 73 personale
1081 2599 78 73 a
1112 2599 110 73 sua
1175 2599 204 73 personali
1331 2599 251 73 proprietate:
1535 2599 141 73 sicut
1629 2599 78 73 &
1660 2599 219 73 formaliter
1817 2599 94 73 deus

156 2653 115 76 ipse
228 2653 130 76 habet
314 2653 115 76 esse
386 2653 115 76 suum
458 2653 202 76 essentiale
617 2653 72 76 a
646 2653 101 76 se.
703 2653 87 76 i.
747 2653 87 76 ab
790 2653 115 76 ipsa
862 2653 144 76 diuina
963 2653 173 76 essentia
1093 2653 115 76 quae
1165 2653 101 76 est
1222 2653 130 76 ipse:
1309 2653 72 76 &
1338 2653 115 76 quae
1410 2653 101 76 est
1468 2653 130 76 ipsum
1554 2653 115 76 esse
1626 2653 115 76 dei,
1698 2653 87 76 vt
1741 2653 144 76 dictum
1828 2653 72 76 est

144 2717 143 76 supra.
244 2717 129 76 Pater
330 2717 129 76 autem
416 2717 129 76 habet
502 2717 201 76 formaliter
659 2717 115 76 esse
731 2717 115 76 suum
803 2717 186 76 personale
946 2717 72 76 a
975 2717 158 76 seipso:
1089 2717 100 76 hoc
1147 2717 100 76 est
1204 2717 72 76 a
1233 2717 100 76 sua
1290 2717 186 76 personali
1433 2717 229 76 proprietate,
1619 2717 115 76 quae
1691 2717 100 76 est
1748 2717 86 76 id
1791 2717 115 76 quod
1849 2717 57 76 ip

155 2761 110 73 se,
218 2761 94 73 vt
265 2761 141 73 infra
359 2761 188 73 dicetur.
500 2761 94 73 Et
547 2761 110 73 sic
610 2761 141 73 patet
704 2761 125 73 quod
782 2761 94 73 in
829 2761 172 73 diuinis
954 2761 188 73 personis
1095 2761 172 73 aliquid
1221 2761 141 73 habet
1315 2761 141 73 esse:
1409 2761 78 73 &
1440 2761 78 73 a
1471 2761 141 73 nullo
1565 2761 266 73 principiatiue
1769 2761 141 73 necesse

145 2820 116 68 esse
217 2820 101 68 per
275 2820 87 68 se
318 2820 72 68 &
347 2820 101 68 per
405 2820 145 68 aliud.
506 2820 145 68 Eilius
607 2820 116 68 enim
680 2820 72 68 &
708 2820 174 68 spiritus
839 2820 159 68 sanctus
954 2820 145 68 habent
1055 2820 116 68 quod
1128 2820 116 68 sunt
1200 2820 159 68 necesse
1316 2820 130 68 esse,
1402 2820 72 68 a
1431 2820 101 68 sua
1489 2820 145 68 diuina
1590 2820 174 68 essentia
1721 2820 116 68 quam
1778 2820 116 68 habent

152 2877 96 74 in
200 2877 96 74 se
248 2877 239 74 formaliter:
439 2877 80 74 &
471 2877 112 74 ita
535 2877 112 74 per
599 2877 112 74 se.
663 2877 160 74 habent
774 2877 144 74 etiam
870 2877 175 74 necesse
998 2877 128 74 esse
1077 2877 80 74 a
1109 2877 160 74 patre:
1221 2877 80 74 a
1253 2877 112 74 quo
1317 2877 160 74 habent
1428 2877 144 74 ipsam
1524 2877 175 74 diuinam
1652 2877 207 74 essentiam
1795 2877 112 74 prin-

166 2937 220 61 cipiatiue.
339 2937 141 61 Solus
433 2937 141 61 autem
527 2937 126 61 deus
606 2937 141 61 pater
700 2937 78 61 &
731 2937 126 61 deus
810 2937 188 61 trinitas
951 2937 141 61 habet
1045 2937 126 61 suum
1123 2937 173 61 necesse
1249 2937 126 61 esse
1327 2937 110 61 ita
1390 2937 110 61 per
1453 2937 94 61 se
1500 2937 235 61 formaliter:
1688 2937 126 61 quod
1767 2937 110 61 per
1814 2937 94 61 nul-

144 2987 109 71 lum
207 2987 140 71 alium
300 2987 202 71 effectiue
455 2987 124 71 siue
532 2987 279 71 principiatiue.
765 2987 109 71 Sed
827 2987 124 71 quod
904 2987 171 71 Auicen.
1029 2987 78 71 &
1060 2987 233 71 generaliter
1246 2987 140 71 omnes
1339 2987 217 71 philosophi
1509 2987 155 71 habent
1618 2987 109 71 pro
1664 2987 233 71 inconvenienti

147 3040 121 74 quod
223 3040 167 74 aliquod
344 3040 136 74 habet
435 3040 76 74 a
465 3040 91 74 se
510 3040 121 74 quod
586 3040 106 74 sit
646 3040 167 74 necesse
768 3040 136 74 esse:
858 3040 76 74 &
889 3040 197 74 similiter
1040 3040 91 74 ab
1085 3040 136 74 alio:
1176 3040 106 74 non
1237 3040 106 74 est
1297 3040 257 74 inconveniens:
1509 3040 121 74 nisi
1585 3040 151 74 contra
1691 3040 182 74 ponentes
1812 3040 91 74 deum

155 3094 227 63 essentialiter
342 3094 134 63 dictum
436 3094 107 63 esse
502 3094 147 63 necesse
610 3094 107 63 esse
676 3094 94 63 per
730 3094 94 63 se:
783 3094 67 63 &
810 3094 94 63 per
864 3094 134 63 aliud.
957 3094 120 63 Dicit
1038 3094 107 63 enim
1105 3094 147 63 Auicen.
1212 3094 107 63 sic.
1279 3094 120 63 Patet
1359 3094 120 63 etiam
1439 3094 107 63 quod
1506 3094 201 63 impossibile
1667 3094 107 63 est:
1733 3094 80 63 vt
1774 3094 147 63 aliquid

154 3144 120 62 idem
229 3144 105 62 sit
289 3144 164 62 necesse
408 3144 120 62 esse
483 3144 105 62 per
542 3144 105 62 se:
602 3144 75 62 &
632 3144 164 62 necesse
752 3144 120 62 esse
826 3144 105 62 per
886 3144 149 62 aliud.
991 3144 90 62 Si
1036 3144 120 62 enim
1110 3144 134 62 esset
1200 3144 164 62 necesse
1319 3144 120 62 esse
1394 3144 105 62 per
1454 3144 149 62 aliud,
1558 3144 120 62 tunc
1633 3144 224 62 impossibile
1797 3144 105 62 esset

156 3197 137 67 illud
247 3197 183 67 inueniri
385 3197 122 67 sine
461 3197 122 67 illo
538 3197 137 67 alio.
629 3197 229 67 impossibile
813 3197 122 67 ergo
889 3197 137 67 esset
981 3197 183 67 inueniri
1118 3197 168 67 necesse
1240 3197 122 67 esse
1317 3197 107 67 per
1378 3197 107 67 se:
1439 3197 122 67 quia
1515 3197 137 67 esset
1607 3197 229 67 necessarium
1790 3197 107 67 per
1836 3197 61 67 se

149 3249 114 96 iam
214 3249 162 96 habere
327 3249 146 96 esse:
425 3249 81 96 &
457 3249 146 96 illud
555 3249 146 96 aliud
652 3249 146 96 nihil
749 3249 162 96 ageret
863 3249 97 96 ad
912 3249 130 96 esse
993 3249 130 96 eius
1074 3249 260 96 necessarium.
1285 3249 195 96 quicquid
1431 3249 130 96 enim
1512 3249 114 96 est
1577 3249 97 96 in
1626 3249 130 96 quod
1707 3249 130 96 agit
1788 3249 146 96 aliud
