2344 3763
88 324 202 73 contingat
244 324 171 73 hominem
368 324 155 73 tenere
476 324 140 73 certa
569 324 171 73 notitia
693 324 124 73 quod
771 324 124 73 vera
848 324 109 73 sit
910 324 124 73 illa
988 324 217 73 propositio
1158 324 109 73 qua
1220 324 171 73 dicitur
1344 324 124 73 quod
1422 324 124 73 deus
1499 324 124 73 est.
1577 324 109 73 Non
1639 324 140 73 autem
1716 324 140 73 quaerit

90 385 92 63 an
136 385 199 63 contingat
288 385 168 63 hominem
410 385 137 63 scire
502 385 137 63 ipsum
594 385 122 63 esse
670 385 107 63 dei
731 385 107 63 quo
792 385 122 63 vere
869 385 137 63 habet
960 385 122 63 esse
1037 385 92 63 in
1082 385 107 63 se.
1143 385 92 63 De
1189 385 199 63 huiusmodi
1342 385 122 63 enim
1418 385 183 63 scientia
1556 385 122 63 erit
1632 385 137 63 sermo
1709 385 137 63 quaeren

93 440 85 67 do
135 440 85 67 de
178 440 99 67 deo
234 440 113 67 quid
304 440 113 67 sit:
375 440 113 67 esse
446 440 113 67 enim
516 440 99 67 dei
572 440 99 67 est
629 440 99 67 sua
685 440 183 67 quiditas:
826 440 85 67 vt
869 440 141 67 dictum
967 440 113 67 est.
1038 440 99 67 Hoc
1094 440 113 67 ergo
1165 440 113 67 modo
1235 440 226 67 intelligendo
1419 440 226 67 quaestionem:
1602 440 169 67 Dicendum
1729 440 113 67 quod
1800 440 85 67 du

100 492 182 67 pliciter
236 492 197 67 contingit
388 492 136 67 scire
478 492 106 67 rem
539 492 167 67 aliquam
660 492 136 67 esse.
751 492 106 67 Vno
811 492 121 67 modo
887 492 106 67 per
948 492 167 67 seipsam
1069 492 91 67 ex
1114 492 197 67 euidentia
1266 492 227 67 existentiae
1447 492 121 67 suae
1523 492 121 67 apud
1599 492 197 67 scientem:
1750 492 91 67 ad
1780 492 61 67 mo

94 545 102 69 dum
153 545 102 69 quo
211 545 116 69 scit
283 545 131 69 ignem
370 545 116 69 esse
443 545 116 69 ille
516 545 102 69 qui
574 545 131 69 videt
661 545 131 69 ignem
748 545 203 69 praesentem
908 545 160 69 oculis.
1024 545 102 69 hoc
1082 545 116 69 modo
1155 545 116 69 apud
1227 545 218 69 intellectum
1402 545 174 69 sciuntur
1532 545 131 69 prima
1620 545 189 69 principia
1750 545 102 69 scien

95 597 155 57 tiarum
203 597 108 57 per
265 597 93 57 se
311 597 139 57 nota,
404 597 124 57 quae
481 597 124 57 sine
558 597 139 57 medio
651 597 93 57 se
697 597 185 57 offerunt
836 597 170 57 nostrae
960 597 232 57 cognitioni.
1145 597 232 57 Cognoscimus
1331 597 124 57 enim
1408 597 93 57 ea
1454 597 108 57 non
1516 597 108 57 per
1578 597 170 57 aliquid
1701 597 139 57 extra
1779 597 77 57 se:

101 649 100 61 sed
158 649 100 61 per
215 649 157 61 aliquid
329 649 129 61 intra
415 649 100 61 se,
472 649 114 61 quod
544 649 100 61 est
601 649 86 61 de
644 649 100 61 sua
701 649 229 61 integritate,
887 649 157 61 quoniam
1001 649 172 61 secundum
1130 649 214 61 Philosophum
1302 649 186 61 principia
1445 649 214 61 cognoscimus
1616 649 186 61 inquantum
1745 649 100 61 termi

102 705 108 55 nos
163 705 247 55 cognoscimus.
364 705 93 55 Et
410 705 123 55 quia
487 705 201 55 principia
642 705 231 55 scientiarum
827 705 108 55 sic
888 705 123 55 sunt
966 705 139 55 prima
1058 705 93 55 in
1104 705 216 55 cognitione
1274 705 123 55 quod
1351 705 247 55 cognoscuntur
1552 705 108 55 per
1614 705 93 55 se
1660 705 123 55 esse
1737 705 77 55 &
1752 705 93 55 esse

100 755 134 65 vera:
189 755 104 65 non
249 755 104 65 per
308 755 149 65 medium
412 755 149 65 aliud:
516 755 104 65 sed
576 755 134 65 omnia
665 755 119 65 alia
739 755 238 65 cognoscuntur
932 755 104 65 per
992 755 134 65 ipsa:
1081 755 119 65 ldeo
1155 755 178 65 Comment.
1289 755 104 65 ii.
1349 755 134 65 Meta.
1438 755 178 65 comparat
1572 755 89 65 ea
1616 755 119 65 loco
1691 755 149 65 ianuae
1795 755 89 65 in

103 813 142 65 domo,
198 813 126 65 quem
276 813 157 65 nullus
386 813 142 65 debet
481 813 204 65 ignorare:
638 813 110 65 sed
701 813 142 65 primo
795 813 189 65 intrare:
937 813 79 65 &
968 813 110 65 per
1031 813 142 65 ipsum
1126 813 110 65 ire
1188 813 94 65 ad
1236 813 267 65 perscrutandum
1456 813 220 65 secretiora
1629 813 157 65 domus.
1723 813 126 65 Loquen

97 865 85 56 do
139 865 85 56 de
182 865 113 56 isto
252 865 113 56 modo
323 865 212 56 cognoscendi
493 865 113 56 deum
563 865 127 56 esse,
648 865 170 56 dicendum
775 865 113 56 quod
846 865 113 56 deum
916 865 113 56 esse
987 865 99 56 non
1044 865 99 56 est
1100 865 226 56 cognoscibile
1284 865 85 56 ab
1326 865 155 56 homine:
1439 865 113 56 nisi
1510 865 99 56 cui
1566 865 127 56 illud
1651 865 99 56 est
1708 865 99 56 per
1764 865 85 56 se
1792 865 57 56 no

95 917 99 71 tum
151 917 99 71 non
208 917 212 71 cognoscendo
377 917 169 71 scilicet
504 917 113 71 deum
574 917 127 71 esse,
659 917 212 71 cognoscendo
828 917 113 71 eius
899 917 155 71 naturam
1012 917 71 71 &
1040 917 212 71 quiditatem:
1209 917 113 71 sine
1280 917 127 71 cuius
1364 917 197 71 cognitione
1520 917 99 71 non
1576 917 212 71 cognoscimus
1745 917 85 71 ex
1773 917 71 71 eui

96 970 146 71 dentia
199 970 102 71 rei
257 970 175 71 terminos
388 970 88 71 in
432 970 117 71 illa
505 970 233 71 propositione
695 970 117 71 quae
767 970 160 71 dicitur
884 970 117 71 deus
957 970 117 71 est.
1030 970 102 71 sed
1088 970 88 71 de
1132 970 204 71 cognitione
1293 970 117 71 quod
1366 970 102 71 est
1424 970 131 71 deus:
1511 970 73 71 &
1541 970 88 71 an
1584 970 117 71 deum
1657 970 117 71 esse
1730 970 102 71 sit
1774 970 73 71 per

101 1020 86 64 se
144 1020 129 64 notum
230 1020 144 64 nobis,
330 1020 187 64 videbitur
474 1020 187 64 inferius.
618 1020 115 64 Alio
690 1020 129 64 autem
776 1020 115 64 modo
848 1020 187 64 contingit
991 1020 129 64 scire
1077 1020 101 64 rem
1135 1020 158 64 aliquam
1250 1020 115 64 esse
1322 1020 101 64 non
1379 1020 101 64 per
1436 1020 86 64 se
1480 1020 86 64 ex
1523 1020 101 64 rei
1580 1020 201 64 euidentia:
1738 1020 101 64 sed
1781 1020 72 64 per

104 1077 150 61 medium
209 1077 150 61 notius
314 1077 180 61 deducens
448 1077 105 61 via
508 1077 254 61 ratiocinatiua
718 1077 90 61 ad
763 1077 135 61 illud
852 1077 239 61 cognoscendum
1047 1077 165 61 tamquam
1167 1077 180 61 ignotius
1301 1077 90 61 ex
1346 1077 224 61 colligantia
1526 1077 224 61 existentiae
1705 1077 135 61 vnius
1795 1077 90 61 ad

107 1132 223 69 existentiam
286 1132 193 69 alterius,
434 1132 149 69 quorum
539 1132 119 69 vnum
613 1132 89 69 ex
658 1132 104 69 rei
717 1132 193 69 euidentia
866 1132 134 69 videt
955 1132 104 69 per
1015 1132 179 69 seipsum:
1149 1132 164 69 alterum
1268 1132 119 69 vero
1342 1132 104 69 non
1402 1132 134 69 visum
1491 1132 104 69 per
1550 1132 89 69 se
1595 1132 89 69 ex
1640 1132 104 69 rei
1684 1132 164 69 euidentia

99 1184 107 70 per
160 1184 138 70 illud
252 1184 138 70 visum
343 1184 107 70 per
405 1184 92 70 se
450 1184 168 70 tanquam
573 1184 107 70 per
634 1184 153 70 medium
741 1184 214 70 cognitione
909 1184 199 70 collatiua
1062 1184 214 70 cognoscit,
1230 1184 92 70 ad
1276 1184 138 70 modum
1368 1184 107 70 quo
1429 1184 168 70 aliquis
1551 1184 122 70 scit
1628 1184 138 70 ignem
1719 1184 122 70 esse
1796 1184 92 70 in

95 1243 125 70 domo
173 1243 125 70 quid
251 1243 140 70 videt
345 1243 156 70 oculis
454 1243 125 70 suis
532 1243 140 70 fumum
625 1243 187 70 exeuntem
766 1243 94 70 de
812 1243 171 70 camino:
937 1243 109 70 quo
999 1243 125 70 modo
1077 1243 140 70 etiam
1171 1243 187 70 sciuntur
1311 1243 249 70 conclusiones
1514 1243 94 70 in
1545 1243 296 70 demonstrationibus

97 1282 111 85 per
160 1282 111 85 sua
224 1282 221 85 principia.
397 1282 189 85 Loquendo
539 1282 142 85 autem
634 1282 95 85 de
681 1282 111 85 hoc
745 1282 126 85 modo
824 1282 253 85 cognoscendi,
1029 1282 189 85 Dicendum
1171 1282 189 85 absolute
1313 1282 126 85 quod
1392 1282 126 85 bene
1471 1282 205 85 contingit
1629 1282 174 85 hominem
1739 1282 111 85 scire

102 1362 120 54 deum
177 1362 135 54 esse:
267 1362 165 54 sciendo
386 1362 120 54 enim
461 1362 105 54 per
521 1362 135 54 visum
611 1362 75 54 &
640 1362 239 54 experientiam
835 1362 150 54 sensus
940 1362 194 54 creaturas
1089 1362 135 54 esse,
1179 1362 90 54 ex
1224 1362 179 54 naturali
1358 1362 224 54 colligantia
1538 1362 135 54 earum
1628 1362 90 54 ad
1673 1362 120 54 esse
1732 1362 120 54 creato

99 1397 95 82 ris
154 1397 243 82 infallibiliter
356 1397 135 82 potest
451 1397 122 82 sciri
532 1397 122 82 ductu
613 1397 176 82 naturalis
748 1397 162 82 rationis
870 1397 108 82 deum
937 1397 122 82 esse:
1018 1397 162 82 secundum
1140 1397 108 82 quod
1207 1397 149 82 patebit
1316 1397 149 82 clarius
1424 1397 81 82 in
1464 1397 203 82 quaestione,
1626 1397 135 82 quarta
1707 1397 149 82 sequenti.

138 1454 119 78 Ad
197 1454 198 78 primum
336 1454 119 78 in
396 1454 258 78 oppositum
594 1454 159 78 quod
693 1454 159 78 deus
793 1454 258 78 inhabitat
991 1454 179 78 lucem
1110 1454 357 78 inaccessibilem
1408 1454 218 78 homini:
1566 1454 238 78 Dicendum
1725 1454 119 78 quod

110 1531 142 52 duplex
209 1531 99 52 est
266 1531 99 52 lux
323 1531 114 52 quam
394 1531 185 52 inhabitat
536 1531 128 52 deus:
621 1531 99 52 lux
678 1531 170 52 scilicet
806 1531 114 52 suae
877 1531 170 52 naturae:
1005 1531 71 52 &
1033 1531 99 52 lux
1090 1531 199 52 creaturae:
1246 1531 71 52 &
1275 1531 99 52 per
1331 1531 170 52 vtramque
1459 1531 241 52 cognoscibilis
1658 1531 99 52 est
1715 1531 85 52 ab
1743 1531 114 52 homine

101 1568 107 74 Lux
162 1568 198 74 creaturae
314 1568 122 74 quam
390 1568 198 74 inhabitat
543 1568 107 74 non
604 1568 107 74 est
665 1568 152 74 homini
771 1568 290 74 inaccessibilis:
1015 1568 122 74 quia
1091 1568 152 74 subest
1198 1568 183 74 naturali
1335 1568 183 74 rationi:
1472 1568 76 74 &
1503 1568 122 74 ideo
1579 1568 137 74 etiam
1670 1568 91 74 ex
1716 1568 137 74 puris
1792 1568 61 74 na

109 1622 184 70 turalibus
250 1622 155 70 astante
363 1622 169 70 generali
490 1622 240 70 illustratione
688 1622 155 70 diuina:
801 1622 169 70 secundum
928 1622 113 70 quod
999 1622 155 70 habitum
1112 1622 99 70 est
1168 1622 141 70 supra:
1267 1622 99 70 est
1323 1622 141 70 homini
1422 1622 240 70 accessibilis:
1620 1622 71 70 &
1648 1622 99 70 per
1705 1622 127 70 illam
1775 1622 71 70 est

108 1679 129 56 deus
189 1679 97 56 ab
237 1679 161 56 homine
350 1679 291 56 cognoscibilis,
592 1679 97 56 vt
641 1679 178 56 dicetur
770 1679 97 56 in
818 1679 226 56 quaestione
996 1679 161 56 quarta
1109 1679 210 56 sequente.
1271 1679 145 56 Prima
1368 1679 129 56 vero
1448 1679 113 56 lux
1513 1679 97 56 ex
1561 1679 145 56 puris
1642 1679 210 56 naturalibus

103 1733 104 68 est
163 1733 149 68 homini
267 1733 283 68 inaccessibilis:
505 1733 89 68 ex
550 1733 119 68 dono
624 1733 134 68 autem
714 1733 164 68 gratiae
833 1733 194 68 specialis
982 1733 119 68 bene
1056 1733 104 68 est
1116 1733 89 68 ei
1161 1733 253 68 accessibilis:
1369 1733 179 68 secundum
1503 1733 119 68 quod
1578 1733 89 68 de
1623 1733 209 68 cognitione
1772 1733 74 68 dei

106 1795 134 58 clara
196 1795 89 58 in
240 1795 119 58 luce
315 1795 224 58 diuinitatis
494 1795 104 58 per
554 1795 179 58 gratiam,
688 1795 134 58 infra
777 1795 209 58 videbitur.
941 1795 119 58 Vnde
1016 1795 134 58 dicit
1105 1795 104 58 ibi
1165 1795 134 58 Glos.
1254 1795 164 58 Habitat
1374 1795 134 58 lucem
1463 1795 283 58 inaccessibilem:
1702 1795 119 58 quia
1762 1795 89 58 nul-

115 1840 104 63 lus
175 1840 89 63 ad
219 1840 104 63 eum
279 1840 164 63 accedit
398 1840 89 63 ex
443 1840 104 63 se:
503 1840 104 63 sed
562 1840 104 63 cui
622 1840 134 63 datur
712 1840 89 63 ex
756 1840 119 63 dono
831 1840 134 63 eius.
950 1840 89 63 Ad
995 1840 179 63 secundum
1129 1840 119 63 quod
1204 1840 149 63 posuit
1308 1840 179 63 tenebras
1442 1840 104 63 la.
1502 1840 134 63 suum.
1591 1840 179 63 Dicendum
1726 1840 119 63 quod
1785 1840 60 63 si

107 1890 110 63 cut
170 1890 203 63 apparitio
326 1890 110 63 dei
389 1890 94 63 in
436 1890 110 63 sua
498 1890 203 63 claritate
655 1890 172 63 dicitur
780 1890 125 63 eius
858 1890 250 63 manifestatio
1062 1890 110 63 qua
1124 1890 141 63 natus
1218 1890 110 63 est
1281 1890 188 63 cognosci
1422 1890 156 63 aperta
1531 1890 172 63 visione
1656 1890 125 63 suae
1719 1890 125 63 essen-

109 1946 135 62 tiae:
199 1946 105 62 sic
259 1946 210 62 occultatio
424 1946 120 62 eius
499 1946 105 62 sub
559 1946 240 62 similitudine
754 1946 75 62 &
784 1946 195 62 aenigmate
934 1946 195 62 creaturae
1083 1946 120 62 quae
1158 1946 105 62 est
1218 1946 135 62 quasi
1308 1946 165 62 tenebra
1428 1946 180 62 respectu
1563 1946 210 62 claritatis
1713 1946 135 62 diuinae

115 1997 138 68 lucis,
212 1997 152 68 dicitur
323 1997 111 68 eius
392 1997 194 68 latibulum:
544 1997 97 68 non
599 1997 111 68 tale
668 1997 111 68 quod
738 1997 138 68 omnino
834 1997 180 68 abscondat
973 1997 207 68 cognitionem
1139 1997 180 68 latentis,
1277 1997 124 68 sicut
1360 1997 166 68 tenebrae
1484 1997 194 68 corporales
1637 1997 138 68 omnino
1720 1997 124 68 abscon-

111 2062 122 59 dunt
187 2062 153 59 corpus
294 2062 92 59 ne
340 2062 183 59 videatur
477 2062 153 59 omnino
584 2062 92 59 ab
630 2062 153 59 oculis
737 2062 199 59 corporis:
890 2062 107 59 sed
951 2062 122 59 quod
1027 2062 153 59 claram
1134 2062 107 59 dei
1195 2062 229 59 cognitionem
1378 2062 183 59 habendam
1516 2062 107 59 per
1577 2062 137 59 aptam
1669 2062 183 59 visionem
1791 2062 61 59 ob

115 2103 156 63 umbret.
257 2103 85 63 Ad
299 2103 156 63 tertium
413 2103 170 63 dicendum
541 2103 114 63 quod
611 2103 142 63 duplex
711 2103 99 63 est
768 2103 114 63 quod
839 2103 114 63 est,
909 2103 156 63 quoddam
1023 2103 114 63 enim
1094 2103 99 63 est
1151 2103 114 63 quod
1222 2103 99 63 est
1278 2103 114 63 quod
1349 2103 156 63 dicitur
1463 2103 99 63 per
1520 2103 142 63 nomen:
1619 2103 71 63 &
1647 2103 99 63 est
1704 2103 85 63 in
1732 2103 114 63 demon-

107 2156 168 60 stratiuis
236 2156 168 60 scientiis
365 2156 219 60 praecognitio.
546 2156 90 60 est
598 2156 116 60 aliud
675 2156 103 60 quod
740 2156 90 60 est
791 2156 155 60 scilicet
907 2156 116 60 ratio
985 2156 168 60 essentiae
1114 2156 65 60 &
1140 2156 142 60 naturae
1243 2156 103 60 eius
1308 2156 103 60 quod
1372 2156 142 60 dicitur
1476 2156 103 60 ipso
1540 2156 142 60 nomine:
1643 2156 65 60 &
1669 2156 90 60 est
1721 2156 77 60 in
1747 2156 90 60 demon

113 2210 196 67 stratiuis
264 2210 181 67 quaestio
400 2210 75 67 &
430 2210 211 67 definitiua
596 2210 151 67 ratio:
702 2210 91 67 de
747 2210 151 67 quibus
853 2210 166 67 amplius
973 2210 136 67 infra
1064 2210 211 67 videbitur.
1230 2210 121 67 Quid
1306 2210 106 67 est
1366 2210 136 67 primo
1456 2210 136 67 modo,
1547 2210 136 67 debet
1638 2210 136 67 sciri
1728 2210 121 67 ante
1789 2210 60 67 si

107 2269 118 67 est.
181 2269 118 67 vnde
255 2269 133 67 dicit
343 2269 221 67 Aristoteles
520 2269 88 67 de
564 2269 147 67 vacuo:
667 2269 118 67 quod
741 2269 88 67 ad
785 2269 221 67 declarandum
961 2269 88 67 an
1006 2269 103 67 sit
1064 2269 147 67 vacuum
1168 2269 74 67 &
1197 2269 177 67 qualiter
1330 2269 118 67 sit:
1403 2269 147 67 opetet
1506 2269 177 67 accipere
1639 2269 118 67 quid
1698 2269 147 67 signifi-

117 2319 101 60 cet
174 2319 144 60 nomen.
275 2319 72 60 &
304 2319 115 60 tale
376 2319 115 60 quid
448 2319 101 60 est
505 2319 158 60 oportet
620 2319 130 60 scire
707 2319 86 60 de
750 2319 101 60 deo
808 2319 130 60 prius
894 2319 115 60 quam
966 2319 158 60 sciatur
1081 2319 86 60 si
1124 2319 115 60 est.
1196 2319 101 60 Cum
1254 2319 115 60 enim
1326 2319 101 60 non
1383 2319 144 60 scitur
1484 2319 86 60 ex
1527 2319 187 60 creaturis
1671 2319 86 60 an
1714 2319 101 60 sit
1758 2319 86 60 nisi

107 2377 106 65 per
167 2377 242 65 causalitatem
364 2377 76 65 &
395 2377 227 65 eminentiam:
576 2377 91 65 vt
622 2377 151 65 dictum
728 2377 106 65 est
788 2377 151 65 supra:
894 2377 91 65 ad
940 2377 106 65 hoc
1000 2377 91 65 vt
1046 2377 106 65 via
1106 2377 242 65 causalitatis
1303 2377 76 65 &
1333 2377 212 65 eminentiae
1500 2377 242 65 inuestigetur
1697 2377 121 65 deum
1757 2377 91 65 esse

116 2440 148 57 oportet
223 2440 121 57 prius
303 2440 201 57 intelligere
464 2440 107 57 quid
531 2440 215 57 significetur
706 2440 94 57 hoc
759 2440 134 57 nomine
853 2440 121 57 deus:
934 2440 67 57 &
961 2440 107 57 quod
1028 2440 94 57 hoc
1081 2440 134 57 nomine
1175 2440 121 57 esse.
1256 2440 134 57 Aliter
1350 2440 107 57 enim
1417 2440 148 57 probato
1524 2440 107 57 quod
1591 2440 121 57 esset
1672 2440 148 57 aliquid
1766 2440 80 57 emi-

112 2477 112 67 nens
182 2477 125 67 super
265 2477 195 67 creaturas:
419 2477 98 67 non
475 2477 84 67 ex
516 2477 98 67 hoc
572 2477 167 67 sciretur
698 2477 112 67 deus
767 2477 125 67 esse.
851 2477 181 67 Nescienti
990 2477 112 67 enim
1060 2477 112 67 quid
1130 2477 223 67 significetur
1311 2477 98 67 hoc
1367 2477 139 67 nomine
1465 2477 125 67 deus,
1548 2477 125 67 nullo
1632 2477 112 67 modo
1702 2477 125 67 esset
1771 2477 70 67 pro

108 2530 136 56 batum
199 2530 121 56 quia
274 2530 121 56 deus
350 2530 151 56 esset.
456 2530 121 56 tali
532 2530 121 56 enim
607 2530 227 56 contingeret
789 2530 121 56 quod
865 2530 197 56 contingit
1016 2530 197 56 quaerenti
1168 2530 151 56 seruum
1274 2530 197 56 fugitiuum
1425 2530 121 56 quem
1501 2530 106 56 non
1561 2530 197 56 cognoscit
1713 2530 167 56 omnino:

117 2584 138 60 talis
209 2584 123 60 enim
285 2584 123 60 etsi
362 2584 200 60 quaesitum
516 2584 200 60 inueniat:
669 2584 107 60 non
731 2584 138 60 tamen
823 2584 200 60 cognoscit
976 2584 123 60 quia
1053 2584 123 60 ille
1130 2584 123 60 est:
1206 2584 77 60 &
1237 2584 107 60 ita
1298 2584 153 60 nescit
1406 2584 92 60 se
1452 2584 138 60 illum
1544 2584 215 60 inuenisse.
1713 2584 92 60 vt
1744 2584 107 60 dicit

114 2641 229 68 Themistius
294 2641 147 68 super
392 2641 196 68 princip.
539 2641 147 68 Post.
637 2641 82 68 &
670 2641 114 68 hoc
735 2641 213 68 contingit
899 2641 147 68 ideo:
997 2641 131 68 quia
1078 2641 131 68 nemo
1160 2641 164 68 potest
1275 2641 196 68 iudicare
1422 2641 98 68 de
1471 2641 98 68 eo
1520 2641 131 68 quod
1602 2641 196 68 ignorat.
1749 2641 98 68 vt
1782 2641 65 68 di

118 2690 157 64 citur.
228 2690 94 64 i.
275 2690 203 64 Ethicorum
431 2690 125 64 Quid
510 2690 110 64 est
572 2690 172 64 secundo
697 2690 125 64 modo
776 2690 110 64 non
838 2690 219 64 necessario
1010 2690 157 64 scitur
1120 2690 125 64 ante
1198 2690 94 64 si
1245 2690 125 64 est.
1324 2690 125 64 bene
1402 2690 125 64 enim
1480 2690 203 64 contingit
1637 2690 141 64 scire
1730 2690 94 64 de
1762 2690 78 64 deo

117 2746 97 67 si
165 2746 130 67 est,
247 2746 114 67 non
312 2746 179 67 cognita
442 2746 97 67 re
490 2746 130 67 ipsa
571 2746 130 67 quae
653 2746 130 67 deus
734 2746 130 67 est:
815 2746 195 67 secundum
961 2746 130 67 quod
1042 2746 146 67 infra
1124 2746 162 67 dicetur.

454 2771 121 98 lrca
530 2771 182 98 secundum
666 2771 182 98 arguitur
803 2771 121 98 quod
878 2771 121 98 deum
954 2771 121 98 esse
1030 2771 106 98 sit
1091 2771 152 98 homini
1197 2771 136 98 notum
1288 2771 227 98 naturaliter
1470 2771 76 98 &
1500 2771 106 98 per
1561 2771 106 98 se.
1622 2771 136 98 Primo
1713 2771 121 98 sic.
1773 2771 76 98 Da-

455 2856 175 65 mascenus
587 2856 132 65 dicit
675 2856 88 65 in
718 2856 132 65 primo
806 2856 132 65 libro
894 2856 161 65 Omnibus
1011 2856 175 65 cognitio
1142 2856 161 65 essendi
1259 2856 117 65 deum
1332 2856 219 65 naturaliter
1508 2856 161 65 inserta
1625 2856 117 65 est.
1698 2856 117 65 tale
1771 2856 102 65 no-

451 2907 104 62 tum
511 2907 104 62 est
570 2907 223 62 naturaliter
749 2907 74 62 &
778 2907 104 62 per
838 2907 104 62 se.
898 2907 119 62 ergo
972 2907 104 62 &c.
1061 2907 164 62 Secundo
1180 2907 119 62 sic.
1255 2907 104 62 Hu.
1314 2907 119 62 lib.
1389 2907 89 62 i,
1433 2907 119 62 Deus
1508 2907 89 62 ab
1552 2907 149 62 initio
1656 2907 104 62 sic
1701 2907 134 62 tempera

456 2960 97 66 uit
511 2960 166 66 notitiam
636 2960 110 66 suam
705 2960 83 66 ad
746 2960 166 66 hominem:
870 2960 83 66 vt
912 2960 124 66 sicut
995 2960 152 66 numquam
1105 2960 110 66 quid
1174 2960 124 66 esset
1257 2960 124 66 totum
1340 2960 152 66 poterat
1450 2960 221 66 comprehendi:
1630 2960 97 66 sic
1685 2960 110 66 quia
1740 2960 97 66 esset

448 3027 160 56 nunquam
565 3027 160 56 prorsus
681 3027 145 56 posset
783 3027 189 56 ignorari.
928 3027 131 56 illud
1015 3027 131 56 autem
1102 3027 116 56 quod
1175 3027 102 56 non
1233 3027 145 56 potest
1335 3027 174 56 ignorari
1465 3027 102 56 est
1523 3027 102 56 per
1582 3027 87 56 se
1625 3027 218 56 naturaliter
1785 3027 58 56 no

417 3071 113 66 tum.
487 3071 113 66 ergo
558 3071 99 66 &c.
643 3071 141 66 Tertio
741 3071 113 66 sic.
812 3071 127 66 illud
896 3071 99 66 est
953 3071 99 66 per
1009 3071 85 66 se
1051 3071 212 66 naturaliter
1221 3071 141 66 notum:
1319 3071 113 66 quod
1390 3071 169 66 cognitis
1517 3071 169 66 terminis
1644 3071 141 66 statim
1728 3071 113 66 scitur

100 3124 139 68 sicut
192 3124 201 68 contingit
347 3124 93 68 in
394 3124 155 68 primis
502 3124 232 68 principiis:
688 3124 124 68 quae
765 3124 186 68 secundum
904 3124 232 68 philosophum
1090 3124 232 68 cognoscimus
1275 3124 201 68 inquantum
1430 3124 186 68 terminos
1569 3124 248 68 cognoscimus.
1771 3124 108 68 sed

103 3178 171 63 cognito
228 3178 93 63 eo
274 3178 124 63 quod
352 3178 249 63 significatur
554 3178 109 63 hoc
617 3178 155 63 nomine
725 3178 140 63 deus:
819 3178 78 63 &
850 3178 124 63 quod
928 3178 249 63 significatur
1130 3178 109 63 per
1192 3178 124 63 est:
1270 3178 155 63 statim
1379 3178 233 63 cognoscitur
1565 3178 124 63 quia
1643 3178 124 63 deus
1721 3178 124 63 est:
1783 3178 62 63 eo

105 3225 130 87 quod
186 3225 97 87 in
234 3225 113 87 deo
299 3225 178 87 penitus
429 3225 130 87 sunt
510 3225 130 87 idem
591 3225 130 87 esse
672 3225 81 87 &
704 3225 211 87 essentia:
866 3225 97 87 vt
915 3225 194 87 essentia
1061 3225 113 87 dei
1126 3225 113 87 sit
1191 3225 146 87 ipsum
1288 3225 130 87 esse
1369 3225 146 87 eius:
1466 3225 146 87 sicut
1563 3225 162 87 dictum
1677 3225 113 87 est
1725 3225 130 87 supra.
