2373 3774
462 317 251 82 Incorporalia
666 317 110 82 non
729 317 125 82 sunt
807 317 94 82 in
854 317 141 82 loco.
948 317 235 82 Incorporale
1136 317 125 82 enim
1214 317 172 82 ratione
1339 317 172 82 nominis
1465 317 141 82 vltro
1559 317 110 82 dat
1621 317 235 82 intelligere
1809 317 188 82 sapienti
1950 317 125 82 quod
2013 317 219 82 incircunscri

479 385 173 67 ptibile
605 385 79 67 &
637 385 252 67 insituabile.
841 385 79 67 &
873 385 110 67 hoc
936 385 110 67 est
999 385 126 67 idem
1078 385 126 67 quod
1156 385 110 67 non
1219 385 157 67 potens
1330 385 126 67 esse
1408 385 94 67 in
1455 385 142 67 loco:
1550 385 126 67 quia
1629 385 126 67 esse
1707 385 94 67 in
1755 385 126 67 loco
1833 385 142 67 nihil
1928 385 220 67 significat
2085 385 142 67 sapien-

484 440 90 63 ti
529 440 120 63 nisi
604 440 241 63 circunscribi
800 440 135 63 loco.
890 440 135 63 Nullo
980 440 120 63 ergo
1056 440 120 63 modo
1131 440 120 63 ista
1206 440 211 63 propositio
1372 440 120 63 deus
1447 440 120 63 est:
1522 440 196 63 cuicumque
1672 440 241 63 intelligenti
1868 440 150 63 potest
1973 440 120 63 esse
2048 440 105 63 per
2109 440 90 63 se
2139 440 90 63 nota

482 488 149 68 quasi
582 488 116 68 per
648 488 149 68 ipsam
747 488 281 68 propositionem
979 488 265 68 quantacumque
1194 488 248 68 certitudine
1392 488 132 68 nota
1475 488 132 68 sit.
1558 488 165 68 lterum
1674 488 132 68 ergo
1756 488 83 68 &
1789 488 165 68 iterum
1905 488 232 68 reuoluendo
2071 488 165 68 sermonem

484 547 148 72 dico:
582 547 132 72 quia
665 547 132 72 etsi
747 547 132 72 homo
830 547 115 72 per
896 547 181 72 studium
1028 547 132 72 suum
1110 547 148 72 scire
1209 547 165 72 potest
1325 547 82 72 &
1358 547 247 72 intelligere
1556 547 115 72 hoc
1622 547 165 72 nomine
1737 547 132 72 deus
1820 547 247 72 significari
2018 547 99 72 id
2067 547 115 72 quo
2117 547 115 72 maius

473 596 218 66 excogitari
644 596 109 66 non
707 596 171 66 potest:
831 596 78 66 &
862 596 109 66 ita
924 596 124 66 quod
1002 596 109 66 non
1064 596 155 66 potest
1173 596 186 66 cogitari
1312 596 109 66 non
1375 596 140 66 esse:
1468 596 140 66 etiam
1561 596 93 66 si
1608 596 109 66 cum
1670 596 109 66 hoc
1732 596 155 66 studio
1841 596 109 66 suo
1903 596 140 66 sciat
1996 596 124 66 quod
2074 596 109 66 est
2120 596 109 66 purum

486 661 142 52 esse:
581 661 79 52 &
613 661 111 52 ita
676 661 126 52 quod
755 661 111 52 non
818 661 158 52 possit
929 661 111 52 non
992 661 142 52 esse:
1087 661 111 52 hoc
1150 661 142 52 nihil
1245 661 111 52 est
1308 661 95 52 ad
1355 661 205 52 faciendum
1513 661 269 52 propositionem
1734 661 111 52 per
1798 661 95 52 se
1845 661 158 52 notam:
1956 661 126 52 immo
2035 661 95 52 ad
2082 661 111 52 hoc
2145 661 126 52 quod

481 700 148 71 dicatur
588 700 188 71 propositio
736 700 94 71 per
789 700 81 71 se
830 700 121 71 nota:
910 700 148 71 oportet
1018 700 107 71 quod
1085 700 148 71 termim.
1192 700 161 71 scilicet
1313 700 175 71 subiectum
1447 700 67 71 &
1474 700 201 71 praedicatum
1635 700 121 71 vltro
1716 700 201 71 praetendant
1877 700 121 71 talem
1957 700 94 71 rem
2011 700 94 71 per
2065 700 81 71 se
2092 700 134 71 signifi-

479 754 140 69 cari:
573 754 93 69 vt
620 754 156 69 omnes,
729 754 109 69 vel
791 754 156 69 saltem
900 754 203 69 sapientes
1056 754 156 69 statim
1165 754 187 69 terminis
1305 754 187 69 prolatis
1445 754 234 69 praedicatum
1632 754 156 69 inesse
1741 754 187 69 subiecto
1882 754 234 69 percipiant:
2069 754 140 69 sicut
2147 754 93 69 ista

480 808 160 65 nomina:
597 808 146 65 totum,
699 808 131 65 pars,
786 808 146 65 maius,
888 808 102 65 sic
946 808 131 65 vltro
1034 808 218 65 praetendunt
1208 808 102 65 sua
1267 808 233 65 significata:
1456 808 87 65 vt
1500 808 102 65 per
1558 808 131 65 ipsos
1645 808 131 65 omnes
1732 808 160 65 aliquod
1849 808 233 65 cognoscentes
2038 808 87 65 de
2067 808 175 65 significa-

478 857 105 75 to
530 857 157 75 horum
635 857 244 75 terminorum
827 857 244 75 cognoscant
1019 857 175 75 statim
1141 857 227 75 veritatem
1315 857 175 75 huius:
1437 857 157 75 totum
1542 857 122 75 est
1612 857 157 75 maius
1717 857 122 75 sua
1786 857 175 75 parte.
1908 857 157 75 Quare
2013 857 157 75 licet
2118 857 105 75 in
2153 857 87 75 rei

483 921 190 63 veritate
625 921 126 63 deus
704 921 111 63 sit
768 921 126 63 suum
847 921 142 63 esse:
941 921 79 63 &
973 921 95 63 id
1020 921 111 63 quo
1084 921 142 63 maius
1178 921 190 63 cogitari
1321 921 111 63 non
1384 921 174 63 potest:
1510 921 126 63 quia
1589 921 142 63 tamen
1684 921 111 63 hoc
1747 921 174 63 termini
1874 921 126 63 isti
1953 921 142 63 vltro
2047 921 111 63 non
2095 921 142 63 praetem

478 972 150 76 dunt:
578 972 150 76 etiam
678 972 100 76 si
728 972 116 76 hoc
794 972 150 76 ipsum
894 972 150 76 mente
994 972 183 76 propter
1127 972 183 76 studium
1259 972 116 76 vel
1326 972 150 76 donum
1426 972 183 76 gratiae
1559 972 283 76 perciperemus,
1791 972 233 76 propositio
1974 972 133 76 quae
2057 972 150 76 dicit
2140 972 100 76 deum

488 1029 128 70 esse
568 1029 112 70 non
632 1029 161 70 potest
745 1029 161 70 aliquo
857 1029 128 70 modo
938 1029 177 70 propter
1066 1029 112 70 hoc
1130 1029 128 70 dici
1210 1029 128 70 nota
1291 1029 112 70 per
1355 1029 112 70 se:
1419 1029 80 70 &
1451 1029 112 70 hoc
1516 1029 177 70 maxime:
1644 1029 128 70 quia
1724 1029 112 70 hoc
1788 1029 145 70 nomen
1885 1029 128 70 deus
1965 1029 225 70 significat
2126 1029 112 70 prima

483 1076 158 73 fronte
594 1076 174 73 quantum
721 1076 111 73 est
784 1076 95 73 de
832 1076 238 73 proprietate
1022 1076 174 73 nominis
1149 1076 174 73 diuinam
1275 1076 174 73 naturam
1402 1076 95 73 in
1450 1076 127 73 esse
1529 1076 158 73 quodam
1640 1076 190 73 confuso:
1782 1076 79 73 &
1814 1076 95 73 in
1862 1076 206 73 generali:
2020 1076 79 73 &
2036 1076 206 73 intelligen-

486 1127 91 76 do
531 1127 168 76 diuinam
653 1127 168 76 naturam
775 1127 122 76 tali
852 1127 137 76 modo,
943 1127 107 76 non
1004 1127 168 76 oportet
1126 1127 259 76 cointelligere
1340 1127 137 76 ipsam
1431 1127 137 76 esse:
1522 1127 91 76 vt
1568 1127 152 76 dictum
1675 1127 122 76 est.
1751 1127 229 76 Simpliciter
1934 1127 122 76 ergo
2010 1127 183 76 dicendum
2148 1127 122 76 quod

485 1183 126 61 ista
564 1183 220 61 propositio
737 1183 126 61 deus
815 1183 126 61 est:
894 1183 110 61 non
956 1183 110 61 est
1019 1183 110 61 per
1082 1183 94 61 se
1129 1183 126 61 nota
1208 1183 173 61 alicui:
1333 1183 110 61 nec
1396 1183 173 61 stulto:
1522 1183 110 61 nec
1584 1183 204 61 sapienti:
1742 1183 126 61 nisi
1820 1183 141 61 forte
1914 1183 188 61 quatenus
2056 1183 94 61 ex
2087 1183 157 61 pueritia

493 1240 176 61 assueti
621 1240 144 61 sumus
717 1240 176 61 homines
845 1240 160 61 audire
958 1240 240 61 confitentes
1150 1240 128 61 deum
1230 1240 144 61 esse:
1326 1240 80 61 &
1358 1240 112 61 sic
1422 1240 96 61 ex
1470 1240 256 61 consuetudine
1678 1240 160 61 factum
1790 1240 112 61 est
1855 1240 144 61 nobis
1951 1240 144 61 quasi
2031 1240 208 61 connaturale

487 1292 190 69 assentire
633 1292 234 69 propositioni
823 1292 102 69 qua
882 1292 161 69 dicitur
999 1292 117 69 deus
1072 1292 117 69 est,
1145 1292 161 69 tanquam
1261 1292 102 69 per
1320 1292 88 69 se
1364 1292 146 69 notae.
1466 1292 102 69 Sed
1524 1292 102 69 hoc
1583 1292 131 69 nihil
1670 1292 88 69 ad
1714 1292 190 69 faciendum
1860 1292 248 69 propositionem
2065 1292 117 69 esse
2138 1292 102 69 per
2182 1292 58 69 se

487 1345 145 68 notam:
588 1345 87 68 vt
631 1345 130 68 patet
718 1345 87 68 ex
762 1345 217 68 praedictis.
935 1345 116 68 Vnde
1008 1345 130 68 patet
1095 1345 116 68 quod
1167 1345 116 68 ista
1240 1345 203 68 propositio
1399 1345 116 68 deus
1471 1345 116 68 est:
1544 1345 101 68 non
1602 1345 101 68 est
1660 1345 145 68 omnino
1761 1345 101 68 per
1819 1345 87 68 se
1862 1345 130 68 nota:
1949 1345 116 68 deum
2022 1345 130 68 tamen
2109 1345 116 68 esse
2181 1345 87 68 in

487 1404 144 65 natura
587 1404 144 65 ipsius
688 1404 101 65 rei
745 1404 86 65 in
788 1404 86 65 se
831 1404 201 65 notissimum
989 1404 115 65 est:
1061 1404 72 65 &
1090 1404 101 65 per
1147 1404 86 65 se
1190 1404 144 65 notum.
1291 1404 72 65 i
1320 1404 101 65 per
1377 1404 101 65 eam
1435 1404 129 65 ipsam
1521 1404 101 65 rem
1578 1404 129 65 habet
1664 1404 115 65 quod
1736 1404 101 65 sit
1794 1404 144 65 notum:
1894 1404 115 65 quae
1966 1404 158 65 seipsam
2067 1404 172 65 demonstram

481 1453 108 65 do,
542 1453 139 65 facit
635 1453 139 65 notum
728 1453 93 65 se
774 1453 124 65 esse
852 1453 108 65 cui
913 1453 139 65 vult:
1006 1453 77 65 &
1037 1453 108 65 hoc
1099 1453 108 65 quo
1161 1453 93 65 ad
1207 1453 139 65 aptam
1300 1453 201 65 visionem,
1455 1453 170 65 quantum
1578 1453 139 65 autem
1671 1453 93 65 ad
1717 1453 216 65 distinctam
1887 1453 232 65 cognitionem
2073 1453 124 65 fine
2150 1453 124 65 aper

481 1504 95 59 ta
529 1504 190 59 visione:
671 1504 111 59 hoc
734 1504 142 59 nulli
829 1504 158 59 potest
939 1504 126 59 esse
1018 1504 158 59 notum:
1129 1504 126 59 nisi
1208 1504 95 59 ex
1255 1504 126 59 fide
1334 1504 111 59 aut
1398 1504 253 59 reuelatione:
1603 1504 111 59 aut
1666 1504 142 59 summe
1761 1504 190 59 sapienti
1903 1504 126 59 post
1982 1504 158 59 plenam
2093 1504 95 59 de
2124 1504 111 59 aliis

483 1560 144 68 rebus
579 1560 272 68 instructionem
803 1560 96 68 ex
851 1560 208 68 naturalis
1011 1560 192 68 rationis
1154 1560 304 68 inuestigatione:
1410 1560 96 68 vt
1458 1560 160 68 dictum
1554 1560 96 68 est.

542 1614 114 111 Ad
599 1614 191 111 primum
733 1614 114 111 in
790 1614 267 111 oppositum:
1000 1614 153 111 quod
1095 1614 229 111 cognitio
1267 1614 210 111 essendi
1420 1614 153 111 deum
1515 1614 248 111 hominibus
1706 1614 286 111 naturaliter
1935 1614 210 111 inserta
2087 1614 153 111 est:
2164 1614 76 111 pa

485 1714 109 65 tet
548 1714 93 65 ex
594 1714 109 65 iam
657 1714 171 65 dictis.
812 1714 93 65 Ad
859 1714 187 65 secundum
999 1714 124 65 quod
1076 1714 171 65 quantum
1201 1714 109 65 est
1263 1714 93 65 ex
1310 1714 156 65 diuina
1419 1714 249 65 dispositione
1621 1714 171 65 nunquam
1745 1714 156 65 potuit
1854 1714 187 65 ignorari
1994 1714 124 65 deum
2072 1714 124 65 esse
2150 1714 124 65 quin

489 1759 97 68 ab
537 1759 209 68 aliquibus
698 1759 145 68 notum
795 1759 145 68 esset
891 1759 129 68 quia
972 1759 129 68 deus
1052 1759 129 68 est:
1133 1759 113 68 qui
1197 1759 97 68 in
1245 1759 113 68 hoc
1310 1759 145 68 alios
1406 1759 209 68 docerent:
1567 1759 161 68 potuit
1680 1759 145 68 tamen
1776 1759 193 68 ignorari
1921 1759 177 68 quantum
2050 1759 113 68 est
2114 1759 97 68 ex
2146 1759 97 68 ipsa

498 1815 154 73 ipsius
605 1815 262 73 propositionis
821 1815 231 73 conditione,
1005 1815 77 73 &
1036 1815 169 73 humanae
1159 1815 185 73 naturae:
1298 1815 154 73 maxime
1405 1815 108 73 per
1467 1815 200 73 perctantm
1621 1815 231 73 destitutae.
1836 1815 92 73 Ad
1882 1815 185 73 tertium:
2021 1815 123 73 quod
2082 1815 154 73 cognitis

498 1875 175 60 terminis
629 1875 131 60 huius
717 1875 247 60 propositionis
920 1875 116 60 deus
993 1875 116 60 est:
1066 1875 116 60 ipse
1139 1875 218 60 cognoscitur
1313 1875 131 60 esse:
1401 1875 175 60 Dicendum
1532 1875 116 60 quod
1604 1875 131 60 verum
1692 1875 116 60 est:
1764 1875 102 60 non
1823 1875 131 60 tamen
1910 1875 175 60 sequitur
2041 1875 116 60 quod
2099 1875 131 60 comple-

480 1930 106 58 xio
541 1930 137 58 talis
632 1930 228 58 naturaliter
814 1930 106 58 est
875 1930 167 58 cognita
996 1930 76 58 &
1027 1930 106 58 per
1087 1930 106 58 se,
1148 1930 122 58 nisi
1224 1930 167 58 termini
1346 1930 167 58 cogniti
1467 1930 122 58 sint
1543 1930 243 58 naturaliter:
1741 1930 122 58 quod
1817 1930 106 58 non
1877 1930 106 58 est
1938 1930 137 58 verum
2029 1930 91 58 in
2060 1930 182 58 proposito.

487 1973 122 68 quod
563 1973 122 68 enim
639 1973 244 68 significetur
838 1973 76 68 &
868 1973 168 68 quomodo
990 1973 107 68 hoc
1052 1973 153 68 nomine
1158 1973 137 68 deus:
1250 1973 76 68 &
1281 1973 122 68 quom
1357 1973 244 68 significatio
1555 1973 214 68 praedicati
1723 1973 92 68 se
1769 1973 137 68 habet
1861 1973 92 68 ad
1906 1973 214 68 subiectum:
2074 1973 107 68 non
2120 1973 107 68 omnes

487 2037 176 61 statim
611 2037 194 61 sciunt:
752 2037 141 61 immo
840 2037 176 61 nullus
963 2037 194 61 quantum
1104 2037 123 61 est
1174 2037 106 61 ex
1227 2037 159 61 puris
1333 2037 282 61 naturalibus:
1562 2037 123 61 sed
1632 2037 141 61 eget
1720 2037 159 61 magna
1826 2037 335 61 inuestigatione.
2108 2037 88 61 &
2125 2037 106 61 ideo

488 2083 89 71 in
533 2083 134 71 nulla
622 2083 178 71 scientia
755 2083 89 71 ex
800 2083 252 71 philosophicis
1007 2083 148 71 potest
1111 2083 119 71 deus
1186 2083 119 71 esse
1260 2083 208 71 subiectum:
1423 2083 89 71 vt
1467 2083 148 71 optime
1571 2083 134 71 dixit
1660 2083 163 71 Auicen.
1779 2083 119 71 immo
1853 2083 89 71 in
1898 2083 208 71 cognitione
2046 2083 193 71 philosophi-

493 2135 93 65 ca
540 2135 155 65 vltima
649 2135 140 65 debet
742 2135 124 65 esse
819 2135 186 65 cognitio
959 2135 124 65 dei.
1036 2135 78 65 &
1067 2135 124 65 ideo
1145 2135 217 65 philosophi
1315 2135 186 65 volentes
1455 2135 93 65 in
1501 2135 124 65 suis
1579 2135 202 65 scientiis
1734 2135 186 65 ordinate
1873 2135 202 65 procedere
2028 2135 78 65 a
2059 2135 140 65 nobis
2152 2135 109 65 no-

485 2198 211 56 tioribus
644 2198 106 56 in
697 2198 158 56 nobis
802 2198 246 56 occultiora
996 2198 88 56 &
1031 2198 194 56 notiora
1172 2198 211 56 naturae,
1330 2198 282 56 Metaphysicam
1559 2198 141 56 quae
1647 2198 123 56 est
1718 2198 106 56 de
1770 2198 123 56 dei
1841 2198 246 56 cognitione
2034 2198 176 56 vltimo
2140 2198 88 56 or-

492 2242 239 71 dinauerunt
679 2242 136 71 post
765 2242 153 71 omnes
867 2242 153 71 alias
969 2242 222 71 scientias
1139 2242 307 71 philosophicas:
1395 2242 153 71 licet
1497 2242 187 71 econtra
1634 2242 153 71 prima
1736 2242 119 71 est
1804 2242 204 71 cognitio
1957 2242 119 71 dei
2026 2242 102 71 in
2060 2242 170 71 conside-

489 2305 195 59 ratione
631 2305 265 59 theologica:
843 2305 106 59 vt
896 2305 230 59 expositum
1073 2305 124 59 est
1126 2305 142 59 supra.

827 2348 135 74 lrca
911 2348 185 74 tertium
1046 2348 202 74 arguitur
1198 2348 135 74 quod
1282 2348 219 74 contingit
1450 2348 202 74 cogitare
1602 2348 152 74 deum,
1703 2348 118 74 non
1770 2348 219 74 cogitando
1939 2348 152 74 ipsum
2040 2348 152 74 esse.
2124 2348 118 74 Primo

831 2407 124 61 sic:
908 2407 93 61 in
954 2407 217 61 cognitione
1125 2407 124 61 quae
1202 2407 155 61 potest
1311 2407 170 61 probari
1435 2407 279 61 demonstratiue:
1667 2407 232 61 praedicatum
1853 2407 108 61 non
1915 2407 108 61 est
1977 2407 124 61 idem
2054 2407 170 61 penitus
2163 2407 77 61 cum

824 2466 202 66 subiecto:
980 2466 124 66 quia
1057 2466 124 66 idem
1135 2466 109 66 non
1197 2466 186 66 probatur
1337 2466 140 66 neque
1430 2466 248 66 demonstratur
1632 2466 93 66 de
1678 2466 171 66 seipso:
1802 2466 93 66 eo
1849 2466 124 66 quod
1927 2466 109 66 non
1989 2466 109 66 est
2051 2466 155 66 medium
2144 2466 93 66 ali-

840 2512 118 69 quod
914 2512 133 69 inter
1003 2512 193 69 subiectum
1151 2512 74 69 &
1181 2512 222 69 praedicatum
1358 2512 104 69 vbi
1418 2512 118 69 idem
1492 2512 222 69 praedicatur
1669 2512 89 69 de
1714 2512 104 69 se:
1773 2512 74 69 &
1803 2512 133 69 omnis
1892 2512 193 69 conclusio
2040 2512 163 69 probata
2143 2512 104 69 habet

840 2574 143 60 medium
940 2574 129 60 inter
1025 2574 186 60 subiectum
1168 2574 71 60 &
1197 2574 214 60 praedicatum
1368 2574 100 60 per
1426 2574 114 60 quod
1497 2574 186 60 probatur.
1640 2574 114 60 deum
1711 2574 114 60 esse
1783 2574 100 60 est
1840 2574 200 60 conclusio:
1997 2574 114 60 quae
2069 2574 143 60 potest
2154 2574 86 60 pro-

826 2619 123 57 bari
903 2619 278 57 demonstratiue:
1134 2619 93 57 vt
1181 2619 201 57 videbitur
1335 2619 154 57 infra.
1443 2619 123 57 ergo
1520 2619 93 57 in
1566 2619 93 57 ea
1613 2619 108 57 non
1674 2619 108 57 est
1736 2619 232 57 praedicatum
1921 2619 170 57 penitus
2045 2619 123 57 idem
2107 2619 123 57 subie-

489 2675 117 63 cto.
563 2675 103 63 sed
621 2675 88 63 in
665 2675 103 63 eis
724 2675 117 63 quae
798 2675 103 63 non
856 2675 117 63 sunt
930 2675 161 63 penitus
1047 2675 132 63 idem:
1135 2675 117 63 vnum
1209 2675 147 63 potest
1311 2675 176 63 cogitari
1443 2675 103 63 non
1502 2675 191 63 cogitando
1649 2675 147 63 aliud.
1752 2675 117 63 ergo
1825 2675 103 63 &c.
1913 2675 161 63 Secundo
2031 2675 117 63 sic,
2104 2675 117 63 quid
2163 2675 73 63 non

501 2735 94 61 est
554 2735 94 61 per
608 2735 80 61 se
648 2735 121 61 notum
728 2735 121 61 esse:
809 2735 174 61 inquantum
943 2735 188 61 huiusmodi,
1090 2735 134 61 potest
1184 2735 161 61 cogitari
1305 2735 94 61 non
1358 2735 121 61 esse:
1438 2735 107 61 quia
1505 2735 134 61 potest
1599 2735 80 61 de
1639 2735 107 61 esse
1706 2735 107 61 eius
1773 2735 174 61 dubitari.
1907 2735 107 61 deum
1974 2735 107 61 esse
2041 2735 134 61 potest
2122 2735 107 61 multis

489 2781 99 65 non
545 2781 113 65 esse
616 2781 99 65 per
672 2781 85 65 se
715 2781 141 65 notum:
813 2781 85 65 vt
856 2781 141 65 dictum
954 2781 113 65 est.
1025 2781 113 65 ergo
1095 2781 99 65 &c.
1180 2781 85 65 In
1222 2781 197 65 contrarium
1378 2781 113 65 est:
1448 2781 155 65 quoniam
1561 2781 127 65 eidem
1646 2781 183 65 inquantum
1787 2781 113 65 idem
1857 2781 141 65 semper
1956 2781 127 65 natum
2041 2781 99 65 est
2083 2781 141 65 accidere

489 2835 148 60 idem.
587 2835 115 60 Cum
653 2835 132 60 ergo
736 2835 99 60 vt
785 2835 148 60 visum
884 2835 115 60 est
950 2835 165 60 supra:
1066 2835 99 60 in
1115 2835 115 60 deo
1181 2835 181 60 penitus
1313 2835 132 60 sunt
1396 2835 132 60 idem
1478 2835 132 60 deus
1561 2835 82 60 &
1594 2835 132 60 esse
1676 2835 132 60 dei:
1759 2835 99 60 si
1808 2835 181 60 accidat
1940 2835 115 60 deo
2006 2835 99 60 vt
2056 2835 99 60 ab
2105 2835 165 60 aliquo

485 2888 287 70 intelligatur:
722 2888 220 70 similiter
891 2888 84 70 &
924 2888 135 70 esse
1009 2888 135 70 eius
1093 2888 237 70 necessario
1279 2888 270 70 intelligitur
1499 2888 101 70 ab
1550 2888 169 70 eodem.
1668 2888 135 70 ergo
1736 2888 84 70 &c.

527 2943 256 69 Dicendum
720 2943 128 69 ad
784 2943 150 69 hoc
869 2943 171 69 quod
976 2943 256 69 quaestio
1168 2943 128 69 de
1232 2943 150 69 non
1318 2943 278 69 cogitando
1531 2943 171 69 deum
1638 2943 192 69 esse,
1766 2943 235 69 differt
1937 2943 128 69 ab
2001 2943 171 69 illa
2108 2943 171 69 quae

491 3003 152 69 stione
597 3003 91 69 de
643 3003 107 69 qua
704 3003 122 69 erit
780 3003 137 69 sermo
871 3003 198 69 inferius:
1023 3003 91 69 an
1069 3003 183 69 scilicet
1206 3003 198 69 contingit
1358 3003 183 69 cogitare
1495 3003 122 69 deum
1571 3003 107 69 non
1632 3003 137 69 esse:
1724 3003 91 69 in
1769 3003 122 69 hoc,
1845 3003 122 69 quod
1921 3003 107 69 ibi
1982 3003 137 69 actus
2074 3003 198 69 cogitandi

489 3054 241 72 affirmatur:
681 3054 80 72 &
713 3054 112 72 est
778 3054 192 72 quaestio
922 3054 96 72 de
970 3054 208 72 negatione
1130 3054 257 72 inhaerentiae
1339 3054 128 72 esse
1419 3054 96 72 ad
1467 3054 144 72 deum:
1563 3054 96 72 vt
1612 3054 176 72 negatio
1740 3054 144 72 eadat
1836 3054 144 72 super
1932 3054 128 72 esse
2012 3054 160 72 solum:
2125 3054 112 72 hic
2173 3054 64 72 ve

482 3115 103 67 ro
533 3115 189 67 negatur
671 3115 155 67 actus
774 3115 241 67 cogitandi:
964 3115 86 67 &
998 3115 189 67 negatio
1136 3115 206 67 includit
1291 3115 172 67 totum:
1411 3115 138 67 quia
1497 3115 206 67 quaestio
1652 3115 138 67 ista
1738 3115 189 67 quaerit
1876 3115 155 67 vtrum
1979 3115 224 67 cogitando
2134 3115 103 67 deum

487 3168 219 65 contingit
655 3168 118 65 non
723 3168 202 65 cogitare
874 3168 151 65 ipsum
975 3168 151 65 esse:
1076 3168 101 65 vt
1126 3168 151 65 licet
1227 3168 118 65 non
1294 3168 219 65 contingit
1462 3168 101 65 in
1513 3168 168 65 natura
1631 3168 118 65 rei
1698 3168 252 65 distinguere
1900 3168 151 65 inter
2001 3168 118 65 dei
2051 3168 185 65 essentiam

489 3221 80 89 &
521 3221 129 89 esse
601 3221 145 89 eius:
698 3221 129 89 quia
778 3221 129 89 deus
858 3221 112 89 non
923 3221 161 89 potest
1035 3221 112 89 non
1099 3221 145 89 esse:
1196 3221 96 89 vt
1244 3221 209 89 videbitur
1405 3221 161 89 infra:
1517 3221 209 89 contingat
1678 3221 145 89 tamen
1774 3221 193 89 separare
1919 3221 96 89 ea
1967 3221 112 89 per
2015 3221 209 89 intellectum
