2349 3762
446 303 156 82 siones
556 303 125 82 nisi
634 303 94 82 in
681 303 219 82 principiis
853 303 109 82 per
915 303 94 82 se
962 303 156 82 notis:
1072 303 109 82 quo
1134 303 94 82 ad
1181 303 109 82 hoc
1244 303 125 82 enim
1322 303 109 82 non
1384 303 109 82 est
1447 303 172 82 simile:
1572 303 109 82 Sed
1635 303 125 82 quia
1713 303 109 82 per
1775 303 125 82 eius
1853 303 250 82 influentiam,
2057 303 78 82 &
2088 303 94 82 ab
2119 303 94 82 ipso

457 371 135 63 nobis
547 371 165 63 inditum
667 371 180 63 naturale
803 371 150 63 lumen,
908 371 75 63 &
938 371 135 63 forte
1028 371 105 63 cum
1088 371 150 63 aliqua
1193 371 255 63 illustratione
1404 371 195 63 generali,
1554 371 135 63 omnis
1644 371 180 63 causatur
1779 371 90 63 in
1824 371 135 63 nobis
1914 371 195 63 cognitio,
2065 371 180 63 secundum

456 421 125 69 quod
534 421 187 69 superius
674 421 202 69 diffusius
830 421 218 69 declaratum
1001 421 125 69 est.
1079 421 78 69 ⁋
1110 421 93 69 Ad
1157 421 187 69 secundum
1297 421 125 69 quod
1375 421 125 69 mens
1452 421 140 69 nulla
1546 421 233 69 interposita
1733 421 187 69 creatura
1873 421 93 69 ab
1919 421 125 69 ipsa
1997 421 187 69 veritate
2122 421 93 69 for-

468 475 145 63 matur:
569 475 174 63 Dicendum
699 475 116 63 quod
771 475 130 63 verum
858 475 101 63 est
916 475 159 63 visione
1032 475 159 63 aperta,
1148 475 101 63 qua
1206 475 217 63 cognoscitur
1379 475 101 63 per
1437 475 116 63 suam
1509 475 203 63 essentiam.
1669 475 101 63 sed
1726 475 116 63 illa
1799 475 101 63 non
1857 475 101 63 est
1915 475 174 63 cognitio
2030 475 174 63 naturalis,

465 533 102 74 nec
524 533 131 74 huius
611 533 131 74 vitae
698 533 145 74 qualem
800 533 204 74 quaerimus:
960 533 102 74 sed
1018 533 233 74 supnaturalis
1207 533 73 74 &
1236 533 131 74 vitae
1323 533 174 74 futurae,
1454 533 87 74 de
1498 533 102 74 qua
1556 533 131 74 infra
1643 533 204 74 videbitur.
1803 533 102 74 Non
1861 533 131 74 autem
1948 533 131 74 verum
2036 533 102 74 est
2094 533 145 74 illud,

461 581 95 67 de
509 581 174 67 visione
635 581 95 67 in
683 581 221 67 praesenti:
857 581 127 67 siue
936 581 206 67 naturali,
1094 581 127 67 siue
1173 581 285 67 supernaturali,
1410 581 111 67 qua
1473 581 237 67 cognoscitur
1663 581 111 67 per
1727 581 174 67 speciem
1853 581 174 67 alienam
1980 581 95 67 vt
2011 581 190 67 creaturae.

800 633 129 59 lrca.
886 633 101 59 vi.
943 633 173 59 arguitur
1073 633 115 59 quod
1145 633 187 59 contingit
1289 633 216 59 intelligere
1461 633 187 59 creaturam
1605 633 129 59 esse,
1691 633 101 59 non
1749 633 259 59 cointelligendo
1965 633 115 59 deum
2036 633 129 59 esse.
2108 633 101 59 Primo

808 684 107 74 sic.
874 684 120 74 Seper
954 684 120 74 prius
1034 684 133 74 potest
1127 684 173 74 intelligi
1261 684 93 74 non
1314 684 240 74 cointelligendo
1514 684 186 74 posterius.
1660 684 173 74 creaturam
1793 684 107 74 esse
1860 684 93 74 est
1913 684 120 74 nobis
1993 684 120 74 prius
2073 684 67 74 &
2086 684 107 74 notius

836 743 115 57 deum
907 743 129 57 esse:
993 743 158 57 quoniam
1108 743 115 57 deum
1180 743 115 57 esse
1251 743 172 57 probamus
1380 743 72 57 &
1409 743 215 57 cognoscimus
1581 743 100 57 per
1638 743 100 57 hoc
1695 743 115 57 quod
1767 743 215 57 cognoscimus
1939 743 186 57 creaturam
2082 743 129 57 esse.
2154 743 57 57 er

830 796 73 65 o
860 796 190 65 creaturam
1006 796 190 65 contingit
1153 796 220 65 intelligere
1328 796 132 65 esse,
1416 796 103 65 non
1475 796 264 65 cointelligendo
1694 796 117 65 deum
1768 796 132 65 esse.
1856 796 73 65 ⁋
1885 796 161 65 Secundo
2002 796 117 65 sic.
2061 796 146 65 Boethius

800 850 140 73 dicit
894 850 93 73 de
940 850 155 73 hebdo.
1049 850 202 73 Amoueamus
1205 850 140 73 primi
1298 850 124 73 boni
1376 850 233 73 praesentiam
1562 850 202 73 paulisper
1718 850 93 73 ex
1764 850 155 73 animo,
1873 850 124 73 quid
1951 850 124 73 esse
2028 850 155 73 quidem
2122 850 93 73 con-

801 904 130 56 stat.
887 904 101 56 hoc
945 904 145 56 igitur
1046 904 188 56 paulisper
1191 904 130 56 amoto
1278 904 159 56 ponamus
1393 904 130 56 omnia
1480 904 116 56 esse
1552 904 116 56 quae
1625 904 116 56 sunt
1697 904 130 56 bona,
1784 904 130 56 atque
1870 904 231 56 consideremus
2058 904 174 56 quemadmo

460 958 121 56 dum
529 958 138 56 bona
615 958 138 56 esse
702 958 207 56 possent,
857 958 104 56 si
909 958 86 56 a
944 958 156 56 primo
1047 958 138 56 bono
1134 958 173 56 minime
1255 958 259 56 fluxissent.
1462 958 121 56 Sed
1531 958 121 56 non
1600 958 173 56 posset
1721 958 138 56 homo
1808 958 190 56 amouere
1946 958 104 56 ex
1998 958 156 56 animo
2084 958 121 56 primi

471 1010 127 54 boni
550 1010 206 54 panetiam,
709 1010 79 54 &
741 1010 159 54 ponere
852 1010 143 54 omnia
947 1010 127 54 quae
1027 1010 127 54 sunt
1106 1010 127 54 esse
1185 1010 143 54 bona,
1281 1010 254 54 considerando
1487 1010 238 54 quemadmodum
1677 1010 127 54 bona
1757 1010 127 54 esse
1836 1010 190 54 possent:
1979 1010 127 54 nisi
2042 1010 175 54 intellige

463 1066 85 67 re
505 1066 214 67 contingeret
676 1066 114 67 illa
748 1066 114 67 esse
819 1066 100 67 non
876 1066 256 67 cointelligendo
1089 1066 114 67 deum
1160 1066 128 67 esse.
1246 1066 114 67 ergo
1317 1066 100 67 &c.
1374 1066 71 67 ⁋
1402 1066 85 67 In
1445 1066 185 67 oppositum
1588 1066 114 67 est,
1659 1066 157 67 quoniam
1773 1066 128 67 nihil
1858 1066 114 67 quod
1929 1066 157 67 aliquid
2043 1066 100 67 est
2100 1066 85 67 in
2129 1066 85 67 crea

476 1119 116 67 tura
548 1119 159 67 commune
664 1119 101 67 cum
722 1119 188 67 creatore,
867 1119 188 67 contingit
1012 1119 217 67 intelligere
1185 1119 116 67 nisi
1258 1119 261 67 cointelligendo
1475 1119 116 67 quod
1548 1119 116 67 quid
1620 1119 101 67 est
1678 1119 87 67 in
1721 1119 116 67 deo.
1794 1119 130 67 Dicit
1881 1119 116 67 enim
1953 1119 203 67 Augustinus
2098 1119 116 67 viiii.

471 1167 102 72 de
522 1167 237 72 trinitate.
708 1167 119 72 Cum
776 1167 152 72 audis
878 1167 152 72 bonum
979 1167 119 72 hoc
1047 1167 85 72 &
1081 1167 152 72 bonum
1183 1167 169 72 illud,
1301 1167 152 72 simul
1403 1167 119 72 cum
1471 1167 152 72 audis
1572 1167 119 72 hoc
1640 1167 85 72 &
1674 1167 169 72 illud,
1792 1167 237 72 intelligis
1979 1167 152 72 illud
2080 1167 169 72 bonum-

471 1226 146 64 cuius
568 1226 293 64 participatione
812 1226 130 64 bona
894 1226 146 64 sunt.
991 1226 98 64 Et
1040 1226 146 64 sicut
1138 1226 114 64 est
1203 1226 98 64 de
1251 1226 146 64 bono,
1349 1226 114 64 ita
1414 1226 114 64 est
1479 1226 98 64 de
1528 1226 146 64 vero,
1625 1226 81 64 &
1658 1226 98 64 de
1707 1226 146 64 esse,
1804 1226 81 64 &
1837 1226 98 64 de
1886 1226 195 64 caeteris
2032 1226 130 64 quae
2097 1226 114 64 commu

457 1281 140 65 niter
551 1281 218 65 conveniunt
722 1281 109 65 deo
784 1281 78 65 &
815 1281 218 65 creaturae,
986 1281 93 65 vt
1033 1281 140 65 infra
1126 1281 218 65 videbitur.
1297 1281 109 65 Ens
1359 1281 124 65 ergo
1437 1281 124 65 quod
1514 1281 109 65 est
1577 1281 202 65 creatura,
1732 1281 109 65 non
1794 1281 202 65 contingit
1950 1281 233 65 intelligere
2121 1281 93 65 nisi

462 1329 271 78 cointelligendo
688 1329 105 78 ens
748 1329 120 78 quod
823 1329 105 78 est
883 1329 135 78 deus,
974 1329 135 78 neque
1064 1329 120 78 esse
1139 1329 120 78 quod
1215 1329 105 78 est
1275 1329 196 78 creaturae
1425 1329 105 78 non
1485 1329 271 78 cointelligendo
1711 1329 120 78 esse
1787 1329 120 78 quod
1862 1329 105 78 est
1922 1329 120 78 dei.
1997 1329 120 78 ergo
2073 1329 105 78 nec
2118 1329 90 78 con-

472 1385 161 67 positum
590 1385 88 67 ex
634 1385 103 67 his
692 1385 176 67 scilicet
824 1385 191 67 creaturam
971 1385 132 67 esse,
1059 1385 191 67 contingit
1206 1385 220 67 intelligere
1382 1385 117 67 sine
1455 1385 191 67 composito
1602 1385 88 67 ex
1646 1385 147 67 illis,
1749 1385 117 67 quod
1822 1385 103 67 est
1881 1385 117 67 deum
1939 1385 103 67 esse.

476 1438 86 84 ⁋
510 1438 205 84 Dicendum
664 1438 120 84 est
733 1438 103 84 ad
784 1438 137 84 hoc:
869 1438 137 84 quod
955 1438 205 84 secundum
1109 1438 137 84 quod
1194 1438 222 84 contingit
1366 1438 257 84 intelligere
1571 1438 188 84 diuinam
1708 1438 222 84 essentiam
1879 1438 103 84 in
1930 1438 205 84 generali
2084 1438 120 84 vel
2153 1438 103 84 in

468 1506 243 69 particulari,
665 1506 91 69 vt
710 1506 152 69 dictum
816 1506 106 69 est
877 1506 152 69 supra,
983 1506 243 69 consimiliter
1180 1506 76 69 &
1211 1506 121 69 esse
1286 1506 136 69 eius,
1377 1506 76 69 &
1408 1506 197 69 similiter
1559 1506 258 69 compositionem
1771 1506 136 69 huius
1862 1506 106 69 cum
1923 1506 121 69 hoc.
1999 1506 91 69 Si
2044 1506 121 69 ergo
2105 1506 106 69 loqua

463 1553 111 67 mur
527 1553 96 67 de
575 1553 239 67 intelligere
766 1553 127 67 deum
845 1553 127 67 esse
925 1553 96 67 in
972 1553 191 67 generali
1116 1553 80 67 &
1148 1553 191 67 confuse,
1291 1553 111 67 sic
1354 1553 111 67 non
1418 1553 207 67 contingit
1577 1553 239 67 intelligere
1768 1553 175 67 aliquam
1896 1553 207 67 creaturam
2055 1553 127 67 esse
2134 1553 111 67 non

476 1613 252 63 cointelligendo
686 1613 112 63 deum
756 1613 126 63 esse.
840 1613 98 63 Sic
896 1613 98 63 nim
953 1613 210 63 intelligere
1121 1613 112 63 deum
1191 1613 112 63 esse
1261 1613 84 63 in
1303 1613 154 63 omnibus
1415 1613 210 63 conceptibus
1583 1613 182 63 complexis
1723 1613 126 63 circa
1808 1613 126 63 esse,
1892 1613 140 63 primus
1990 1613 112 63 est,
2060 1613 126 63 etiam
2144 1613 98 63 quo

461 1664 97 70 ad
509 1664 129 70 nos,
590 1664 145 70 sicut
687 1664 81 70 &
719 1664 161 70 primus
832 1664 113 70 est
896 1664 97 70 ex
944 1664 161 70 natura
1057 1664 129 70 rei.
1138 1664 97 70 Et
1186 1664 97 70 de
1235 1664 113 70 hoc
1299 1664 129 70 modo
1380 1664 258 70 intelligendi
1589 1664 129 70 deum
1670 1664 129 70 esse
1751 1664 145 70 dicit
1847 1664 177 70 Damasam
1976 1664 129 70 quod
2057 1664 129 70 deum
2121 1664 97 70 esse

465 1720 125 64 nobis
549 1720 209 64 naturaliter
716 1720 153 64 isertum
827 1720 111 64 est,
896 1720 83 64 vt
938 1720 139 64 dictum
1035 1720 97 64 est
1091 1720 139 64 supra.
1189 1720 111 64 Quia
1258 1720 125 64 autem
1342 1720 223 64 necessarium,
1522 1720 97 64 sit
1578 1720 125 64 illum
1662 1720 111 64 esse
1731 1720 139 64 primum
1828 1720 181 64 conceptum
1968 1720 181 64 complexum
2107 1720 83 64 de
2135 1720 83 64 esse

470 1774 104 71 dei,
535 1774 65 71 &
561 1774 195 71 cointelligi
718 1774 169 71 quocumque
848 1774 182 71 intellectu
991 1774 156 71 complexo
1108 1774 208 71 intelligatur
1278 1774 117 71 esse:
1356 1774 91 71 pts
1408 1774 78 71 ex
1447 1774 91 71 hoc
1499 1774 104 71 quod
1564 1774 78 71 in
1604 1774 222 71 essentialibus
1786 1774 274 71 praedicationibus,
2021 1774 78 71 in
2060 1774 130 71 quibus
2138 1774 78 71 prae

475 1830 157 66 dicatum
589 1830 100 66 per
646 1830 85 66 se
688 1830 128 66 inest
774 1830 185 66 subiecto,
916 1830 100 66 non
973 1830 171 66 contigit
1102 1830 199 66 cognoscere
1258 1830 171 66 tmuimos,
1387 1830 142 66 quando
1486 1830 128 66 eodem
1572 1830 114 66 modo
1643 1830 100 66 quo
1700 1830 114 66 ipsi
1771 1830 242 66 cognoscantur,
1971 1830 214 66 cognoscatur
2128 1830 85 66 prae

467 1878 153 54 dicatum
578 1878 139 54 inesse
676 1878 181 54 subiecto,
815 1878 83 54 vt
856 1878 111 54 quid
926 1878 83 54 in
968 1878 167 54 generali
1093 1878 70 54 &
1121 1878 195 54 intellectu
1274 1878 153 54 confuso
1385 1878 181 54 cognoscit
1524 1878 111 54 quid
1593 1878 97 54 sit
1649 1878 139 54 animal
1746 1878 70 54 &
1774 1878 111 54 quod
1844 1878 125 54 homo,
1927 1878 83 54 in
1969 1878 167 54 generali
2094 1878 70 54 &
2108 1878 111 54 intel-

463 1927 134 71 lectu
552 1927 164 71 confuso
672 1927 134 71 simul
761 1927 119 71 scit
835 1927 119 71 quia
910 1927 119 71 homo
984 1927 104 71 est
1044 1927 164 71 animal,
1163 1927 119 71 quia
1237 1927 134 71 autem
1327 1927 89 71 in
1371 1927 179 71 speciali
1505 1927 208 71 intellectu
1669 1927 208 71 determiato
1833 1927 194 71 cognoscit
1982 1927 194 71 huiusmodi
2116 1927 104 71 termi

474 1993 110 62 nos,
543 1993 83 62 in
584 1993 165 62 speciali
708 1993 69 62 &
736 1993 206 62 determinate
901 1993 110 62 scit
969 1993 110 62 quia
1038 1993 110 62 homo
1107 1993 96 62 est
1162 1993 151 62 animal.
1272 1993 110 62 Nunc
1341 1993 124 62 autem
1423 1993 96 62 ita
1478 1993 96 62 est
1533 1993 165 62 secundum
1657 1993 110 62 quod
1726 1993 165 62 procedit
1850 1993 138 62 vltima
1946 1993 138 62 ratio,
2042 1993 110 62 quod
2097 1993 124 62 quicun-

471 2039 115 65 quod
542 2039 201 65 intelligit
700 2039 158 65 aliquid
815 2039 201 65 incomplexi
973 2039 86 65 in
1016 2039 186 65 creaturis
1159 2039 115 65 quod
1231 2039 158 65 conicat
1345 2039 100 65 cum
1403 2039 115 65 deo,
1474 2039 129 65 simul
1560 2039 229 65 intelligendo
1747 2039 115 65 quod
1819 2039 100 65 est
1876 2039 201 65 creaturae,
2019 2039 201 65 cointelligit

475 2092 85 60 in
517 2092 170 60 generali
645 2092 199 60 intellectu
801 2092 156 60 confuso
915 2092 114 60 quod
986 2092 99 60 est
1042 2092 114 60 dei,
1113 2092 85 60 vt
1156 2092 99 60 qui
1213 2092 199 60 intelligit
1369 2092 128 60 bonum
1454 2092 114 60 hoc,
1525 2092 199 60 intelligit
1681 2092 128 60 bonum
1766 2092 114 60 quod
1837 2092 114 60 deus
1908 2092 114 60 est:
1979 2092 71 60 &
2007 2092 128 60 eadem
2078 2092 128 60 ratione

471 2145 104 73 quid
536 2145 182 73 intelligit
679 2145 91 73 ens
731 2145 104 73 hoc,
796 2145 182 73 intelligit
940 2145 91 73 ens
992 2145 104 73 quod
1057 2145 104 73 deus
1122 2145 104 73 est.
1187 2145 78 73 Et
1226 2145 169 73 similiter
1356 2145 104 73 quid
1421 2145 182 73 intelligit
1564 2145 104 73 esse
1629 2145 117 73 huius
1707 2145 182 73 necessario
1851 2145 117 73 eadem
1929 2145 143 73 ratione
2033 2145 78 73 in
2072 2145 143 73 general
2163 2145 52 73 co

472 2202 194 67 intelligit
624 2202 111 67 esse
694 2202 111 67 dei:
763 2202 69 67 &
791 2202 97 67 non
846 2202 125 67 solum
929 2202 235 67 cointelligit,
1123 2202 97 67 sed
1178 2202 125 67 primo
1261 2202 194 67 intelligit
1414 2202 83 67 id
1455 2202 111 67 quid
1525 2202 97 67 est
1580 2202 111 67 dei,
1649 2202 69 67 &
1677 2202 97 67 per
1732 2202 125 67 illud
1815 2202 111 67 quod
1885 2202 97 67 est
1940 2202 194 67 creaturae,
2092 2202 83 67 vt
2120 2202 97 67 infra

475 2249 252 73 determiabitur.
685 2249 98 73 lta
741 2249 112 73 quod
811 2249 126 73 primi
895 2249 182 73 conceptus
1035 2249 210 73 simpliciter
1203 2249 84 73 ab
1245 2249 196 73 intellectu
1399 2249 84 73 in
1441 2249 140 73 primis
1539 2249 266 73 conceptibilibus
1763 2249 112 73 sunt
1833 2249 84 73 de
1875 2249 126 73 illis
1959 2249 112 73 quae
2029 2249 98 73 dei
2085 2249 126 73 sunt:
2155 2249 56 73 vt

470 2307 127 64 entis
555 2307 113 64 boni
625 2307 127 64 veri.
710 2307 71 64 &
739 2307 198 64 huiusmodi.
894 2307 127 64 Quare
979 2307 99 64 cum
1036 2307 113 64 esse
1106 2307 113 64 dei,
1177 2307 85 64 vt
1220 2307 127 64 supra
1305 2307 184 64 deimiatum
1446 2307 113 64 est,
1517 2307 99 64 sit
1573 2307 85 64 de
1616 2307 156 64 ratione
1729 2307 113 64 dei,
1800 2307 71 64 &
1828 2307 113 64 idem
1899 2307 141 64 omnino
1998 2307 99 64 cum
2054 2307 113 64 eius
2111 2307 99 64 essen

483 2364 97 63 tia,
544 2364 61 63 &
568 2364 73 63 vt
605 2364 85 63 iam
653 2364 122 63 dictum
739 2364 97 63 est,
800 2364 158 63 quicumque
921 2364 171 63 intelligit
1055 2364 134 63 aliquid
1153 2364 97 63 ens,
1214 2364 171 63 intelligit
1348 2364 85 63 ens
1397 2364 73 63 in
1433 2364 146 63 generali
1543 2364 97 63 quod
1604 2364 85 63 est
1653 2364 110 63 deus,
1726 2364 61 63 &
1750 2364 97 63 quid
1811 2364 171 63 intelligit
1945 2364 134 63 aliquid
2042 2364 110 63 esse,
2103 2364 110 63 intelli

483 2411 90 75 git
535 2411 103 75 esse
599 2411 103 75 quod
663 2411 90 75 est
715 2411 103 75 dei,
779 2411 77 75 vt
818 2411 90 75 iam
869 2411 129 75 dictum
959 2411 103 75 est,
1023 2411 64 75 &
1049 2411 116 75 infra
1126 2411 206 75 deimiabitur,
1294 2411 129 75 igitur
1384 2411 167 75 quicumque
1512 2411 180 75 intelligit
1654 2411 142 75 aliquid
1757 2411 90 75 ens
1808 2411 77 75 in
1847 2411 167 75 creaturis
1975 2411 116 75 esse,
2053 2411 77 75 in
2078 2411 129 75 generali

479 2469 200 67 intelligit
636 2469 114 67 deum
707 2469 128 67 esse.
793 2469 86 67 Si
835 2469 114 67 vero
907 2469 171 67 loquamur
1035 2469 86 67 de
1078 2469 214 67 intelligere
1249 2469 114 67 deum
1320 2469 114 67 esse
1392 2469 86 67 in
1434 2469 171 67 spcaeli,
1563 2469 100 67 sic
1620 2469 100 67 non
1677 2469 157 67 oportet
1791 2469 114 67 quod
1862 2469 114 67 quid
1934 2469 200 67 intelligit
2091 2469 86 67 in
2119 2469 100 67 spali

474 2522 175 59 creaturam
608 2522 148 59 aliquam
715 2522 121 59 esse,
796 2522 107 59 quod
863 2522 188 59 intelligat
1011 2522 81 59 in
1051 2522 121 59 spili
1132 2522 107 59 deum
1199 2522 121 59 esse:
1279 2522 107 59 quia
1347 2522 94 59 nec
1400 2522 148 59 oportet
1508 2522 107 59 quod
1575 2522 121 59 imios
1655 2522 188 59 intelligat
1803 2522 81 59 in
1843 2522 134 59 spiti.
1937 2522 161 59 secundum
2058 2522 107 59 quod
2112 2522 94 59 deter

484 2564 145 67 minatum
589 2564 92 67 est
642 2564 132 67 supra,
734 2564 106 67 quod
800 2564 172 67 contingit
932 2564 198 67 intelligere
1091 2564 145 67 diuinam
1196 2564 172 67 essentiam
1328 2564 79 67 in
1368 2564 172 67 generali,
1500 2564 92 67 non
1552 2564 237 67 cointelligendo
1750 2564 106 67 eius
1816 2564 106 67 esse
1882 2564 79 67 in
1922 2564 132 67 spili.
2014 2564 92 67 Non
2067 2564 92 67 est
2120 2564 119 67 autem

478 2621 245 78 inconveniens
677 2621 107 78 per
738 2621 123 78 hunc
815 2621 138 78 modum
906 2621 168 78 aliquid
1029 2621 138 78 scire
1121 2621 92 78 in
1167 2621 230 78 vniuersali:
1351 2621 77 78 &
1381 2621 92 78 id
1427 2621 138 78 ipsum
1519 2621 184 78 ignorare
1657 2621 92 78 in
1703 2621 245 78 particulari.
1902 2621 92 78 vt
1948 2621 199 78 determiat
2086 2621 123 78 Phili.

478 2671 95 76 in
526 2671 126 76 lib.
605 2671 158 76 poste.
715 2671 79 76 &
747 2671 111 76 non
810 2671 142 76 solum
905 2671 205 76 ignorare,
1063 2671 111 76 sed
1126 2671 79 76 &
1158 2671 174 76 negare.
1284 2671 126 76 Vnde
1363 2671 142 76 illos
1458 2671 126 76 quid
1537 2671 111 76 non
1600 2671 221 76 cognoscunt
1774 2671 174 76 naturam
1901 2671 79 76 &
1932 2671 221 76 quiditatem
2090 2671 111 76 horum

472 2731 171 71 termiorum
604 2731 106 71 homo
670 2731 145 71 animal,
775 2731 106 71 nisi
841 2731 79 71 in
881 2731 171 71 generali:
1013 2731 66 71 &
1039 2731 79 71 in
1079 2731 92 71 hoc
1131 2731 132 71 sciunt
1224 2731 79 71 in
1263 2731 158 71 generali
1382 2731 119 71 illam
1461 2731 106 71 esse
1527 2731 132 71 veram,
1619 2731 106 71 homo
1685 2731 92 71 est
1738 2731 145 71 animal:
1844 2731 106 71 bene
1910 2731 119 71 tamen
1989 2731 171 71 contingit
2121 2731 92 71 hoc
2160 2731 53 71 ne

482 2789 112 54 gare
552 2789 84 54 in
594 2789 225 54 particulari,
777 2789 98 54 non
833 2789 155 54 sciendo
946 2789 169 54 perfecte
1072 2789 70 54 &
1100 2789 84 54 in
1143 2789 211 54 particulari
1311 2789 112 54 quid
1382 2789 98 54 per
1438 2789 127 54 illos
1522 2789 155 54 termios
1635 2789 84 54 in
1677 2789 211 54 particulari
1846 2789 239 54 significetur.
2042 2789 98 54 Per
2099 2789 112 54 haec
2155 2789 56 54 pa

481 2842 115 68 tent
552 2842 172 68 obiecta.
681 2842 72 68 ⁋
710 2842 86 68 Ad
753 2842 143 68 primum
853 2842 115 68 quod
925 2842 115 68 esse
996 2842 186 68 creaturam
1139 2842 129 68 prius
1225 2842 100 68 est
1282 2842 86 68 in
1325 2842 100 68 nia
1383 2842 200 68 cognitione
1540 2842 115 68 quam
1612 2842 115 68 esse
1683 2842 129 68 deum.
1769 2842 115 68 ergo
1841 2842 100 68 &c.
1898 2842 172 68 Dicendum
2027 2842 115 68 quod
2084 2842 129 68 verumen

491 2894 202 64 cognitione
649 2894 87 64 in
693 2894 231 64 particulari,
880 2894 115 64 quia
952 2894 101 64 nia
1010 2894 173 64 cognitio
1140 2894 72 64 a
1168 2894 130 64 sensu
1255 2894 173 64 incipit.
1385 2894 87 64 Et
1428 2894 115 64 ideo
1500 2894 144 64 potest
1601 2894 115 64 homo
1673 2894 130 64 scire
1760 2894 188 64 creaturam
1904 2894 115 64 esse
1976 2894 87 64 in
2005 2894 202 64 particulari,

478 2950 91 70 non
530 2950 144 70 sciendo
635 2950 78 70 in
674 2950 196 70 particulari
830 2950 170 70 creatorem
961 2950 117 70 esse:
1039 2950 183 70 cognitione
1182 2950 117 70 autem
1261 2950 78 70 in
1300 2950 196 70 vniversali,
1456 2950 183 70 necessario
1600 2950 117 70 prius
1678 2950 117 70 cadit
1756 2950 78 70 in
1796 2950 91 70 nia
1848 2950 183 70 cognitione
1991 2950 104 70 deum
2056 2950 117 70 esse,
2135 2950 104 70 quam

476 2992 140 64 aliquam
578 2992 165 64 creaturam
705 2992 114 64 esse.
781 2992 64 64 &
807 2992 102 64 ideo
870 2992 76 64 in
908 2992 178 64 vniversali
1048 2992 89 64 non
1099 2992 127 64 potest
1188 2992 127 64 aliqua
1277 2992 152 64 creatura
1391 2992 165 64 intelligi
1518 2992 114 64 esse,
1594 2992 89 64 non
1645 2992 229 64 cointelligendo
1836 2992 102 64 deum
1899 2992 114 64 esse,
1975 2992 114 64 licet
2052 2992 89 64 hoc
2090 2992 114 64 intelle

482 3046 122 67 ctus
558 3046 198 67 aduertit.
710 3046 91 67 vt
756 3046 137 67 infra
847 3046 198 67 videbitur
999 3046 152 67 magis.
1106 3046 76 67 ⁋
1136 3046 107 67 Ad.
1197 3046 107 67 ii.
1258 3046 91 67 de
1303 3046 137 67 dicto
1395 3046 137 67 Boet.
1486 3046 183 67 Dicendum
1623 3046 107 67 non
1684 3046 213 67 intelligit
1851 3046 167 67 amoueri
1973 3046 91 67 ab
2018 3046 137 67 animo
2110 3046 122 67 deum

478 3105 117 65 esse
551 3105 204 65 intellectu
712 3105 87 65 in
755 3105 233 65 particulari:
945 3105 117 65 quod
1017 3105 117 65 bene
1090 3105 189 65 possibile
1236 3105 117 65 est.
1309 3105 73 65 &
1338 3105 102 65 cum
1396 3105 102 65 hoc
1454 3105 219 65 intelligere
1629 3105 87 65 in
1673 3105 219 65 particulari
1848 3105 189 65 creaturam
1993 3105 131 65 esse:
2081 3105 102 65 aut
2125 3105 87 65 esse

473 3150 166 87 bonam.
589 3150 116 87 sed
656 3150 265 87 intelligendo
871 3150 99 87 in
921 3150 249 87 particulari
1120 3150 215 87 creaturam
1285 3150 133 87 esse
1368 3150 116 87 aut
1434 3150 133 87 esse
1517 3150 149 87 bonam
1617 3150 116 87 non
1683 3150 298 87 cointelligendo
1931 3150 133 87 deum
2014 3150 133 87 esse
2097 3150 99 87 in
2130 3150 83 87 vni

471 3207 192 82 uersali,
615 3207 144 82 illud
711 3207 112 82 non
775 3207 112 82 est
840 3207 224 82 possibile:
1016 3207 112 82 nec
1080 3207 192 82 ponibile
1224 3207 128 82 nisi
1304 3207 112 82 per
1368 3207 256 82 impossibile.
1577 3207 96 82 vt
1625 3207 96 82 ex
1673 3207 160 82 dictis
1769 3207 128 82 patet.
