2381 3754
139 285 201 94 quaeritur
293 285 217 94 quaestione
464 285 124 94 quod
541 285 124 94 est:
619 285 139 94 cuius
712 285 186 94 cognitio
851 285 170 94 anmquam
975 285 155 94 possit
1083 285 155 94 haberi
1192 285 108 94 aut
1254 285 186 94 aggredi,
1393 285 139 94 necio
1486 285 248 94 praesupponit
1672 285 201 94 cognitionem

154 365 76 58 si
192 365 101 58 est.
255 365 151 58 Secundum
369 365 101 58 quod
432 365 139 58 dicitur
533 365 76 58 i.
571 365 88 58 ii.
621 365 114 58 Post.
697 365 189 58 Impossibile
849 365 88 58 est
899 365 114 58 scire
975 365 101 58 quid
1038 365 88 58 est
1088 365 177 58 ignorantes
1227 365 76 58 si
1265 365 101 58 est:
1328 365 101 58 quia
1391 365 76 58 de
1429 365 76 58 eo
1467 365 101 58 quod
1530 365 88 58 non
1581 365 88 58 est
1631 365 88 58 non
1682 365 151 58 contigit
1783 365 88 58 scire

147 418 109 65 quid
215 418 109 65 est.
283 418 163 65 secundum
406 418 109 65 quod
474 418 122 65 dicit
555 418 82 65 in
596 418 136 65 eodem.
691 418 109 65 Quid
759 418 95 65 est
813 418 204 65 Tragelaphus
976 418 95 65 non
1031 418 163 65 contigit
1153 418 136 65 scire.
1248 418 95 65 Sed
1302 418 231 65 intelligendum
1493 418 109 65 quod
1560 418 122 65 scire
1642 418 82 65 si
1683 418 109 65 est,
1737 418 136 65 contigit

149 478 198 65 dupliciter
304 478 85 65 de
347 478 85 65 re
389 478 156 65 aliqua:
503 478 99 65 aut
559 478 99 65 per
616 478 212 65 cognitionem
786 478 99 65 sui
842 478 184 65 accuntis:
984 478 113 65 quia
1054 478 85 65 ei
1097 478 113 65 quod
1168 478 99 65 non
1224 478 99 65 est
1281 478 127 65 nihil
1366 478 170 65 accidit:
1493 478 85 65 et
1535 478 113 65 ideo
1606 478 212 65 cognoscendo
1776 478 85 65 si
1804 478 71 65 est

151 529 85 64 de
193 529 85 64 eo
236 529 113 64 quod
307 529 127 64 accns
392 529 113 64 est:
462 529 142 64 necimo
562 529 142 64 scitur
661 529 85 64 in
703 529 170 64 generali
831 529 113 64 quia
902 529 99 64 est
958 529 156 64 aliquid
1072 529 99 64 cui
1128 529 170 64 accidat:
1256 529 99 64 aut
1312 529 99 64 per
1369 529 227 64 indeteriatam
1553 529 71 64 &
1582 529 170 64 confusam
1695 529 184 64 cognitionem

140 577 118 65 suae
214 577 177 65 naturae:
347 577 89 65 ad
391 577 133 65 modum
480 577 103 65 quo
539 577 236 65 significatur
731 577 118 65 ipso
804 577 148 65 nomine
908 577 118 65 quam
982 577 177 65 deteriat
1114 577 118 65 ipsa
1188 577 177 65 cognitio
1321 577 118 65 quid
1395 577 118 65 est:
1469 577 118 65 quae
1543 577 207 65 exprimitur
1705 577 89 65 in
1734 577 148 65 definiti

144 634 88 65 ua
188 634 177 65 ratione.
321 634 88 65 De
365 634 133 65 eodem
454 634 118 65 enim
528 634 118 65 sunt
601 634 177 65 quaestio
734 634 88 65 si
778 634 103 65 est
837 634 74 65 &
867 634 118 65 quid
940 634 118 65 est:
1014 634 88 65 ad
1058 634 133 65 modum
1147 634 103 65 quo
1206 634 118 65 idem
1280 634 221 65 significant
1456 634 133 65 nomen
1545 634 74 65 &
1574 634 206 65 definitiua
1737 634 147 65 ratio,
1825 634 59 65 vt

152 687 130 56 dicit
238 687 217 56 philosophus
412 687 101 56 in.
470 687 130 56 viii.
556 687 116 56 Met.
629 687 101 56 sie
687 687 231 56 diuersimode.
875 687 130 56 Nomen
961 687 116 56 enim
1034 687 159 56 quiddam
1149 687 217 56 indefinitum
1323 687 217 56 significat,
1497 687 87 56 vt
1540 687 188 56 circulus.
1685 687 188 56 Definitio
1815 687 72 56 ant

140 730 103 80 quae
205 730 142 80 dicitur
308 730 103 80 quod
372 730 90 80 est
424 730 129 80 sigura
514 730 116 80 plana
592 730 116 80 vnica
669 730 116 80 linea
747 730 168 80 contenta,
876 730 168 80 diuiditur
1005 730 77 80 in
1044 730 168 80 singlaria
1173 730 77 80 id
1212 730 90 80 est
1263 730 77 80 in
1302 730 155 80 singulas
1418 730 129 80 partes
1509 730 90 80 rei
1560 730 181 80 definitae,
1702 730 77 80 vt
1741 730 142 80 dicitur
1831 730 52 80 in

147 795 104 65 pri.
212 795 169 65 physicae.
342 795 117 65 Scire
420 795 78 65 si
459 795 91 65 est
511 795 78 65 de
550 795 78 65 re
589 795 117 65 primo
666 795 104 65 modo
731 795 91 65 est
783 795 78 65 si
822 795 91 65 est
874 795 156 65 secundum
991 795 130 65 accns,
1082 795 104 65 quod
1147 795 91 65 non
1199 795 91 65 est
1251 795 104 65 vere
1316 795 117 65 scire
1394 795 78 65 de
1433 795 78 65 re
1471 795 78 65 si
1510 795 104 65 est.
1575 795 117 65 Scire
1653 795 104 65 vero
1718 795 78 65 de
1757 795 78 65 ea
1796 795 78 65 si
1822 795 65 65 est

148 842 137 65 secundo
247 842 112 65 modo:
322 842 87 65 est
371 842 112 65 scire
446 842 75 65 de
483 842 75 65 ea
521 842 75 65 si
558 842 87 65 est
608 842 99 65 vere
670 842 62 65 &
695 842 87 65 per
744 842 87 65 se.
794 842 99 65 Vnde
856 842 149 65 postquam
968 842 187 65 philosophus
1117 842 112 65 dixit
1192 842 87 65 in.
1242 842 87 65 ii.
1292 842 112 65 Post,
1366 842 99 65 quod
1428 842 187 65 impossibile
1578 842 87 65 est
1627 842 112 65 scire
1702 842 99 65 quid
1764 842 87 65 est
1801 842 75 65 igno

138 898 147 56 rantes
241 898 88 56 si
286 898 118 56 est:
359 898 177 56 continuo
492 898 162 56 adiuxit
610 898 133 56 illos
698 898 118 56 duos
772 898 133 56 modos
860 898 162 56 sciendi
978 898 88 56 si
1022 898 118 56 est,
1095 898 103 56 cum
1154 898 147 56 dixit.
1257 898 103 56 Hoc
1316 898 103 56 ant
1375 898 88 56 si
1419 898 103 56 est
1478 898 118 56 alnm
1552 898 147 56 quidem
1655 898 177 56 secundum
1773 898 103 56 accns

135 948 154 61 hemmus:
247 948 112 61 alum
317 948 168 61 habentes
443 948 112 61 quod
513 948 140 61 ipsius
611 948 112 61 rei.
681 948 98 61 Per
737 948 112 61 quod
807 948 140 61 innuit
905 948 112 61 quod
975 948 168 61 cognitio
1102 948 84 61 si
1144 948 98 61 est
1200 948 112 61 vere
1270 948 70 61 &
1298 948 98 61 per
1354 948 98 61 se,
1410 948 98 61 est
1466 948 140 61 quodam
1564 948 112 61 modo
1634 948 112 61 pers
1690 948 182 61 cognitionis

141 1004 104 64 eius
206 1004 104 64 quod
271 1004 104 64 quid
337 1004 104 64 est:
402 1004 91 64 non
454 1004 91 64 ant
506 1004 157 64 cognitio
624 1004 104 64 eius
689 1004 104 64 quod
754 1004 91 64 est
807 1004 78 64 si
846 1004 104 64 est,
911 1004 157 64 secundum
1029 1004 131 64 accns.
1120 1004 78 64 de
1159 1004 91 64 quo
1211 1004 131 64 statim
1303 1004 170 64 subiugit.
1433 1004 91 64 Sed
1485 1004 183 64 quaecumque
1629 1004 157 64 secundum
1746 1004 117 64 accns
1812 1004 65 64 sci

146 1063 95 62 mus
201 1063 108 62 quia
268 1063 122 62 sunt,
349 1063 122 62 nccem
431 1063 95 62 est
485 1063 122 62 nullo
566 1063 108 62 modo
634 1063 81 62 se
674 1063 95 62 hre
728 1063 81 62 ad
769 1063 108 62 quid
837 1063 108 62 est:
904 1063 108 62 quia
972 1063 95 62 nec
1026 1063 108 62 quia
1094 1063 108 62 sunt
1162 1063 108 62 vere
1229 1063 149 62 scimus.
1338 1063 68 62 S
1365 1063 189 62 quaecumque
1514 1063 149 62 hememus
1622 1063 95 62 per
1676 1063 81 62 se
1717 1063 108 62 quia
1784 1063 122 62 sunt:

147 1111 132 58 facile
239 1111 92 58 est
292 1111 79 58 de
331 1111 119 58 illis
410 1111 92 58 per
463 1111 79 58 si
502 1111 92 58 est
555 1111 198 58 inuestigare
713 1111 105 58 quid
779 1111 105 58 est:
845 1111 105 58 quia
911 1111 145 58 quantum
1016 1111 79 58 de
1055 1111 92 58 eis
1108 1111 158 58 hemomus,
1227 1111 105 58 quia
1292 1111 105 58 est,
1358 1111 132 58 tantum
1450 1111 79 58 de
1490 1111 92 58 eis
1543 1111 132 58 hmemus
1635 1111 105 58 quid
1701 1111 105 58 est,
1766 1111 145 58 habendo

134 1167 142 56 scilicet
241 1167 71 56 ex
276 1167 71 56 si
312 1167 95 56 est,
371 1167 130 56 aliquid
466 1167 95 56 eius
526 1167 95 56 quod
585 1167 83 56 est
632 1167 95 56 quid
692 1167 95 56 est.
751 1167 83 56 est
798 1167 95 56 enim
858 1167 107 56 istud
929 1167 71 56 si
965 1167 95 56 est,
1024 1167 119 56 aliqua
1107 1167 119 56 portio
1190 1167 95 56 eius
1249 1167 95 56 quod
1309 1167 95 56 quid
1368 1167 95 56 est:
1427 1167 95 56 quia
1487 1167 83 56 est
1534 1167 178 56 indeteriata
1676 1167 142 56 cognitio
1771 1167 107 56 generis

140 1220 67 59 &
166 1220 148 59 naturae
274 1220 108 59 rei:
341 1220 94 59 nec
395 1220 121 59 tamen
476 1220 121 59 cadit
556 1220 94 59 sub
610 1220 81 59 eo
650 1220 108 59 quod
718 1220 94 59 est
771 1220 108 59 quid
839 1220 108 59 est,
906 1220 108 59 quod
973 1220 202 59 distiguitur
1135 1220 134 59 contra
1229 1220 81 59 si
1269 1220 108 59 est.
1336 1220 94 59 Hoc
1390 1220 108 59 enim
1457 1220 108 59 quid
1524 1220 108 59 est,
1592 1220 94 59 est
1645 1220 161 59 quaestio
1766 1220 81 59 de
1793 1220 81 59 natu

138 1269 86 70 ra
181 1269 100 70 rei
238 1269 201 70 deteriata,
396 1269 100 70 vel
453 1269 172 70 secundum
582 1269 143 70 genus:
683 1269 86 70 et
726 1269 100 70 hoc
783 1269 100 70 quo
840 1269 86 70 ad
883 1269 215 70 incompletam
1056 1269 215 70 cognitionem
1228 1269 115 70 eius
1299 1269 115 70 quod
1371 1269 115 70 quid
1443 1269 115 70 est:
1514 1269 100 70 vel
1572 1269 172 70 secundum
1687 1269 186 70 definitiuam

144 1322 191 60 rationem:
292 1322 74 60 &
321 1322 103 60 hoc
380 1322 103 60 quo
439 1322 88 60 ad
483 1322 191 60 completam
630 1322 221 60 cognitionem
807 1322 118 60 eius
881 1322 118 60 quod
954 1322 118 60 quod
1028 1322 118 60 est:
1101 1322 88 60 in
1146 1322 118 60 quae
1219 1322 133 60 etiam
1308 1322 221 60 cognoscendo
1484 1322 118 60 quod
1558 1322 118 60 quid
1632 1322 118 60 est:
1705 1322 177 60 complete
1823 1322 59 60 co

146 1379 171 70 gnoscitur
278 1379 79 70 si
317 1379 105 70 est:
383 1379 105 70 quod
449 1379 92 70 est
502 1379 158 70 quaestio
620 1379 79 70 de
660 1379 132 70 natura
752 1379 92 70 rei
805 1379 132 70 omnino
897 1379 211 70 indeteriata,
1069 1379 92 70 est
1121 1379 158 70 secundum
1240 1379 119 70 genus
1319 1379 250 70 generalissimum.
1530 1379 105 70 Vnde
1596 1379 119 70 sicut
1675 1379 185 70 imperfecta
1820 1379 66 70 &
1833 1379 53 70 in

131 1433 224 54 determiata
307 1433 192 54 cognitio
451 1433 112 54 est
515 1433 224 54 principium
691 1433 240 54 cognitionis
883 1433 208 54 perfectae
1042 1433 80 54 &
1074 1433 240 54 deteriatae:
1266 1433 112 54 sic
1330 1433 192 54 cognitio
1474 1433 96 54 ex
1522 1433 224 54 quaestione
1698 1433 96 54 si
1746 1433 128 54 est,
1810 1433 80 54 est

138 1484 210 71 principium
303 1484 225 71 cognitionis
484 1484 90 71 ex
529 1484 210 71 quaestione
694 1484 120 71 quod
769 1484 120 71 est.
844 1484 75 71 &
874 1484 195 71 econverso
1025 1484 135 71 sicut
1115 1484 150 71 habita
1220 1484 180 71 perfecta
1355 1484 75 71 &
1385 1484 195 71 deteriata
1535 1484 225 71 cognitione,
1701 1484 180 71 perficitur

144 1539 162 69 quocquid
265 1539 108 69 erat
332 1539 202 69 imperfectum
494 1539 81 69 in
534 1539 189 69 cognitione
683 1539 216 69 indeteriata,
858 1539 94 69 sic
912 1539 121 69 hinta
993 1539 189 69 cognitione
1141 1539 162 69 perfecta
1262 1539 81 69 ex
1303 1539 189 69 quaestione
1451 1539 108 69 quid
1518 1539 108 69 est,
1586 1539 135 69 hituer
1680 1539 162 69 perfecta
1788 1539 94 69 cogni

133 1593 96 58 tio
188 1593 110 58 eius
257 1593 110 58 quod
325 1593 151 58 quaerit
435 1593 165 58 quaestio
559 1593 82 58 si
600 1593 110 58 est.
669 1593 165 58 Secundum
792 1593 110 58 quod
861 1593 124 58 docet
943 1593 124 58 Comm.
1026 1593 96 58 cum
1081 1593 124 58 dicit
1163 1593 124 58 super
1245 1593 96 58 cap
1300 1593 82 58 de
1342 1593 137 58 vacuo.
1438 1593 178 58 Pricipium
1575 1593 206 58 quaestionis
1740 1593 96 58 per
1781 1593 96 58 vtrum

142 1645 161 63 simplex
260 1645 176 63 scilicet
392 1645 132 63 vtrum
480 1645 161 63 aliquid
597 1645 103 63 sit
656 1645 103 63 vel
715 1645 117 63 non,
788 1645 103 63 est
847 1645 176 63 exponere
979 1645 132 63 nomen
1067 1645 103 63 per
1126 1645 176 63 sermonem
1258 1645 205 63 compositum
1419 1645 88 63 ex
1463 1645 117 63 alio
1536 1645 117 63 quod
1610 1645 103 63 est
1669 1645 147 63 genus:
1771 1645 73 63 &
1786 1645 88 63 alio

144 1699 102 69 quod
208 1699 89 69 est
259 1699 179 69 dicituria:
399 1699 64 69 &
425 1699 102 69 tunc
489 1699 153 69 vlterius
604 1699 166 69 inquirere
731 1699 115 69 vtrum
808 1699 89 69 sit
859 1699 115 69 genus
936 1699 102 69 eius
999 1699 102 69 quod
1063 1699 140 69 positum
1165 1699 89 69 est
1216 1699 102 69 esse
1280 1699 128 69 genus:
1369 1699 64 69 &
1395 1699 115 69 vtrum
1472 1699 89 69 sit
1523 1699 166 69 dicituria
1650 1699 102 69 eius
1714 1699 102 69 quod
1765 1699 115 69 ponitur

141 1753 74 65 vt
178 1753 172 65 dicituria,
313 1753 123 65 quando
399 1753 111 65 autem
472 1753 86 65 sic
522 1753 98 65 esse
583 1753 160 65 inuenitur
706 1753 98 65 tunc
767 1753 123 65 scitur
853 1753 86 65 res
902 1753 98 65 illa
964 1753 111 65 esse.
1037 1753 74 65 Si
1074 1753 86 65 ant
1123 1753 86 65 non
1173 1753 160 65 inuenitur
1295 1753 98 65 esse
1357 1753 74 65 in
1394 1753 123 65 aliquo
1480 1753 135 65 genere:
1578 1753 98 65 tunc
1639 1753 123 65 scitur
1725 1753 98 65 quia
1787 1753 86 65 res
1824 1753 61 65 non

138 1805 103 60 est.
202 1805 64 60 &
228 1805 90 60 sic
280 1805 154 60 perfecta
395 1805 116 60 ratio
472 1805 193 60 cognitionis
627 1805 129 60 ipsius
717 1805 77 60 si
755 1805 103 60 est:
820 1805 90 60 est
871 1805 154 60 cognitio
987 1805 103 60 eius
1051 1805 103 60 quod
1115 1805 90 60 est
1167 1805 103 60 quod
1231 1805 103 60 est.
1295 1805 77 60 Et
1334 1805 103 60 ideo
1398 1805 116 60 dicit
1476 1805 193 60 philosophus
1630 1805 90 60 in.
1681 1805 90 60 ii.
1733 1805 116 60 Post.
1797 1805 90 60 Scien

146 1857 92 60 tes
198 1857 105 60 quia
264 1857 92 60 est
317 1857 105 60 quid
383 1857 92 60 sit
435 1857 184 60 quaerimus.
580 1857 92 60 Cam
633 1857 105 60 enim
699 1857 132 60 ipsius
791 1857 118 60 esse.
870 1857 105 60 Quod
936 1857 184 60 expressius
1080 1857 145 60 repetit
1186 1857 211 60 consequentur
1357 1857 92 60 cum
1409 1857 132 60 dicit.
1501 1857 118 60 Sicut
1580 1857 158 60 diximus:
1699 1857 105 60 idem
1765 1857 92 60 est
1804 1857 66 60 sci

139 1911 82 70 re
180 1911 68 70 &
208 1911 109 70 quid
276 1911 109 70 est:
344 1911 68 70 &
372 1911 123 70 scire
453 1911 96 70 cam
508 1911 137 70 ipsius
604 1911 82 70 si
645 1911 109 70 est.
713 1911 82 70 Et
754 1911 109 70 nota
822 1911 164 70 secundum
945 1911 178 70 praedicta
1082 1911 82 70 de
1123 1911 191 70 cognitione
1273 1911 82 70 si
1314 1911 109 70 est,
1382 1911 109 70 quod
1451 1911 109 70 quid
1519 1911 96 70 est
1574 1911 96 70 cum
1628 1911 96 70 est
1683 1911 82 70 de
1724 1911 123 70 illis
1792 1911 82 70 quae

128 1962 126 66 sunt
207 1962 157 66 omnino
317 1962 141 66 prima
411 1962 94 66 in
458 1962 157 66 natura
568 1962 79 66 &
600 1962 189 66 essentia
741 1962 126 66 sua:
820 1962 126 66 quae
899 1962 110 66 nec
961 1962 110 66 per
1024 1962 126 66 alia
1103 1962 157 66 habent
1213 1962 173 66 probari
1339 1962 110 66 aut
1402 1962 236 66 notificari:
1590 1962 126 66 tunc
1669 1962 110 66 est
1716 1962 173 66 praecogni

144 2012 112 66 tio:
214 2012 167 66 secundum
339 2012 112 66 quod
409 2012 84 66 de
451 2012 167 66 subiecto
576 2012 181 66 scientiae
716 2012 153 66 oportet
827 2012 251 66 praecognoscere
1036 2012 112 66 quid
1106 2012 112 66 est,
1176 2012 125 66 sicut
1260 2012 84 66 si
1301 2012 112 66 est.
1371 2012 98 66 Cum
1427 2012 112 66 vero
1497 2012 98 66 est
1552 2012 84 66 de
1594 2012 125 66 illis
1678 2012 112 66 quae
1748 2012 98 66 non
1789 2012 84 66 sunt

136 2077 152 61 omnino
242 2077 137 61 prima
334 2077 91 61 in
379 2077 152 61 natura
486 2077 76 61 &
517 2077 183 61 essentia
654 2077 122 61 sua,
730 2077 107 61 sed
791 2077 152 61 habent
897 2077 152 61 aliquo
1004 2077 122 61 modo
1080 2077 168 61 priora:
1202 2077 152 61 quibus
1308 2077 152 61 habent
1415 2077 228 61 notificari:
1598 2077 122 61 tunc
1674 2077 107 61 est
1720 2077 152 61 quaestio

129 2124 172 67 secundum
258 2124 115 67 quod
329 2124 172 67 dicitur.
458 2124 100 67 ii.
516 2124 143 67 Poste.
616 2124 129 67 Eorum
702 2124 115 67 quae
774 2124 129 67 sunt:
860 2124 115 67 alia
931 2124 115 67 sunt
1003 2124 115 67 sine
1074 2124 143 67 medio:
1175 2124 72 67 &
1203 2124 186 67 principia
1347 2124 129 67 sunt:
1433 2124 115 67 quae
1504 2124 115 67 esse
1576 2124 72 67 &
1605 2124 115 67 quid
1676 2124 100 67 est
1719 2124 158 67 supponere

133 2181 189 58 oportet:
275 2181 110 58 Sed
338 2181 204 58 habentium
495 2181 157 58 medium
605 2181 157 58 quorum
715 2181 110 58 est
778 2181 173 58 quaedam
904 2181 157 58 altera
1014 2181 126 58 cam,
1093 2181 110 58 per
1156 2181 299 58 demonstrationem
1407 2181 204 58 onindere.
1564 2181 173 58 Cognito
1690 2181 142 58 autem
1785 2181 94 58 de
1816 2181 63 58 re

134 2230 97 65 si
182 2230 113 65 est
247 2230 97 65 de
295 2230 241 65 incomplexo:
488 2230 97 65 et
536 2230 129 65 quod
616 2230 113 65 est
681 2230 225 65 definitiua
858 2230 193 65 ratione:
1002 2230 161 65 restat
1115 2230 209 65 dubitatio
1276 2230 97 65 de
1324 2230 97 65 si
1372 2230 113 65 est
1437 2230 209 65 complexo:
1598 2230 113 65 vca
1662 2230 97 65 de
1694 2230 177 65 inhaeren-

139 2290 105 57 tia
199 2290 105 57 rei
259 2290 90 57 ad
303 2290 120 57 rem:
378 2290 75 57 &
408 2290 105 57 hoc
468 2290 105 57 vel
528 2290 224 57 essentiali:
707 2290 90 57 vt
752 2290 90 57 si
797 2290 120 57 homo
871 2290 105 57 est
931 2290 164 57 animal:
1051 2290 90 57 si
1096 2290 120 57 deus
1170 2290 105 57 est
1230 2290 149 57 bonus:
1335 2290 105 57 vel
1395 2290 239 57 accidentali:
1589 2290 90 57 vt
1634 2290 90 57 si
1679 2290 120 57 homo
1753 2290 105 57 est
1798 2290 75 57 al-

137 2339 109 67 bus
200 2339 109 67 vel
262 2339 125 67 non.
340 2339 94 67 Et
387 2339 203 67 differunt
543 2339 94 67 si
590 2339 109 67 est
652 2339 94 67 de
699 2339 219 67 incomplexo
871 2339 78 67 &
902 2339 94 67 de
949 2339 203 67 complexo:
1105 2339 125 67 quia
1183 2339 94 67 si
1230 2339 109 67 est
1292 2339 94 67 de
1339 2339 234 67 incomplexo,
1527 2339 109 67 est
1589 2339 94 67 de
1636 2339 125 67 esse
1714 2339 109 67 rei
1776 2339 94 67 in
1808 2339 62 67 se

148 2390 126 77 quod
227 2390 110 77 est
290 2390 110 77 sua
352 2390 126 77 vera
431 2390 188 77 entitas.
572 2390 94 77 Si
619 2390 126 77 vero
698 2390 110 77 est
761 2390 94 77 de
808 2390 204 77 complexo:
965 2390 110 77 est
1028 2390 94 77 de
1075 2390 188 77 veritate
1216 2390 236 77 compotenis:
1405 2390 126 77 quae
1483 2390 110 77 est
1546 2390 188 77 diminuta
1688 2390 110 77 rei
1735 2390 141 77 entitas

141 2451 123 58 apud
218 2451 169 58 animam.
341 2451 92 58 Et
387 2451 92 58 de
433 2451 123 58 isto
510 2451 92 58 si
556 2451 108 58 est
618 2451 200 58 complexo:
772 2451 185 58 sciendum
911 2451 123 58 quod
988 2451 92 58 in
1034 2451 108 58 eis
1096 2451 123 58 quae
1173 2451 123 58 sunt
1250 2451 139 58 prima
1342 2451 77 58 &
1373 2451 108 58 per
1434 2451 92 58 se
1481 2451 123 58 nota
1558 2451 108 58 est
1619 2451 262 58 praecognitio,
1819 2451 62 58 vt

140 2506 162 56 quoniam
258 2506 118 56 omne
332 2506 103 56 aut
391 2506 206 56 affirmare,
553 2506 103 56 aut
611 2506 147 56 negare
715 2506 133 56 verum
803 2506 118 56 est:
876 2506 88 56 vt
921 2506 162 56 dicitur
1038 2506 88 56 in
1083 2506 191 56 principio
1230 2506 133 56 Post.
1318 2506 88 56 In
1362 2506 103 56 eis
1421 2506 133 56 autem
1510 2506 118 56 quae
1583 2506 103 56 non
1642 2506 118 56 sunt
1716 2506 133 56 prima
1789 2506 74 56 nec

143 2548 134 66 omnino
236 2548 94 66 per
290 2548 80 66 se
330 2548 120 66 nota,
410 2548 94 66 est
463 2548 160 66 quaestio
584 2548 107 66 quam
650 2548 200 66 philosophus
811 2548 80 66 in
851 2548 94 66 ii.
904 2548 134 66 Poste.
998 2548 160 66 appellat
1118 2548 200 66 quaestionem
1279 2548 107 66 quia
1345 2548 107 66 est.
1412 2548 94 66 Cum
1466 2548 120 66 enim,
1546 2548 80 66 vt
1586 2548 134 66 dicit,
1680 2548 120 66 vtrum
1760 2548 147 66 aliquod

129 2609 105 65 sit
189 2609 105 65 hoc
249 2609 105 65 aut
310 2609 105 65 hoc
370 2609 196 65 quaerimus
521 2609 90 65 in
566 2609 166 65 numerum
686 2609 196 65 ponentes:
837 2609 90 65 vt
882 2609 136 65 vtrum
972 2609 105 65 sol
1033 2609 181 65 deficiat
1168 2609 105 65 aut
1228 2609 120 65 non:
1304 2609 120 65 quia
1379 2609 211 65 quaerimus.
1545 2609 226 65 Inuenientes
1725 2609 120 65 enim
1786 2609 90 65 quia

135 2660 169 65 deficit
258 2660 200 65 pausamus:
412 2660 77 65 &
442 2660 92 65 si
488 2660 92 65 in
535 2660 200 65 principio
688 2660 185 65 sciremus
827 2660 123 65 quia
904 2660 215 65 deficeret,
1073 2660 108 65 non
1135 2660 231 65 quaereremus
1319 2660 154 65 vtrum.
1427 2660 108 65 Cum
1488 2660 138 65 autem
1581 2660 169 65 sciamus
1704 2660 138 65 ipsum
1781 2660 92 65 quia

139 2720 128 60 ipsum
224 2720 156 60 propter
337 2720 113 60 quod
408 2720 199 60 quaerimus:
564 2720 85 60 vt
607 2720 170 60 scientes
734 2720 113 60 quia
805 2720 170 60 deficit,
933 2720 156 60 propter
1046 2720 128 60 quoid
1131 2720 156 60 deficit
1245 2720 199 60 quaerimus:
1401 2720 99 60 quo
1458 2720 156 60 teriato
1571 2720 156 60 finitur
1684 2720 156 60 humanae
1784 2720 99 60 inue-

135 2761 223 68 stigationis
313 2761 238 68 sollicitudo.
536 2761 104 68 His
596 2761 223 68 praelibatis
774 2761 178 68 dicendum
908 2761 89 68 ad
952 2761 223 68 propositum.
1130 2761 104 68 cum
1190 2761 208 68 quaeritur:
1353 2761 134 68 vtrum
1442 2761 134 68 eadem
1531 2761 208 68 cognitione
1680 2761 193 68 cognoscitur

135 2816 90 69 de
180 2816 105 69 deo
240 2816 90 69 si
285 2816 105 69 est
345 2816 75 69 &
376 2816 120 69 quid
451 2816 120 69 est:
526 2816 180 69 Sciendum
661 2816 120 69 quod
736 2816 180 69 cognitio
872 2816 105 69 cum
932 2816 105 69 sit
992 2816 165 69 quaedam
1112 2816 226 69 assimilatio
1293 2816 241 69 cognoscentis
1488 2816 90 69 ad
1533 2816 195 69 cognitum:
1684 2816 180 69 quaestio
1804 2816 60 69 de

145 2868 213 70 identitate
312 2868 228 70 cognitionis
495 2868 137 70 praet
586 2868 198 70 intelligi
738 2868 107 70 vel
799 2868 91 70 ex
845 2868 137 70 parte
936 2868 259 70 cognoscentis,
1149 2868 107 70 vel
1210 2868 91 70 ex
1255 2868 137 70 parte
1347 2868 183 70 cogniti.
1484 2868 91 70 Si
1529 2868 91 70 ex
1575 2868 137 70 parte
1666 2868 183 70 cogniti:
1788 2868 76 70 sic

128 2921 115 69 non
193 2921 115 69 est
259 2921 164 69 dubium
373 2921 131 69 quin
455 2921 147 69 eadem
553 2921 229 69 cognitione
733 2921 196 69 vtrumque
880 2921 98 69 de
929 2921 115 69 deo
995 2921 262 69 cognoscitur:
1207 2921 131 69 quia
1289 2921 98 69 in
1338 2921 115 69 deo
1404 2921 180 69 quantum
1534 2921 115 69 est
1600 2921 98 69 ex
1649 2921 147 69 parte
1747 2921 115 69 sua
1796 2921 82 69 dif

119 2978 213 73 ferentiam
283 2978 164 73 nullam
398 2978 181 73 ponunt:
529 2978 115 73 sed
594 2978 98 73 si
644 2978 181 73 aliquam
775 2978 181 73 habeant
906 2978 279 73 differentiam,
1136 2978 115 73 hoc
1202 2978 115 73 est
1267 2978 98 73 ex
1316 2978 148 73 parte
1415 2978 279 73 cognoscentis.
1645 2978 131 73 Vnde
1727 2978 98 73 ex
1760 2978 98 73 par-

130 3032 90 65 te
175 3032 240 65 cognoscentis
370 3032 135 65 solum
460 3032 135 65 habet
550 3032 135 65 locum
640 3032 195 65 quaestio:
790 3032 75 65 &
820 3032 180 65 dicendum
955 3032 120 65 quod
1030 3032 90 65 si
1075 3032 120 65 quod
1150 3032 120 65 est:
1225 3032 105 65 est
1285 3032 255 65 praecognitio:
1495 3032 120 65 quod
1570 3032 105 65 non
1630 3032 135 65 eadem
1705 3032 165 65 cognitio-

127 3092 105 63 ne
180 3092 263 63 cognoscitur
390 3092 210 63 vtrumque
548 3092 105 63 de
601 3092 140 63 deo:
689 3092 140 63 quia
776 3092 140 63 bene
864 3092 228 63 contingit
1039 3092 158 63 scire
1145 3092 105 63 de
1197 3092 123 63 deo
1267 3092 140 63 quid
1355 3092 193 63 dicitur
1495 3092 88 63 &
1530 3092 281 63 intelligitur
1758 3092 123 63 per
1811 3092 70 63 no

134 3137 113 67 men
198 3137 225 67 intellectu
375 3137 177 67 confuso
504 3137 81 67 &
536 3137 290 67 indeterminato:
778 3137 113 67 non
842 3137 177 67 sciendo
971 3137 97 67 si
1020 3137 113 67 sit
1084 3137 145 67 deus:
1181 3137 209 67 quocumque
1342 3137 129 67 modo
1422 3137 258 67 intelligatur
1631 3137 97 67 si
1680 3137 113 67 est
1728 3137 145 67 praeco-

125 3201 154 79 gnitio
232 3201 108 79 vel
294 3201 200 79 quaestio:
447 3201 123 79 siue
524 3201 92 79 de
570 3201 215 79 incomplexo
739 3201 123 79 siue
816 3201 92 79 de
862 3201 200 79 complexo:
1016 3201 123 79 quia
1092 3201 184 79 constat,
1231 3201 92 79 vt
1277 3201 138 79 dicit
1369 3201 215 79 Augustinus
1538 3201 77 79 i
1569 3201 92 79 de
1615 3201 138 79 doct.
1692 3201 184 79 Christiana
