2343 3783
454 306 133 80 quod
537 306 149 80 omnes
637 306 183 80 latinae
770 306 183 80 linguae
903 306 116 80 cum
969 306 149 80 aures
1068 306 149 80 eorum
1168 306 149 80 sonus
1268 306 133 80 iste
1351 306 133 80 deus
1434 306 232 80 attigerit:
1616 306 149 80 mouet
1716 306 100 80 ad
1766 306 232 80 cogitandum
1931 306 266 80 excellentissi-

458 374 116 66 mam
525 374 182 66 quandam
657 374 198 66 naturam:
806 374 116 66 qui
872 374 149 66 tamen
971 374 132 66 bene
1054 374 182 66 possunt
1186 374 198 66 dubitare
1335 374 99 66 an
1385 374 132 66 ipsa
1467 374 165 66 habeat
1583 374 132 66 esse
1666 374 132 66 siue
1748 374 99 66 in
1798 374 232 66 existentia
1980 374 182 66 actuali
2112 374 116 66 aut

460 424 104 66 in
512 424 157 66 rerum
616 424 191 66 natura:
755 424 139 66 quia
842 424 209 66 quaerens
999 424 87 66 &
1034 424 261 66 inuestigans
1242 424 104 66 ex
1295 424 226 66 creaturis
1468 424 157 66 ductu
1573 424 226 66 naturalis
1747 424 226 66 rationis,
1921 424 104 66 an
1973 424 139 66 deus
2060 424 174 66 habeat

457 481 130 69 esse
538 481 113 69 vel
603 481 97 69 in
651 481 194 69 effectu:
797 481 113 69 vel
862 481 97 69 in
911 481 146 69 rerum
1008 481 178 69 natura,
1138 481 178 69 necesse
1267 481 146 69 habet
1364 481 146 69 prius
1462 481 146 69 scire
1559 481 130 69 quid
1640 481 259 69 intelligitur
1851 481 113 69 hoc
1915 481 162 69 nomine
2029 481 146 69 deus.
2110 481 81 69 Ali

446 535 120 58 ter
514 535 137 58 enim
600 535 205 58 nesciret
754 535 171 58 quando
874 535 120 58 per
942 535 205 58 rationem
1096 535 222 58 inueniret
1267 535 103 58 an
1318 535 137 58 ipse
1404 535 171 58 habeat
1524 535 154 58 esse,
1626 535 103 58 vt
1678 535 171 58 dictum
1797 535 120 58 est
1866 535 154 58 supra
1969 535 103 58 in
2003 535 188 58 quaestio-

455 591 124 65 ne:
526 591 106 65 an
579 591 230 65 contingit
756 591 194 65 hominem
897 591 159 65 scire
1003 591 106 65 ex
1056 591 230 65 creaturis
1233 591 141 65 deum
1322 591 159 65 esse.
1428 591 141 65 Vnde
1516 591 88 65 &
1552 591 141 65 quod
1640 591 230 65 populares
1817 591 265 65 idololatrae
2011 591 177 65 ponebant

457 644 126 65 deum
536 644 126 65 esse
614 644 173 65 aliquid
740 644 110 65 per
803 644 204 65 essentiam
960 644 79 65 &
992 644 94 65 in
1039 644 189 65 effectu:
1180 644 110 65 hoc
1243 644 110 65 non
1306 644 126 65 erat
1385 644 94 65 ex
1432 644 157 65 aliqua
1542 644 141 65 eorum
1636 644 189 65 scientia
1778 644 126 65 quam
1856 644 189 65 habebant
1998 644 94 65 de
2045 644 110 65 dei
2092 644 110 65 essen

445 697 124 67 tia:
522 697 108 67 vel
584 697 124 67 eius
661 697 232 67 existentia:
846 697 108 67 sed
908 697 93 67 ex
955 697 124 67 fide
1032 697 124 67 quam
1109 697 185 67 habebant
1248 697 247 67 philosophis:
1449 697 108 67 qui
1511 697 139 67 illud
1604 697 108 67 per
1666 697 185 67 rationes
1805 697 93 67 ex
1851 697 201 67 creaturis
2006 697 108 67 (vt
2052 697 139 67 habitum

447 757 119 61 est
515 757 170 61 supra)
634 757 102 61 de
684 757 119 61 deo
752 757 237 61 sciuerunt:
939 757 85 61 a
973 757 170 61 quibus
1091 757 153 61 etiam
1193 757 203 61 habebant
1345 757 203 61 notitiam
1498 757 136 61 eius
1583 757 136 61 quod
1668 757 186 61 dicitur
1803 757 119 61 per
1871 757 119 61 hoc
1939 757 153 61 nomen
2040 757 153 61 deus.
2125 757 68 61 Et

453 805 129 59 ideo
533 805 96 59 in
581 805 289 59 determinatione
822 805 129 59 eius
903 805 129 59 quod
983 805 112 59 per
1047 805 145 59 nomen
1144 805 289 59 intellexerunt,
1385 805 209 59 errabant:
1545 805 112 59 cum
1610 805 225 59 vnusqusque
1786 805 145 59 eorum
1883 805 145 59 illud
1979 805 177 59 ponebat
2092 805 96 59 deum

447 857 116 67 est:
520 857 116 67 quod
593 857 174 67 caeteris
723 857 218 67 anteposuit:
898 857 145 67 quidam
999 857 160 67 caelum:
1115 857 145 67 quidam
1217 857 145 67 solem:
1318 857 145 67 quidam
1420 857 145 67 lunam:
1522 857 73 67 &
1551 857 102 67 sic
1609 857 160 67 diuersi
1725 857 232 67 diuersimode.
1914 857 87 67 vt
1957 857 131 67 dicit
2030 857 174 67 Augustinus

450 909 117 60 iii.
523 909 87 60 de
567 909 117 60 doc.
640 909 190 60 Christana
786 909 117 60 quod
859 909 160 60 numquam
975 909 204 60 fecissent,
1136 909 87 60 si
1179 909 160 60 aliquid
1296 909 87 60 de
1340 909 87 60 si
1384 909 102 60 est
1442 909 131 60 deus:
1529 909 117 60 vere
1602 909 219 60 sciuissent:
1777 909 117 60 quia
1850 909 117 60 quod
1923 909 160 60 diuinae
2040 909 160 60 naturae
2142 909 58 60 co

453 964 200 67 gnoscitur
606 964 138 67 esse:
698 964 107 67 non
760 964 230 67 cognoscitur
944 964 123 67 esse
1021 964 123 67 eius
1098 964 123 67 nisi
1174 964 230 67 cognoscendo
1359 964 138 67 ipsum
1451 964 200 67 excellere
1604 964 123 67 omne
1681 964 123 67 quid
1758 964 92 67 in
1804 964 184 67 creatura
1942 964 215 67 reperitur.
2111 964 123 67 Quod

450 1022 122 63 quia
526 1022 122 63 bene
602 1022 183 63 nouerunt
740 1022 229 63 philosophi,
923 1022 122 63 etsi
999 1022 198 63 adorabant
1151 1022 137 63 idola
1243 1022 107 63 cum
1304 1022 153 63 populo
1411 1022 168 63 tamquam
1533 1022 122 63 deos
1609 1022 92 63 in
1655 1022 183 63 templis:
1792 1022 229 63 ostendebant
1975 1022 137 63 tamen
2067 1022 122 63 deos
2128 1022 76 63 non

447 1069 135 60 esse
532 1069 101 60 in
582 1069 135 60 suis
667 1069 203 60 scholis:
819 1069 203 60 negantes
971 1069 135 60 deos
1056 1069 135 60 esse
1140 1069 101 60 in
1191 1069 203 60 scholis:
1343 1069 135 60 quos
1427 1069 152 60 sicut
1529 1069 135 60 deos
1613 1069 270 60 venerabantur
1833 1069 101 60 in
1884 1069 203 60 templis.
2036 1069 101 60 vt
2070 1069 118 60 dicit

447 1127 215 65 Augustinus
616 1127 92 65 de
662 1127 123 65 vera
739 1127 138 65 reli.
831 1127 92 65 Si
877 1127 123 65 vero
954 1127 123 65 quid
1031 1127 108 65 est
1092 1127 108 65 sit
1154 1127 200 65 quaestio:
1307 1127 108 65 aut
1369 1127 123 65 ergo
1446 1127 108 65 est
1507 1127 92 65 de
1553 1127 154 65 natura
1661 1127 108 65 dei
1722 1127 92 65 in
1769 1127 154 65 aliquo
1876 1127 123 65 eius
1953 1127 184 65 generali
2076 1127 123 65 attri-

449 1177 153 59 buto:
551 1177 85 59 &
585 1177 119 59 hoc
653 1177 119 59 vel
721 1177 187 59 communi
857 1177 119 59 cum
925 1177 238 59 creaturis,
1112 1177 119 59 quo
1180 1177 272 59 intelligitur
1400 1177 238 59 cognitione
1587 1177 272 59 indistincta:
1808 1177 119 59 vel
1876 1177 136 59 sibi
1944 1177 238 59 appropriato:

451 1230 107 56 quo
512 1230 244 56 intelligitur
710 1230 213 56 cognitione
877 1230 213 56 distincta.
1044 1230 183 56 secundum
1181 1230 122 56 quod
1258 1230 91 56 de
1303 1230 107 56 his
1364 1230 137 56 modis
1455 1230 228 56 cognoscendi
1638 1230 122 56 quod
1714 1230 107 56 est
1775 1230 137 56 deus,
1866 1230 137 56 infra
1958 1230 213 56 videbitur.
2110 1230 76 56 aut

453 1286 99 61 in
502 1286 247 61 particulari
699 1286 99 61 de
749 1286 132 61 illa
831 1286 214 61 singulari
996 1286 181 61 natura:
1127 1286 99 61 in
1177 1286 115 61 qua
1242 1286 148 61 lucet
1341 1286 181 61 veritas
1473 1286 165 61 omnium
1588 1286 280 61 attributorum.
1818 1286 99 61 Si
1868 1286 148 61 primo
1967 1286 148 61 modo:
2065 1286 132 61 tunc
2131 1286 66 61 si

447 1340 136 55 est:
532 1340 119 55 aut
600 1340 119 55 est
668 1340 102 55 de
719 1340 221 55 complexo,
890 1340 119 55 aut
958 1340 102 55 de
1009 1340 255 55 incomplexo.
1213 1340 102 55 Si
1264 1340 102 55 de
1315 1340 221 55 complexo:
1486 1340 119 55 aut
1554 1340 136 55 ergo
1639 1340 204 55 possumus
1792 1340 153 55 loqui
1894 1340 102 55 de
1946 1340 238 55 cognitione
2133 1340 102 55 in

449 1392 123 56 actu
525 1392 107 56 vel
587 1392 92 56 in
633 1392 169 56 habitu.
756 1392 92 56 Si
802 1392 92 56 de
848 1392 215 56 cognitione
1017 1392 92 56 in
1063 1392 138 56 actu:
1155 1392 123 56 tunc
1232 1392 184 56 dicendum
1370 1392 123 56 quod
1447 1392 107 56 non
1508 1392 107 56 est
1569 1392 138 56 eadem
1662 1392 184 56 cognitio
1800 1392 123 56 quae
1877 1392 154 56 scitur
1984 1392 92 56 de
2030 1392 107 56 deo
2092 1392 92 56 si
2122 1392 77 56 est

443 1444 74 67 &
473 1444 118 67 quid
547 1444 118 67 est.
621 1444 148 67 Potest
724 1444 118 67 enim
798 1444 163 67 aliquis
917 1444 163 67 actuali
1035 1444 207 67 cognitione
1198 1444 192 67 concipere
1346 1444 89 67 in
1390 1444 148 67 aliquo
1494 1444 178 67 generali
1627 1444 192 67 attributo
1775 1444 148 67 diuino
1878 1444 89 67 id
1923 1444 118 67 quod
1997 1444 118 67 deus
2071 1444 118 67 est:
2130 1444 74 67 vel

452 1502 211 64 cognitione
618 1502 241 64 indistincta:
814 1502 90 64 vt
859 1502 241 64 intelligendo
1055 1502 136 64 bonum
1145 1502 241 64 simpliciter:
1341 1502 105 64 vel
1401 1502 211 64 distincta,
1567 1502 241 64 intelligendo
1763 1502 136 64 bonum
1853 1502 105 64 non
1914 1502 256 64 participatum:
2125 1502 105 64 sed

451 1553 117 73 per
518 1553 216 73 essentiam
684 1553 166 73 bonum,
801 1553 100 73 vt
851 1553 150 73 supra
951 1553 216 73 expositum
1117 1553 133 73 est:
1200 1553 117 73 non
1267 1553 250 73 concipiendo
1467 1553 183 73 insimul
1600 1553 250 73 inhaeretiam
1800 1553 133 73 esse
1883 1553 100 73 ad
1933 1553 150 73 ipsum
2033 1553 133 73 siue
2099 1553 100 73 sim-

456 1607 209 67 pliciter:
617 1607 129 67 siue
697 1607 96 67 in
745 1607 177 67 actuali
874 1607 241 67 existentia:
1067 1607 96 67 vt
1115 1607 177 67 habitum
1244 1607 113 67 est
1308 1607 161 67 supra.
1420 1607 96 67 Si
1469 1607 129 67 vero
1549 1607 96 67 de
1597 1607 225 67 cognitione
1774 1607 96 67 in
1822 1607 177 67 habitu:
1951 1607 193 67 dicendum
2096 1607 129 67 quod

451 1663 107 67 est
512 1663 137 67 eadem
603 1663 183 67 cognitio
741 1663 153 67 omnino
848 1663 107 67 qua
909 1663 153 67 scitur
1016 1663 92 67 de
1062 1663 107 67 deo
1123 1663 92 67 si
1169 1663 107 67 est
1230 1663 168 67 aliquid
1352 1663 76 67 &
1382 1663 122 67 quid
1459 1663 122 67 est.
1535 1663 92 67 Si
1581 1663 122 67 enim
1657 1663 229 67 intelligens
1841 1663 122 67 quod
1917 1663 107 67 est
1978 1663 137 67 deus,
2070 1663 92 67 in
2100 1663 92 67 eius

456 1713 268 63 quantumcumque
677 1713 189 63 generali
819 1713 205 63 attributo
976 1713 189 63 aduertat
1118 1713 95 63 de
1165 1713 126 63 eius
1244 1713 142 63 esse,
1339 1713 236 63 impossibile
1528 1713 110 63 est
1591 1713 236 63 intelligere
1780 1713 110 63 vel
1843 1713 189 63 cogitare
1984 1713 126 63 quid
2063 1713 110 63 est
2110 1713 95 63 deus

455 1771 123 60 quin
531 1771 138 60 simul
623 1771 230 60 cogitaretur
807 1771 138 60 esse:
899 1771 123 60 quia
976 1771 230 60 praedicatum
1160 1771 199 60 cogitatur
1314 1771 92 60 in
1360 1771 199 60 subiecto.
1513 1771 77 60 &
1544 1771 184 60 secundum
1682 1771 107 60 hoc
1743 1771 123 60 deus
1820 1771 107 60 non
1881 1771 153 60 potest
1989 1771 184 60 cogitari
2111 1771 77 60 non

458 1823 130 62 esse.
544 1823 87 62 vt
587 1823 130 62 infra
674 1823 173 62 dicetur.
804 1823 173 62 Cogitans
934 1823 115 62 enim
1006 1823 130 62 bonum
1093 1823 101 62 vel
1151 1823 159 62 sapiens
1266 1823 101 62 vel
1324 1823 159 62 aliquod
1439 1823 188 62 huiusmodi
1584 1823 101 62 sub
1641 1823 159 62 ratione
1757 1823 101 62 qua
1815 1823 173 62 convenit
1945 1823 101 62 deo
2002 1823 173 62 scilicet
2118 1823 72 62 co-

445 1874 200 65 gnitione
596 1874 217 65 distincta
762 1874 117 65 qua
829 1874 117 65 deo
896 1874 134 65 soli
979 1874 200 65 convenit
1130 1874 150 65 illud
1230 1874 267 65 concipiendo,
1447 1874 184 65 cogitat
1580 1874 117 65 sub
1647 1874 184 65 ratione
1781 1874 117 65 qua
1847 1874 117 65 est
1914 1874 150 65 bonum
2014 1874 117 65 non
2064 1874 134 65 parti-

450 1931 188 67 cipatum:
592 1931 110 67 sed
654 1931 110 67 per
717 1931 220 67 essentiam:
890 1931 126 67 quae
968 1931 110 67 est
1031 1931 126 67 suum
1109 1931 126 67 esse
1188 1931 78 67 &
1219 1931 110 67 sua
1282 1931 235 67 existentia:
1470 1931 78 67 &
1502 1931 110 67 quo
1564 1931 141 67 maius
1659 1931 220 67 excogitari
1831 1931 110 67 non
1894 1931 173 67 potest.
2019 1931 94 67 vt
2051 1931 141 67 habitum

445 1982 119 63 est
513 1982 102 63 ex
564 1982 153 63 supra
667 1982 290 63 determinatis.
905 1982 102 63 Si
956 1982 136 63 vero
1042 1982 136 63 quid
1127 1982 119 63 est
1195 1982 136 63 deus
1280 1982 273 63 intelligatur
1502 1982 102 63 in
1553 1982 170 63 aliquo
1672 1982 136 63 eius
1758 1982 222 63 attributo
1928 1982 205 63 generali
2065 1982 136 63 cogni-

450 2037 136 62 tione
541 2037 242 62 indistincta:
738 2037 106 62 qua
798 2037 136 62 etiam
889 2037 197 62 creaturae
1040 2037 197 62 convenit,
1192 2037 91 62 de
1237 2037 106 62 qua
1298 2037 136 62 infra
1389 2037 182 62 dicetur:
1525 2037 106 62 non
1585 2037 167 62 oportet
1707 2037 121 62 quod
1782 2037 227 62 intelligens
1964 2037 121 62 quod
2040 2037 106 62 est
2085 2037 106 62 deus,

447 2086 210 59 intelligat
612 2086 105 59 eum
672 2086 135 59 esse:
763 2086 120 59 quia
838 2086 135 59 illud
928 2086 120 59 quod
1003 2086 90 59 in
1048 2086 165 59 ratione
1169 2086 105 59 sua
1229 2086 105 59 non
1289 2086 180 59 includit
1424 2086 135 59 esse.
1514 2086 90 59 Si
1560 2086 120 59 vero
1635 2086 90 59 si
1680 2086 105 59 est
1740 2086 105 59 sit
1800 2086 180 59 quaestio
1935 2086 90 59 de
1981 2086 226 59 incomplexo:
2146 2086 45 59 &

444 2143 203 56 similiter
601 2143 125 56 quod
679 2143 109 56 est
741 2143 94 56 de
788 2143 156 56 natura
897 2143 109 56 dei
960 2143 94 56 in
1006 2143 156 56 aliquo
1116 2143 125 56 eius
1194 2143 187 56 generali
1334 2143 219 56 attributo:
1506 2143 125 56 siue
1584 2143 187 56 communi,
1725 2143 125 56 siue
1803 2143 250 56 appropriato:
2006 2143 109 56 sic
2068 2143 156 56 omnino

448 2196 116 56 est
515 2196 149 56 eadem
614 2196 199 56 cognitio
763 2196 116 56 qua
829 2196 248 56 cognoscitur
1028 2196 99 56 si
1078 2196 132 56 est:
1160 2196 83 56 &
1194 2196 132 56 quid
1276 2196 132 56 est:
1359 2196 132 56 quia
1442 2196 166 56 omnino
1558 2196 182 56 idipsum
1690 2196 132 56 sunt
1773 2196 99 56 in
1823 2196 99 56 eo
1872 2196 199 56 essentia
2021 2196 83 56 &
2055 2196 149 56 esse.
2137 2196 50 56 &

454 2250 108 56 sic
515 2250 108 56 non
577 2250 170 56 differt
701 2250 217 56 cognoscere
871 2250 93 56 si
918 2250 108 56 est
980 2250 77 56 &
1011 2250 124 56 quid
1088 2250 124 56 est:
1165 2250 124 56 nisi
1243 2250 170 56 ratione
1367 2250 170 56 tantum.
1491 2250 139 56 sicut
1583 2250 124 56 sola
1661 2250 170 56 ratione
1785 2250 201 56 differunt
1939 2250 186 56 essentia
2079 2250 77 56 &
2094 2250 93 56 esse

459 2306 101 58 vt
510 2306 185 58 habitum
644 2306 118 58 est
711 2306 168 58 supra.
829 2306 101 58 Si
880 2306 135 58 vero
964 2306 135 58 quid
1048 2306 118 58 est
1115 2306 118 58 sit
1182 2306 101 58 de
1233 2306 168 58 natura
1350 2306 252 58 determinata
1552 2306 118 58 dei
1619 2306 101 58 in
1670 2306 252 58 particulari
1872 2306 118 58 qua
1939 2306 118 58 est
2006 2306 151 58 ipsum
2090 2306 101 58 esse

441 2351 149 74 purum
541 2351 315 74 simplicissimum:
806 2351 99 74 in
856 2351 116 74 quo
922 2351 149 74 ratio
1022 2351 166 74 omnium
1138 2351 265 74 attributorum
1353 2351 216 74 fundatur:
1519 2351 133 74 tunc
1602 2351 216 74 similiter
1768 2351 282 74 distinguendum
2000 2351 99 74 vt
2050 2351 149 74 prius
2133 2351 66 74 de

449 2413 93 66 si
495 2413 123 66 est:
572 2413 123 66 quod
649 2413 154 66 potest
757 2413 123 66 esse
834 2413 93 66 de
881 2413 185 66 complexo
1019 2413 108 66 vel
1081 2413 93 66 de
1127 2413 231 66 incomplexo.
1313 2413 93 66 Si
1359 2413 139 66 primo
1451 2413 139 66 modo:
1544 2413 185 66 dicendum
1683 2413 123 66 quod
1760 2413 108 66 non
1822 2413 108 66 est
1883 2413 139 66 eadem
1976 2413 185 66 cognitio
2115 2413 108 66 qua

443 2464 103 67 de
494 2464 120 67 deo
563 2464 258 67 cognoscitur
769 2464 137 67 quod
855 2464 120 67 est
924 2464 86 67 &
958 2464 103 67 si
1010 2464 137 67 est:
1096 2464 137 67 quia
1181 2464 137 67 homo
1267 2464 137 67 bene
1353 2464 172 67 potest
1474 2464 240 67 cognoscere
1662 2464 344 67 certitudinaliter
1955 2464 86 67 &
1972 2464 223 67 determinate

455 2519 134 59 quia
539 2519 134 59 vera
622 2519 117 59 sit
689 2519 134 59 ista
773 2519 234 59 propositio
956 2519 117 59 qua
1023 2519 184 59 dicitur
1157 2519 134 59 deus
1240 2519 134 59 est:
1324 2519 117 59 cum
1390 2519 150 59 tamen
1491 2519 117 59 non
1557 2519 150 59 sciat
1658 2519 250 59 determinate
1858 2519 83 59 &
1891 2519 100 59 in
1942 2519 250 59 particulari
2125 2519 67 59 na

451 2574 135 54 turam
541 2574 150 54 ipsius
645 2574 105 54 dei
705 2574 120 54 quid
780 2574 120 54 sit.
855 2574 135 54 Illud
945 2574 120 54 enim
1019 2574 120 54 bene
1094 2574 150 54 potest
1199 2574 135 54 scire
1289 2574 120 54 homo
1363 2574 90 54 ex
1408 2574 135 54 puris
1498 2574 239 54 naturalibus:
1692 2574 135 54 istud
1782 2574 135 54 autem
1872 2574 120 54 non:
1947 2574 105 54 nec
2007 2574 90 54 in
2051 2574 120 54 vita
2111 2574 90 54 ista

447 2624 119 60 nec
515 2624 102 60 ex
566 2624 170 60 gratia
685 2624 204 60 communi:
838 2624 102 60 vt
889 2624 187 60 habitum
1025 2624 119 60 est
1093 2624 170 60 supra.
1212 2624 102 60 Si
1263 2624 136 60 vero
1349 2624 170 60 fuerit
1468 2624 102 60 si
1519 2624 119 60 est
1587 2624 102 60 de
1638 2624 255 60 incomplexo:
1842 2624 119 60 aut
1910 2624 136 60 ergo
1995 2624 204 60 cognitio
2131 2624 68 60 si

454 2675 110 64 est
517 2675 94 64 de
564 2675 126 64 deo,
643 2675 173 64 habetur
768 2675 189 64 secundum
910 2675 204 64 accidens:
1067 2675 110 64 aut
1130 2675 110 64 per
1193 2675 110 64 se.
1255 2675 141 64 Primo
1350 2675 126 64 modo
1428 2675 110 64 non
1491 2675 110 64 est
1554 2675 141 64 eadem
1648 2675 204 64 cognitio:
1805 2675 126 64 quia
1884 2675 94 64 ex
1931 2675 204 64 creaturis
2072 2675 126 64 potest

457 2734 184 60 cognosci
595 2734 92 60 si
641 2734 108 60 est
702 2734 138 60 deus:
795 2734 138 60 nihil
887 2734 230 60 cognoscendo
1071 2734 92 60 de
1117 2734 123 60 eius
1194 2734 123 60 quod
1271 2734 108 60 est
1332 2734 92 60 in
1378 2734 154 60 natura
1486 2734 108 60 sua
1547 2734 246 60 particulari.
1747 2734 92 60 Si
1793 2734 169 60 secundo
1916 2734 138 60 modo:
2008 2734 108 60 sic
2054 2734 138 60 penitus

453 2785 107 63 est
514 2785 137 63 eadem
605 2785 198 63 cognitio:
757 2785 122 63 quia
833 2785 91 63 si
879 2785 107 63 est
940 2785 213 63 cognoscere
1107 2785 91 63 de
1153 2785 107 63 deo
1214 2785 107 63 per
1275 2785 107 63 se,
1336 2785 107 63 non
1396 2785 198 63 contingit
1549 2785 122 63 nisi
1625 2785 167 63 sciendo
1747 2785 122 63 quid
1823 2785 107 63 sit
1884 2785 91 63 in
1929 2785 228 63 particulari
2097 2785 91 63 eius

461 2840 167 58 natura:
582 2840 106 58 non
643 2840 91 58 in
689 2840 152 58 aliquo
795 2840 122 58 eius
871 2840 213 58 attributo.
1039 2840 106 58 per
1099 2840 198 58 attributa
1251 2840 122 58 enim
1327 2840 228 58 cognoscitur
1510 2840 91 58 si
1555 2840 122 58 est:
1631 2840 106 58 non
1692 2840 122 58 nisi
1768 2840 182 58 secundum
1905 2840 198 58 accidens:
2057 2840 91 58 vt
2088 2840 106 58 infra

455 2894 189 56 dicendum
597 2894 126 56 est.
676 2894 110 56 Nec
739 2894 189 56 contigit
881 2894 221 56 cognoscere
1055 2894 95 56 de
1102 2894 110 56 deo
1165 2894 95 56 in
1213 2894 237 56 particulari
1402 2894 126 56 quid
1481 2894 126 56 sit:
1560 2894 126 56 nisi
1639 2894 142 56 simul
1733 2894 237 56 cognoscendo
1923 2894 126 56 quia
2002 2894 126 56 est.
2081 2894 95 56 Et
2112 2894 79 56 sic

469 2949 197 60 dicendum:
620 2949 121 60 quod
696 2949 136 60 multo
787 2949 212 60 efficacius
954 2949 227 60 cognoscendo
1136 2949 121 60 quid
1212 2949 106 60 est
1272 2949 91 60 in
1318 2949 243 60 particulari,
1515 2949 227 60 cognoscitur
1697 2949 91 60 si
1742 2949 106 60 est
1803 2949 227 60 incomplexum
1985 2949 91 60 de
2030 2949 121 60 deo:
2106 2949 121 60 quam

466 2998 249 66 cognoscendo
666 2998 133 66 quid
748 2998 116 66 est
815 2998 100 66 in
865 2998 166 66 aliquo
981 2998 199 66 generali
1130 2998 133 66 eius
1213 2998 232 66 attributo.
1429 2998 116 66 Per
1495 2998 149 66 dicta
1595 2998 166 66 patent
1711 2998 199 66 obiecta.
1860 2998 166 66 Primum
1976 2998 133 66 enim
2043 2998 149 66 argumen

472 3051 108 61 tum
533 3051 139 61 solum
626 3051 154 61 probat
734 3051 124 61 quod
811 3051 185 61 cognitio
950 3051 93 61 si
997 3051 108 61 est
1058 3051 124 61 deus
1136 3051 93 61 de
1182 3051 185 61 complexo
1321 3051 77 61 &
1352 3051 124 61 quod
1429 3051 93 61 in
1475 3051 232 61 particulari
1661 3051 108 61 non
1722 3051 124 61 sunt
1800 3051 139 61 eadem
1892 3051 201 61 cognitio:
2047 3051 124 61 quod
2108 3051 93 61 bene

475 3107 225 59 concessum
648 3107 138 59 est.
769 3107 277 59 Consimiliter
994 3107 104 59 in
1046 3107 173 59 eisdem
1167 3107 190 59 membris
1305 3107 225 59 processit
1478 3107 208 59 secundum
1634 3107 260 59 argumentum.
1876 3107 190 59 Tertium
2015 3107 138 59 vero
2084 3107 104 59 argu

471 3161 164 80 mentum
585 3161 197 80 procedit
733 3161 98 80 de
782 3161 98 80 si
831 3161 115 80 est
896 3161 246 80 incomplexo:
1093 3161 82 80 &
1126 3161 131 80 ipso
1208 3161 131 80 quid
1289 3161 131 80 quod
1371 3161 197 80 quaestio
1519 3161 131 80 est.
1601 3161 98 80 Et
1650 3161 131 80 bene
1732 3161 213 80 concessum
1895 3161 115 80 est
1961 3161 131 80 quod
2043 3161 98 80 in
2075 3161 115 80 istis

462 3217 203 75 membris
609 3217 166 75 eadem
720 3217 259 75 cognitione
924 3217 277 75 cognoscitur
1145 3217 111 75 de
1201 3217 129 75 deo
1275 3217 111 75 si
1330 3217 129 75 est
1404 3217 92 75 &
1441 3217 148 75 quid
1515 3217 111 75 est.
