2340 3766
427 257 101 89 di
478 257 254 89 priuationes
681 257 85 89 &
715 257 203 89 caeteras
867 257 271 89 proprietates
1087 257 101 89 ab
1137 257 118 89 eo:
1205 257 118 89 non
1273 257 135 89 quod
1357 257 152 89 ipsum
1459 257 118 89 sit
1526 257 135 89 esse
1611 257 254 89 expoliatum:
1814 257 152 89 cuius
1915 257 135 89 haec
1983 257 203 89 proprietas

422 334 144 63 est.
512 334 162 63 ipsum
620 334 144 63 enim
710 334 126 63 non
782 334 126 63 est
854 334 162 63 illud
963 334 126 63 ens
1035 334 252 63 expoliatum
1233 334 252 63 conditione
1431 334 216 63 negandi:
1593 334 126 63 sed
1665 334 126 63 est
1737 334 126 63 ens
1810 334 252 63 conditione
1990 334 198 63 affirman-

419 386 84 61 d
453 386 201 61 scilicet
604 386 134 61 quod
687 386 134 61 est.
771 386 117 61 ens
838 386 117 61 cum
905 386 235 61 conditione
1090 386 117 61 non
1157 386 168 61 addita
1258 386 251 61 compositioni.

775 399 145 111 Irca
865 399 199 111 Quintum
1010 399 236 111 arguitur:
1192 399 145 111 quod
1282 399 127 111 non
1355 399 236 111 contingit
1536 399 254 111 cognoscere
1735 399 109 111 de
1789 399 127 111 deo
1862 399 145 111 quid
1952 399 127 111 non
2025 399 145 111 est:
2097 399 91 111 non

780 499 254 65 cognoscendo
983 499 135 65 quid
1067 499 135 65 est.
1152 499 152 65 Primo
1253 499 135 65 sic.
1338 499 152 65 scire
1439 499 135 65 quid
1524 499 118 65 non
1591 499 118 65 est
1659 499 152 65 deus:
1760 499 118 65 est
1828 499 152 65 scire
1929 499 101 65 de
1980 499 169 65 aliquo
2082 499 101 65 quia

766 544 111 62 est
830 544 143 62 aliud
925 544 79 62 a
956 544 127 62 deo.
1035 544 111 62 Non
1099 544 158 62 scitur
1210 544 143 62 autem
1305 544 127 62 quia
1384 544 111 62 est
1447 544 143 62 aliud
1542 544 79 62 a
1574 544 127 62 deo,
1653 544 127 62 nisi
1733 544 174 62 sciatur
1859 544 127 62 quod
1939 544 111 62 est
2002 544 143 62 deus:
2097 544 127 62 quia

776 600 157 65 aliud
880 600 122 65 est
950 600 227 65 relatiuum
1125 600 297 65 diuersitatis:
1370 600 87 65 &
1405 600 192 65 cognito
1545 600 122 65 vno
1615 600 262 65 relatiuorum
1825 600 192 65 necesse
1965 600 122 65 est
2017 600 175 65 cognosci

765 651 220 69 reliquum.
934 651 135 69 ergo
1019 651 118 69 &c.
1086 651 85 69 ⁋
1120 651 186 69 Secundo
1255 651 135 69 sic.
1340 651 101 69 ex
1391 651 152 69 eodem
1492 651 152 69 habet
1593 651 203 69 cognosci
1746 651 135 69 quid
1830 651 118 69 est
1898 651 118 69 rei
1965 651 169 69 alicui
2067 651 118 69 idem:

769 709 90 69 &
805 709 144 69 quid
895 709 216 69 diuersum
1058 709 108 69 ab
1112 709 180 69 eodem:
1238 709 144 69 quia
1328 709 108 69 ab
1382 709 162 69 eodem
1491 709 126 69 est
1563 709 108 69 in
1617 709 108 69 re
1671 709 235 69 identitas
1851 709 162 69 sibi:
1960 709 90 69 &
1978 709 216 69 diuersitas

435 761 104 68 ab
487 761 156 68 alio:
591 761 87 68 &
625 761 156 68 sicut
730 761 260 68 vnumquodque
938 761 104 68 se
990 761 156 68 habet
1094 761 104 68 ad
1146 761 156 68 esse,
1250 761 87 68 &
1285 761 104 68 ad
1337 761 278 68 cognitionem.
1562 761 121 68 sed
1632 761 121 68 non
1701 761 191 68 cognito
1840 761 104 68 de
1892 761 174 68 aliquo
2014 761 139 68 quid
2083 761 104 68 sit,

430 817 125 67 non
501 817 178 67 potest
626 817 214 67 cognosci
787 817 143 67 quid
876 817 125 67 sit
947 817 143 67 idem
1036 817 160 67 sibi:
1143 817 107 67 vt
1196 817 107 67 in
1250 817 196 67 exemplo
1392 817 232 67 Themistii
1570 817 107 67 de
1624 817 160 67 seruo
1731 817 232 67 fugitiuo:
1909 817 125 67 qui
1980 817 143 67 enim
2069 817 125 67 non
2123 817 71 67 co

436 865 177 64 gnoscit
565 865 129 64 eum,
645 865 113 64 non
710 865 161 64 potest
823 865 145 64 scire
919 865 97 64 si
968 865 129 64 ipse
1048 865 113 64 est
1113 865 113 64 cum
1177 865 113 64 eum
1241 865 226 64 inuenerit.
1419 865 129 64 ergo
1499 865 113 64 &c.
1564 865 81 64 ⁋
1596 865 97 64 In
1644 865 209 64 oppositum
1805 865 113 64 est
1870 865 226 64 Augustinus
2047 865 97 64 in
2095 865 129 64 dua-

446 916 117 72 bus
513 916 301 72 auctoritatibus
764 916 167 72 dictis
881 916 100 72 in
931 916 234 72 quaestione
1114 916 267 72 praecedenti.
1332 916 100 72 In
1382 916 150 72 prima
1482 916 117 72 vbi
1549 916 167 72 dicit.
1666 916 117 72 Non
1732 916 150 72 parua
1833 916 200 72 notitiae
1983 916 134 72 pars
2066 916 134 72 est,
2133 916 67 72 si

429 974 198 58 antequam
577 974 148 58 scire
675 974 198 58 possimus
824 974 132 58 quid
906 974 115 58 sit
972 974 148 58 deus:
1071 974 198 58 possumus
1219 974 148 58 scire
1318 974 132 58 quid
1400 974 115 58 non
1466 974 132 58 sit.
1548 974 115 58 Et.
1614 974 99 58 in
1663 974 181 58 secunda
1795 974 115 58 vbi
1861 974 165 58 dicit.
1976 974 115 58 Non
2042 974 132 58 esse
2108 974 82 58 hoc

434 1025 134 69 quod
518 1025 217 69 quaerimus
685 1025 200 69 nouimus:
835 1025 184 69 quamuis
969 1025 150 69 illud
1069 1025 167 69 nondum
1186 1025 150 69 quale
1286 1025 117 69 sit
1353 1025 234 69 nouerimus.
1537 1025 84 69 ⁋
1570 1025 134 69 ltem
1654 1025 134 69 quod
1737 1025 217 69 econverso
1904 1025 117 69 non
1971 1025 167 69 potest
2071 1025 117 69 sciri

447 1086 114 63 quid
518 1086 114 63 sit:
589 1086 100 63 non
646 1086 156 63 sciendo
760 1086 114 63 quid
831 1086 100 63 non
887 1086 114 63 sit:
959 1086 171 63 videtur,
1086 1086 114 63 quia
1158 1086 171 63 secundum
1285 1086 227 63 philosophum:
1470 1086 114 63 quid
1541 1086 114 63 bene
1612 1086 185 63 definiunt
1755 1086 185 63 contraria
1897 1086 270 63 consignificant.
2110 1086 71 63 Con

434 1138 158 63 traria
545 1138 143 63 autem
640 1138 127 63 sunt
719 1138 127 63 quod
798 1138 111 63 res
862 1138 127 63 est:
941 1138 79 63 &
973 1138 127 63 quod
1052 1138 111 63 non
1115 1138 127 63 est.
1194 1138 127 63 ergo
1273 1138 111 63 &c.
1337 1138 79 63 ⁋
1369 1138 95 63 In
1416 1138 222 63 contrarium
1590 1138 127 63 est:
1669 1138 174 63 quoniam
1796 1138 111 63 qui
1859 1138 127 63 scit
1939 1138 95 63 de
1986 1138 111 63 deo
2049 1138 127 63 quia
2113 1138 79 63 est

432 1187 94 71 id
479 1187 125 71 quod
557 1187 187 71 caeteris
697 1187 109 71 est
760 1187 265 71 anteponendum,
978 1187 125 71 scit
1056 1187 156 71 aliquo
1165 1187 125 71 modo
1243 1187 125 71 quod
1321 1187 125 71 est:
1399 1187 125 71 quia
1477 1187 109 71 hoc
1539 1187 187 71 conuenit
1680 1187 94 71 ei
1726 1187 171 71 ratione
1851 1187 125 71 suae
1929 1187 218 71 quiditatis
2085 1187 109 71 super

430 1241 138 61 alia.
522 1241 107 61 sed
583 1241 107 61 hoc
644 1241 153 61 sciens
752 1241 92 61 de
798 1241 107 61 deo
859 1241 123 61 bene
936 1241 169 61 ignorat
1058 1241 123 61 quid
1135 1241 107 61 non
1196 1241 123 61 sit.
1273 1241 107 61 Nam
1334 1241 92 61 vt
1380 1241 138 61 dicit
1472 1241 215 61 Augustinus
1641 1241 77 61 i
1672 1241 92 61 de
1718 1241 123 61 doc.
1794 1241 215 61 Christiana
1963 1241 107 61 cum
2024 1241 123 61 alii
2086 1241 107 61 alios

430 1291 76 73 &
460 1291 137 73 alios
552 1291 122 73 deos
628 1291 168 73 colunt:
750 1291 122 73 siue
826 1291 91 73 in
872 1291 152 73 caelo,
978 1291 122 73 siue
1054 1291 91 73 in
1100 1291 152 73 terra,
1207 1291 137 73 omnes
1298 1291 137 73 tamen
1390 1291 183 73 certatim
1527 1291 107 73 pro
1588 1291 229 73 excellentia
1770 1291 107 73 dei
1831 1291 198 73 dimicant:
1984 1291 107 73 nec
2045 1291 183 73 quisquam

422 1347 215 59 inueniri
584 1347 179 59 potest
709 1347 144 59 hic,
799 1347 126 59 qui
871 1347 144 59 deum
960 1347 144 59 esse
1050 1347 179 59 credat
1176 1347 126 59 quo
1248 1347 126 59 est
1319 1347 197 59 aliquid
1463 1347 197 59 melius.
1606 1347 144 59 ergo
1678 1347 90 59 &c.

430 1396 103 86 ⁋
472 1396 247 86 Dicendum
657 1396 124 86 ad
719 1396 144 86 hoc
801 1396 165 86 quod
904 1396 165 86 ista
1007 1396 247 86 quaestio
1192 1396 226 86 quaerit
1357 1396 124 86 an
1419 1396 144 86 vna
1501 1396 103 86 &
1542 1396 185 86 eadem
1666 1396 288 86 cognitione
1892 1396 309 86 cognoscitur
2119 1396 82 86 de

440 1465 112 56 deo
504 1465 128 56 quod
584 1465 128 56 est,
663 1465 80 56 &
695 1465 128 56 quid
775 1465 112 56 non
839 1465 128 56 est:
919 1465 96 56 vt
967 1465 128 56 quid
1046 1465 207 56 cognoscit
1206 1465 128 56 vnum
1286 1465 96 56 de
1333 1465 144 56 ipso,
1429 1465 207 56 cognoscat
1589 1465 80 56 &
1621 1465 160 56 aliud.
1732 1465 96 56 Et
1780 1465 112 56 est
1844 1465 191 56 dicendum
1988 1465 128 56 quod
2067 1465 96 56 de
2115 1465 112 56 deo

436 1520 151 63 duplex
542 1520 106 63 est
602 1520 181 63 cognitio
738 1520 121 63 quod
813 1520 121 63 est,
889 1520 166 63 praeter
1009 1520 136 63 illam
1100 1520 121 63 quae
1175 1520 106 63 est
1235 1520 226 63 determinata
1417 1520 106 63 per
1477 1520 136 63 nudam
1567 1520 211 63 essentiam:
1733 1520 121 63 quae
1809 1520 106 63 non
1869 1520 151 63 potest
1975 1520 136 63 sciri
2065 1520 121 63 quid
2126 1520 75 63 sit

435 1576 119 67 nisi
510 1576 164 67 sciendo
629 1576 134 67 quoid
718 1576 104 67 non
777 1576 104 67 sit
837 1576 134 67 simul
926 1576 193 67 perfecte:
1075 1576 74 67 &
1105 1576 193 67 econverso
1254 1576 104 67 non
1313 1576 149 67 potest
1417 1576 134 67 sciri
1507 1576 179 67 perfecte
1640 1576 119 67 quid
1715 1576 104 67 non
1774 1576 119 67 sit,
1849 1576 119 67 nisi
1923 1576 179 67 perfecte
2057 1576 164 67 sciendo

453 1626 95 71 id
501 1626 126 71 sit.
579 1626 95 71 vt
627 1626 158 71 semper
737 1626 221 71 affirmatio
911 1626 110 71 sit
974 1626 142 71 causa
1069 1626 205 71 perfectae
1227 1626 237 71 cognitionis
1416 1626 158 71 ipsius
1526 1626 237 71 negationis:
1716 1626 79 71 &
1747 1626 174 71 praeter
1874 1626 142 71 illam
1968 1626 142 71 etiam
2063 1626 126 71 quae
2126 1626 79 71 est

433 1682 269 65 indeterminata
654 1682 111 65 per
718 1682 126 65 esse
797 1682 190 65 confusum
939 1682 95 65 in
986 1682 111 65 eis
1049 1682 126 65 quae
1128 1682 126 65 sunt
1207 1682 253 65 creaturarum:
1413 1682 95 65 de
1460 1682 111 65 qua
1524 1682 205 65 videbimus
1682 1682 95 65 in
1729 1682 190 65 sequenti
1871 1682 237 65 quaestione:
2061 1682 126 65 quae
2124 1682 79 65 non

429 1737 113 66 est
493 1737 193 66 cognitio
638 1737 210 66 discreta:
800 1737 81 66 &
832 1737 129 66 ideo
912 1737 113 66 non
977 1737 145 66 habet
1074 1737 145 66 locum
1170 1737 193 66 quaestio
1315 1737 129 66 ista
1396 1737 97 66 de
1444 1737 226 66 cognitione
1622 1737 145 66 illa:
1718 1737 129 66 quia
1799 1737 113 66 non
1863 1737 242 66 cognoscitur
2057 1737 129 66 quid
2121 1737 81 66 non

435 1787 113 61 sit
499 1787 113 61 res
564 1787 129 61 nisi
645 1787 242 61 discernendo
838 1787 129 61 eius
919 1787 129 61 esse
1000 1787 81 61 &
1032 1787 113 61 non
1097 1787 145 61 esse,
1193 1787 178 61 praeter
1323 1787 113 61 has
1387 1787 161 61 inquam
1500 1787 129 61 duas
1581 1787 242 61 cognitiones
1774 1787 97 61 de
1823 1787 113 61 deo
1887 1787 129 61 eius
1968 1787 129 61 quod
2049 1787 129 61 quod
2113 1787 81 61 est

429 1841 129 56 sunt
509 1841 145 56 aliae
606 1841 145 56 duae.
702 1841 113 56 Vna
766 1841 161 56 omnino
879 1841 289 56 generalissima:
1120 1841 113 56 qua
1184 1841 241 56 cognoscitur
1377 1841 241 56 simpliciter
1570 1841 129 56 quod
1651 1841 113 56 est
1715 1841 177 56 optimum
1843 1841 96 56 in
1892 1841 113 56 eis
1956 1841 129 56 quae
2036 1841 145 56 sunt,
2117 1841 80 56 non

431 1895 266 69 determinando
647 1895 249 69 conditiones
847 1895 216 69 bonitatis
1013 1895 83 69 &
1046 1895 299 69 praeeminentiae
1295 1895 133 69 eius
1378 1895 149 69 super
1478 1895 149 69 alia.
1577 1895 83 69 &
1611 1895 133 69 illa
1694 1895 116 69 est
1760 1895 199 69 cognitio
1910 1895 116 69 qua
1976 1895 166 69 scitur
2092 1895 133 69 quid

435 1950 164 56 dicitur
554 1950 104 56 per
614 1950 149 56 nomen:
719 1950 104 56 non
778 1950 119 56 quid
853 1950 104 56 est
913 1950 119 56 res.
987 1950 119 56 Alia
1062 1950 119 56 vero
1136 1950 104 56 est
1196 1950 194 56 specialis
1345 1950 119 56 quae
1420 1950 224 56 cognoscitur
1599 1950 119 56 quod
1674 1950 164 56 optimum
1793 1950 104 56 est
1853 1950 75 56 &
1883 1950 179 56 caeteris
2002 1950 194 56 praeeminens

441 2002 77 65 &
471 2002 107 65 cum
533 2002 107 65 hoc
594 2002 123 65 quae
671 2002 123 65 sunt
748 2002 230 65 conditiones
932 2002 292 65 praeeminentiae:
1177 2002 199 65 videlicet
1331 2002 123 65 quod
1407 2002 138 65 habet
1499 2002 138 65 omnem
1591 2002 184 65 rationem
1729 2002 261 65 perfectionis:
1944 2002 77 65 &
1975 2002 153 65 nullam
2067 2002 138 65 patitur

435 2057 189 58 rationem
577 2057 284 58 imperfectionis
814 2057 79 58 &
845 2057 205 58 defectus:
1003 2057 126 58 quod
1082 2057 110 58 sit
1145 2057 284 58 simplicissimum
1381 2057 79 58 &
1413 2057 315 58 immutabilissimum
1681 2057 79 58 &
1712 2057 173 58 caetera
1838 2057 221 58 huiusmodi.
2012 2057 189 58 Loquendo
2138 2057 63 58 de

446 2105 197 74 cognitione
601 2105 85 74 de
643 2105 99 74 deo
700 2105 113 74 quod
770 2105 99 74 est
826 2105 127 74 primo
911 2105 127 74 modo,
995 2105 183 74 contingit
1136 2105 127 74 scire
1221 2105 85 74 de
1263 2105 99 74 deo
1319 2105 113 74 quid
1390 2105 113 74 est,
1460 2105 99 74 non
1517 2105 155 74 sciendo
1629 2105 197 74 vnivlrstle
1784 2105 113 74 quid
1855 2105 99 74 non
1911 2105 99 74 est
1967 2105 169 74 scilicet
2094 2105 99 74 quo
2151 2105 85 74 ad

444 2161 140 64 omnia
538 2161 125 64 quae
616 2161 109 64 non
678 2161 125 64 sunt
756 2161 125 64 quod
834 2161 125 64 deus
912 2161 125 64 est:
989 2161 140 64 licet
1083 2161 140 64 forte
1176 2161 171 64 sciatur
1301 2161 93 64 de
1348 2161 202 64 pluribus:
1503 2161 93 64 vt
1550 2161 93 64 de
1597 2161 140 64 illis
1690 2161 93 64 in
1737 2161 156 64 quibus
1846 2161 109 64 non
1908 2161 171 64 inuenit
2033 2161 140 64 illam
2111 2161 93 64 esse

448 2218 230 59 eminentiam
628 2218 131 59 quam
710 2218 181 59 reputat
842 2218 197 59 diuinam:
990 2218 99 59 vt
1039 2218 197 59 ostendit
1187 2218 164 59 vltima
1302 2218 164 59 ratio.
1417 2218 164 59 aliter
1532 2218 131 59 enim
1614 2218 246 59 idololatrae
1811 2218 197 59 dicentes
1959 2218 131 59 deum
2041 2218 131 59 esse
2106 2218 99 59 opti

449 2272 117 61 mun:
523 2272 103 61 non
581 2272 176 61 ponerent
713 2272 132 61 illud
801 2272 161 61 optimum
918 2272 117 61 esse
992 2272 161 61 caelum,
1109 2272 103 61 aut
1167 2272 161 61 aliquod
1285 2272 161 61 lucidum
1402 2272 88 61 in
1446 2272 147 61 caelo:
1549 2272 117 61 quod
1622 2272 88 61 in
1666 2272 103 61 rei
1724 2272 176 61 veritate
1856 2272 117 61 deus
1930 2272 103 61 non
1988 2272 117 61 est.
2061 2272 176 61 Loquendo

434 2326 141 59 autem
529 2326 94 59 de
576 2326 220 59 cognitione
749 2326 126 59 quod
827 2326 110 59 est
890 2326 94 59 de
937 2326 110 59 deo
1000 2326 173 59 secundo
1126 2326 141 59 modo:
1220 2326 110 59 non
1283 2326 204 59 contingit
1440 2326 141 59 scire
1534 2326 94 59 de
1581 2326 110 59 deo
1644 2326 126 59 quid
1723 2326 126 59 est,
1801 2326 110 59 non
1864 2326 173 59 sciendo
1990 2326 126 59 quid
2068 2326 110 59 non
2115 2326 79 59 est

441 2373 189 82 oppositum
587 2373 117 82 illi
660 2373 87 82 in
704 2373 102 82 quo
762 2373 219 82 cognoscitur
937 2373 87 82 de
980 2373 102 82 deo
1039 2373 117 82 quid
1112 2373 117 82 est:
1184 2373 102 82 nec
1243 2373 204 82 econverso.
1403 2373 160 82 Sciendo
1519 2373 117 82 enim
1592 2373 117 82 quod
1665 2373 117 82 est:
1738 2373 160 82 sciendo
1854 2373 175 82 scilicet
1986 2373 131 82 omnes
2058 2373 146 82 rationes

456 2432 238 59 perfectionis
649 2432 119 59 esse
724 2432 89 59 in
768 2432 134 59 ipso:
858 2432 164 59 necesse
977 2432 104 59 est
1036 2432 119 59 quod
1110 2432 134 59 simul
1200 2432 134 59 sciat
1289 2432 208 59 vniversale
1452 2432 89 59 de
1497 2432 164 59 omnibus
1616 2432 119 59 quid
1690 2432 104 59 non
1750 2432 119 59 est:
1824 2432 74 59 &
1854 2432 119 59 quod
1928 2432 134 59 nulla
2003 2432 193 59 creaturarum

446 2487 119 61 sit:
520 2487 89 61 vt
565 2487 119 61 quod
639 2487 119 61 omne
713 2487 148 61 habens
817 2487 89 61 in
861 2487 89 61 se
906 2487 163 61 aliquam
1025 2487 178 61 rationem
1158 2487 282 61 imperfectionis,
1395 2487 104 61 non
1455 2487 104 61 sit
1514 2487 133 61 deus:
1603 2487 74 61 &
1632 2487 119 61 tale
1707 2487 104 61 est
1766 2487 133 61 omnis
1855 2487 193 61 creatura.
2003 2487 163 61 Sciendo
2107 2487 89 61 vero

445 2534 111 66 quid
514 2534 97 66 sit
570 2534 166 66 secundum
694 2534 152 66 aliquam
805 2534 235 66 perfectionem:
999 2534 69 66 &
1027 2534 97 66 non
1082 2534 166 66 secundum
1207 2534 138 66 omnes:
1304 2534 152 66 necesse
1415 2534 97 66 est
1470 2534 125 66 simul
1553 2534 125 66 scire
1636 2534 111 66 quid
1705 2534 97 66 non
1761 2534 97 66 sit
1816 2534 166 66 secundum
1941 2534 222 66 ipefectionem
2107 2534 83 66 oppo

452 2590 127 59 sitam
537 2590 127 59 illi:
621 2590 127 59 licet
706 2590 99 59 non
762 2590 169 59 secundum
889 2590 141 59 omnem.
988 2590 113 59 Vnde
1058 2590 141 59 sciens
1157 2590 85 59 de
1199 2590 99 59 deo
1256 2590 113 59 quia
1326 2590 99 59 est
1383 2590 183 59 perfectus
1524 2590 85 59 in
1566 2590 240 59 simplicitate,
1764 2590 113 59 scit
1834 2590 113 59 quod
1905 2590 99 59 non
1961 2590 99 59 est
2018 2590 155 59 aliquid
2116 2590 85 59 cor-

454 2640 162 71 poreum.
572 2640 148 71 Sciens
676 2640 118 71 vero
749 2640 118 71 quod
823 2640 103 71 est
882 2640 192 71 perfectus
1030 2640 89 71 in
1074 2640 280 71 immutabilitate,
1310 2640 118 71 scit
1384 2640 118 71 quod
1458 2640 103 71 non
1517 2640 103 71 est
1576 2640 148 71 aliqua
1679 2640 251 71 substantiarum
1886 2640 207 71 simplicium
2048 2640 118 71 quae
2107 2640 89 71 sunt

448 2699 212 68 mutabiles.
614 2699 91 68 Et
660 2699 197 68 econverso
811 2699 151 68 sciens
917 2699 121 68 quod
993 2699 106 68 non
1053 2699 106 68 est
1114 2699 151 68 aliqua
1220 2699 166 68 illarum
1341 2699 166 68 propter
1462 2699 272 68 imperfectionem
1689 2699 121 68 quam
1764 2699 166 68 inuenit
1885 2699 91 68 in
1931 2699 151 68 illis:
2037 2699 166 68 necesse
2142 2699 61 68 ha

461 2746 101 75 bet
518 2746 130 75 simul
605 2746 130 75 scire
692 2746 116 75 quid
764 2746 101 75 sit
822 2746 116 75 deus
894 2746 101 75 quo
952 2746 87 75 ad
995 2746 188 75 oppositam
1139 2746 246 75 perfectionem:
1342 2746 72 75 &
1370 2746 144 75 sciens
1471 2746 116 75 quid
1544 2746 101 75 non
1601 2746 101 75 est
1659 2746 173 75 secundum
1789 2746 130 75 omnes
1876 2746 231 75 perfectiones
2064 2746 116 75 quae
2121 2746 87 75 sunt

453 2798 91 59 in
498 2798 212 59 creaturis:
665 2798 212 59 necessario
832 2798 121 59 scit
908 2798 137 59 simul
999 2798 121 59 quod
1075 2798 106 59 est
1135 2798 182 59 secundum
1272 2798 137 59 omnes
1363 2798 243 59 perfectiones
1560 2798 243 59 respondentes
1757 2798 303 59 imperfectionibus
2015 2798 137 59 illis
2106 2798 121 59 quae

453 2855 126 75 sunt
532 2855 95 75 in
579 2855 221 75 creaturis.
753 2855 126 75 Vnde
832 2855 221 75 idololatra
1005 2855 221 75 cognoscens
1178 2855 173 75 aliquas
1304 2855 252 75 perfectiones
1509 2855 95 75 de
1557 2855 126 75 deo:
1635 2855 173 75 sciendo
1761 2855 110 75 quo
1824 2855 95 75 ad
1872 2855 142 75 illas
1966 2855 126 75 quod
2045 2855 110 75 est
2092 2855 95 75 deus

461 2905 127 79 scit
541 2905 207 79 creaturas
700 2905 143 79 illas
796 2905 111 79 non
859 2905 127 79 esse
939 2905 127 79 deum
1018 2905 96 79 in
1066 2905 159 79 quibus
1178 2905 175 79 inuenit
1305 2905 287 79 imperfectiones
1544 2905 223 79 oppositas:
1719 2905 96 79 vt
1767 2905 159 79 sciens
1878 2905 127 79 quod
1958 2905 111 79 sit
2006 2905 191 79 cognoscens

466 2957 79 83 &
498 2957 253 83 intelligens,
703 2957 126 83 scit
782 2957 126 83 quod
861 2957 111 83 non
925 2957 111 83 est
988 2957 174 83 aliquod
1114 2957 158 83 brutum
1225 2957 174 83 animal.
1351 2957 221 83 Econtrario
1525 2957 142 83 autem
1620 2957 190 83 nesciens
1762 2957 126 83 quod
1841 2957 111 83 est
1905 2957 300 83 simplicissimum:
2142 2957 47 83 &

463 3011 178 74 spiritus
597 3011 163 74 quidam:
716 3011 148 74 nescit
819 3011 119 74 quod
894 3011 104 74 non
953 3011 104 74 sit
1012 3011 163 74 corpus:
1131 3011 89 74 vt
1176 3011 148 74 caelum
1280 3011 104 74 vel
1339 3011 148 74 ignis.
1443 3011 223 74 Philosophus
1621 3011 134 74 autem
1710 3011 119 74 bene
1784 3011 223 74 instructus:
1962 3011 163 74 sciendo
2066 3011 134 74 vniuer-

446 3072 175 73 saliter
573 3072 143 73 omnes
669 3072 239 73 conditiones
860 3072 255 73 perfectionis
1067 3072 191 73 diuinae:
1211 3072 96 73 in
1258 3072 159 73 quibus
1370 3072 175 73 econtra
1497 3072 191 73 creatura
1641 3072 143 73 habet
1736 3072 96 73 in
1784 3072 96 73 se
1832 3072 175 73 aliquam
1943 3072 255 73 imperfectionem

460 3125 114 72 quam
531 3125 186 72 similiter
674 3125 143 72 nouit:
774 3125 157 72 Sciendo
888 3125 143 72 inquam
988 3125 114 72 quid
1059 3125 100 72 est
1116 3125 114 72 deus
1188 3125 171 72 secundum
1316 3125 128 72 omnes
1402 3125 171 72 rationes
1530 3125 114 72 suae
1602 3125 243 72 perfectionis,
1801 3125 157 72 necesse
1916 3125 100 72 est
1973 3125 100 72 eum
2030 3125 128 72 scire
2101 3125 100 72 simul

456 3185 104 75 quod
521 3185 91 75 non
573 3185 91 75 sit
625 3185 117 75 deus:
703 3185 65 75 &
729 3185 91 75 hoc
781 3185 195 75 vniversali.
938 3185 65 75 &
964 3185 169 75 econverso
1094 3185 143 75 sciendo
1198 3185 195 75 vniverstale
1354 3185 104 75 quid
1419 3185 91 75 non
1471 3185 91 75 sit
1523 3185 117 75 deus:
1601 3185 143 75 necesse
1705 3185 91 75 est
1757 3185 91 75 eum
1810 3185 117 75 simul
1888 3185 117 75 scire
1966 3185 195 75 vnivelrsale
2122 3185 104 75 quid
