2297 3778
459 312 115 104 Sed
524 312 99 104 vt
574 312 115 104 sit
640 312 148 104 etiam
739 312 198 104 obiectum
887 312 214 104 cognitum.
1052 312 198 104 secundum
1200 312 132 104 quod
1282 312 181 104 dicetur
1414 312 99 104 in
1463 312 231 104 quaestione
1644 312 214 104 sequenti.
1809 312 99 104 Et
1859 312 115 104 hoc
1925 312 181 104 eueniet
2056 312 99 104 ex
2089 312 132 104 natura

454 400 202 59 ipsarum
601 400 165 59 rerum
711 400 349 59 cognoscibilium.
1004 400 165 59 Sicut
1115 400 147 59 enim
1206 400 129 59 ens
1280 400 294 59 determinatum
1518 400 129 59 per
1592 400 220 59 materiam
1757 400 129 59 aut
1830 400 129 59 per
1904 400 257 59 suppositum
2087 400 129 59 singu

453 455 136 60 lare
538 455 85 60 &
572 455 290 60 determinatum,
811 455 102 60 id
862 455 136 60 quod
948 455 119 60 est
1016 455 119 60 non
1084 455 154 60 habet
1186 455 136 60 esse
1272 455 136 60 nisi
1357 455 119 60 per
1425 455 171 60 formam
1545 455 136 60 quae
1630 455 102 60 in
1681 455 102 60 eo
1732 455 290 60 determinatur,
1971 455 136 60 quae
2056 455 102 60 de
2091 455 119 60 natu-

463 502 94 70 ra
510 502 204 70 essentiae
667 502 125 70 suae
745 502 94 70 in
792 502 94 70 se
839 502 110 70 non
902 502 141 70 dicit
996 502 172 70 aliquid
1121 502 266 70 determinatum:
1341 502 78 70 &
1372 502 125 70 ideo
1450 502 141 70 neque
1544 502 141 70 habet
1638 502 188 70 cognosci
1779 502 125 70 esse
1858 502 125 70 tale
1936 502 110 70 ens
1999 502 125 70 nisi
2077 502 94 70 ex
2108 502 110 70 cogni

455 569 148 63 tione
553 569 164 63 ipsius
668 569 164 63 formae
783 569 98 63 in
832 569 98 63 se
881 569 181 63 ratione
1013 569 181 63 naturae
1144 569 82 63 &
1177 569 213 63 essentiae
1341 569 131 63 suae
1423 569 98 63 in
1472 569 131 63 esse
1554 569 115 63 suo
1620 569 295 63 indeterminato:
1866 569 246 63 vnumquodque
2063 569 131 63 enim
2129 569 82 63 si-

460 611 125 63 cut
531 611 107 63 se
585 611 160 63 habet
692 611 107 63 ad
745 611 160 63 esse,
852 611 89 63 &
888 611 107 63 ad
941 611 285 63 cognitionem:
1173 611 143 63 Nemo
1262 611 143 63 enim
1351 611 178 63 potest
1476 611 249 63 cognoscere
1672 611 107 63 de
1725 611 125 63 hoc
1796 611 143 63 bono
1885 611 125 63 aut
1957 611 196 63 pulchro
2099 611 107 63 in
2135 611 71 63 na

467 668 140 54 tura
555 668 88 54 &
590 668 210 54 essentia
748 668 123 54 sua
818 668 158 54 quale
923 668 123 54 ens
993 668 123 54 aut
1063 668 140 54 quid
1150 668 140 54 sit,
1238 668 140 54 nisi
1325 668 263 54 cognoscendo
1535 668 158 54 bonum
1640 668 105 54 et
1693 668 123 54 ens
1763 668 280 54 simpliciter:
1990 668 123 54 Sic
2060 668 123 54 non
2130 668 123 54 ha-

462 718 119 60 bet
530 718 136 60 esse
615 718 119 60 hoc
683 718 119 60 ens
751 718 119 60 aut
819 718 119 60 hoc
887 718 153 60 bonum
989 718 136 60 nisi
1074 718 119 60 per
1142 718 119 60 ens
1210 718 255 60 simpliciter
1415 718 119 60 aut
1483 718 153 60 bonum
1585 718 272 60 simpliciter.
1806 718 85 60 &
1840 718 153 60 sicut
1942 718 119 60 est
2010 718 102 60 de
2061 718 119 60 hoc
2112 718 102 60 bono

464 774 86 70 &
498 774 121 70 hoc
567 774 138 70 ente
654 774 207 70 respectu
810 774 138 70 boni
896 774 86 70 &
931 774 156 70 entis
1034 774 259 70 simpliciter
1242 774 86 70 &
1276 774 207 70 absolute
1432 774 173 70 dicti:
1553 774 121 70 sic
1622 774 121 70 est
1691 774 104 70 de
1743 774 138 70 bono
1830 774 86 70 &
1864 774 138 70 ente
1951 774 259 70 participato
2141 774 69 70 re

462 826 168 73 spectu
580 826 134 73 boni
664 826 84 73 &
697 826 151 73 entis
798 826 118 73 non
866 826 269 73 participati.
1084 826 151 73 Sicut
1185 826 134 73 enim
1269 826 118 73 hoc
1336 826 151 73 bonum
1437 826 84 73 &
1471 826 118 73 hoc
1538 826 118 73 ens
1605 826 118 73 non
1672 826 168 73 potest
1790 826 134 73 esse
1874 826 151 73 neque
1975 826 202 73 cognosci
2109 826 101 73 nisi

462 885 124 64 per
533 885 124 64 ens
604 885 124 64 aut
674 885 159 64 bonum
780 885 265 64 simpliciter
992 885 194 64 dictum:
1134 885 124 64 sic
1204 885 88 64 &
1240 885 159 64 ipsum
1346 885 159 64 bonum
1451 885 88 64 &
1487 885 212 64 pulchrum
1646 885 265 64 simpliciter
1858 885 283 64 consideratum
2087 885 106 64 vt
2123 885 88 64 non

458 938 272 61 determinatum
679 938 119 61 per
747 938 204 61 materiam
901 938 119 61 aut
969 938 119 61 per
1037 938 255 61 suppositum,
1241 938 102 61 si
1292 938 119 61 non
1361 938 119 61 sit
1429 938 290 61 essentialiter
1667 938 119 61 sed
1735 938 307 61 participatione
1991 938 170 61 bonum,
2110 938 85 61 &
2127 938 85 61 ita

466 989 285 59 determinatum
698 989 125 59 per
769 989 214 59 materiam
930 989 125 59 aut
1001 989 267 59 suppositum,
1215 989 125 59 non
1286 989 160 59 habet
1393 989 143 59 esse
1482 989 160 59 neque
1589 989 214 59 cognosci
1750 989 143 59 nisi
1839 989 125 59 per
1910 989 160 59 ipsum
2017 989 160 59 bonum
2106 989 107 59 sim-

454 1044 208 60 pliciter
610 1044 121 60 non
679 1044 295 60 participatum:
922 1044 104 60 vt
974 1044 156 60 sicut
1078 1044 156 60 bonum
1182 1044 277 60 participatum
1407 1044 121 60 non
1477 1044 156 60 habet
1581 1044 139 60 esse
1667 1044 139 60 nisi
1754 1044 121 60 per
1823 1044 156 60 bonum
1927 1044 121 60 non
1979 1044 243 60 participatum

461 1100 123 66 sic
532 1100 123 66 nec
602 1100 176 66 potest
725 1100 211 66 cognosci
883 1100 140 66 esse
971 1100 140 66 tale
1058 1100 140 66 nisi
1146 1100 193 66 cognito
1287 1100 140 66 ipso
1374 1100 140 66 quod
1462 1100 123 66 est
1532 1100 263 66 simpliciter
1743 1100 88 66 &
1778 1100 123 66 per
1848 1100 105 66 se
1901 1100 158 66 bonum
2006 1100 123 66 nec
2059 1100 158 66 determi

454 1145 151 78 natum
555 1145 118 78 nec
622 1145 286 78 participatum.
858 1145 202 78 secundum
1009 1145 135 78 quod
1093 1145 151 78 dicit
1194 1145 219 78 Augustius
1362 1145 151 78 viii.
1463 1145 101 78 de
1514 1145 252 78 triniitate.
1715 1145 151 78 Bonum
1816 1145 135 78 hoc,
1900 1145 151 78 bonum
2001 1145 168 78 illud.
2119 1145 135 78 quid

468 1203 160 61 plura
575 1203 89 61 &
611 1203 178 61 plura:
736 1203 143 61 vide
825 1203 160 61 ipsum
932 1203 160 61 bonum
1039 1203 107 61 si
1092 1203 178 61 potes:
1217 1203 125 61 ita
1288 1203 143 61 deum
1377 1203 214 61 videbis:
1538 1203 125 61 nec
1609 1203 143 61 alio
1698 1203 143 61 bono
1787 1203 178 61 bonum:
1912 1203 125 61 sed
1983 1203 160 61 omnis
2072 1203 143 61 bonibo

452 1259 142 53 num.
541 1259 159 53 Neque
647 1259 142 53 enim
736 1259 106 53 in
789 1259 195 53 omnibus
930 1259 159 53 bonis
1037 1259 230 53 diceremus
1214 1259 159 53 aliud
1320 1259 142 53 alio
1408 1259 177 53 melius
1532 1259 124 53 cum
1603 1259 142 53 vere
1692 1259 283 53 iudicaremus,
1922 1259 142 53 nisi
2011 1259 159 53 esset
2099 1259 124 53 nobis

463 1305 200 77 impressa
613 1305 150 77 notio
713 1305 133 77 ipsa
797 1305 150 77 boni,
897 1305 200 77 secundum
1047 1305 133 77 quam
1130 1305 233 77 probaremus
1313 1305 183 77 aliquid
1446 1305 83 77 &
1480 1305 150 77 aliud
1580 1305 133 77 alio
1663 1305 300 77 praeponeremus.
1913 1305 83 77 &
1946 1305 167 77 infra.
2063 1305 117 77 Vbi
2113 1305 100 77 noui

448 1364 117 77 mus
515 1364 133 77 quid
598 1364 117 77 sit
665 1364 167 77 iustus
781 1364 150 77 etiam
881 1364 117 77 cum
948 1364 150 77 iusti
1048 1364 167 77 nondum
1165 1364 167 77 sumus.
1281 1364 83 77 &
1315 1364 167 77 infra.
1431 1364 100 77 An
1481 1364 150 77 illud
1581 1364 133 77 quod
1664 1364 167 77 videt,
1781 1364 183 77 veritas
1914 1364 200 77 interior
2064 1364 117 77 est
2114 1364 100 77 prae

455 1412 133 81 sens
538 1412 149 81 animo
638 1412 133 81 quam
721 1412 149 81 valet
820 1412 199 81 intueri:
969 1412 149 81 quasi
1069 1412 166 81 dicat:
1185 1412 149 81 immo.
1284 1412 99 81 Et
1334 1412 116 81 sic
1400 1412 116 81 est
1466 1412 99 81 de
1516 1412 232 81 cognitione
1698 1412 133 81 boni
1781 1412 83 81 &
1814 1412 166 81 iusti,
1930 1412 133 81 quod
2013 1412 116 81 non
2079 1412 166 81 cogno-

451 1466 169 77 scimus
569 1466 152 77 bonum
671 1466 118 77 aut
738 1466 169 77 iustum
857 1466 135 77 nisi
941 1466 101 77 in
992 1466 186 77 ratione
1127 1466 152 77 primi
1228 1466 135 77 boni
1313 1466 84 77 &
1346 1466 169 77 iusti:
1465 1466 152 77 sicut
1566 1466 118 77 est
1634 1466 101 77 de
1684 1466 152 77 amore
1786 1466 152 77 boni:
1887 1466 135 77 quod
1971 1466 152 77 sicut
2073 1466 118 77 non
2124 1466 84 77 ama

457 1533 127 64 mus
530 1533 200 64 aliquod
675 1533 164 64 bonum
784 1533 145 64 nisi
875 1533 109 64 in
929 1533 200 64 ratione
1075 1533 164 64 primi
1184 1533 164 64 boni:
1293 1533 127 64 sic
1365 1533 127 64 nec
1438 1533 273 64 cognoscimus
1656 1533 164 64 verum
1765 1533 145 64 nisi
1856 1533 109 64 in
1910 1533 200 64 ratione
2056 1533 164 64 primi
2146 1533 73 64 ve

454 1574 127 79 ri.
527 1574 109 79 De
581 1574 164 79 amore
690 1574 146 79 enim
781 1574 164 79 omnis
890 1574 146 79 boni
981 1574 109 79 in
1036 1574 200 79 ratione
1181 1574 164 79 primi
1290 1574 146 79 boni
1381 1574 164 79 dicit
1491 1574 200 79 ibidem.
1636 1574 127 79 Cur
1709 1574 164 79 alium
1818 1574 236 79 diligimus
2000 1574 146 79 quem
2073 1574 146 79 iustum

456 1641 238 67 credimus,
638 1641 91 67 &
675 1641 128 67 non
748 1641 238 67 diligimus
931 1641 164 67 ipsam
1040 1641 201 67 formam,
1187 1641 128 67 vbi
1260 1641 201 67 videmus
1406 1641 146 67 quid
1497 1641 128 67 sit
1570 1641 201 67 iustus,
1717 1641 110 67 vt
1771 1641 91 67 &
1808 1641 128 67 nos
1881 1641 164 67 iusti
1991 1641 146 67 esse
2064 1641 146 67 posse-

467 1693 147 69 mus:
558 1693 92 69 &
595 1693 184 69 infra.
724 1693 110 69 An
779 1693 147 69 vero
870 1693 92 69 &
907 1693 147 69 nisi
999 1693 165 69 istam
1109 1693 275 69 diligeremus
1329 1693 165 69 nullo
1439 1693 147 69 modo
1531 1693 128 69 eum
1604 1693 275 69 diligeremus
1825 1693 147 69 quem
1916 1693 110 69 ex
1971 1693 147 69 ista
2045 1693 165 69 diligi-

454 1747 142 67 mus:
543 1747 124 67 sed
614 1747 124 67 dum
685 1747 160 67 iusti
791 1747 124 67 non
862 1747 160 67 sumus
969 1747 160 67 minus
1075 1747 124 67 eam
1146 1747 231 67 diligimus
1323 1747 142 67 quam
1412 1747 106 67 vt
1465 1747 160 67 iusti
1572 1747 142 67 esse
1660 1747 231 67 valeamus.
1838 1747 213 67 Loquendo
1997 1747 160 67 autem
2104 1747 106 67 de
2139 1747 71 67 co

452 1797 203 59 gnitione
604 1797 135 59 eius
689 1797 135 59 quod
773 1797 135 59 quid
858 1797 118 59 est
926 1797 101 59 in
976 1797 203 59 creatura
1129 1797 288 59 apprehendendo
1365 1797 220 59 veritatem
1534 1797 152 59 eius,
1636 1797 203 59 sciendum
1788 1797 152 59 iuxta
1890 1797 101 59 id
1940 1797 135 59 quid
2008 1797 203 59 determina-

459 1852 114 55 tum
524 1852 114 55 est
589 1852 147 55 supra
688 1852 98 55 in
737 1852 245 55 quaestione.
933 1852 114 55 ii.
998 1852 196 55 articuli
1146 1852 164 55 primi,
1260 1852 131 55 quod
1342 1852 180 55 veritas
1473 1852 114 55 rei
1538 1852 114 55 non
1604 1852 164 55 potest
1718 1852 196 55 cognosci
1865 1852 131 55 nisi
1947 1852 245 55 cognoscendo
2127 1852 98 55 con-

446 1895 250 67 formitatem
642 1895 143 67 eius
732 1895 107 67 ad
785 1895 143 67 suum
874 1895 232 67 exemplar:
1053 1895 89 67 &
1089 1895 143 67 quod
1178 1895 178 67 duplex
1303 1895 125 67 est
1374 1895 214 67 exemplar
1535 1895 107 67 ad
1588 1895 143 67 quod
1678 1895 161 67 habet
1785 1895 232 67 cognosci:
1963 1895 143 67 vnum
2035 1895 178 67 acceptum

456 1960 80 67 a
488 1960 112 67 re,
552 1960 128 67 quod
632 1960 112 67 est
696 1960 176 67 species
825 1960 240 67 vniuersalis
1017 1960 96 67 in
1065 1960 160 67 mente:
1177 1960 176 67 alterum
1305 1960 176 67 causans
1434 1960 128 67 res,
1514 1960 128 67 quod
1594 1960 112 67 est
1658 1960 112 67 ars
1722 1960 176 67 idealis
1850 1960 192 67 existens
1995 1960 96 67 in
2043 1960 144 67 mente
2123 1960 96 67 diui

458 2008 130 68 na.
533 2008 111 68 De
588 2008 260 68 cognitione
792 2008 167 68 autem
904 2008 148 68 eius
996 2008 148 68 quod
1089 2008 148 68 quid
1182 2008 130 68 est
1256 2008 241 68 creaturae
1442 2008 260 68 cognitione
1646 2008 241 68 veritatis
1831 2008 297 68 determinatum
2073 2008 130 68 est
2128 2008 93 68 su-

450 2062 140 66 pra,
538 2062 193 66 quomodo
679 2062 140 66 sine
766 2062 298 66 illustratione
1012 2062 246 66 exemplaris
1205 2062 228 66 veritatis
1381 2062 176 66 primae
1503 2062 158 66 nulla
1609 2062 193 66 veritas
1749 2062 123 66 aut
1819 2062 263 66 simpliciter
2030 2062 123 66 aut
2083 2062 140 66 saltem

453 2116 201 78 syncera
599 2116 182 78 potest
726 2116 237 78 cognosci.
909 2116 128 78 Per
982 2116 128 78 iam
1055 2116 164 78 dicta
1164 2116 164 78 patet
1274 2116 109 78 ad
1310 2116 219 78 argumenta.

500 2173 130 109 Ad
565 2173 216 109 primum
716 2173 173 109 quod
824 2173 130 109 ex
889 2173 216 109 specie
1041 2173 260 109 detracta
1235 2173 108 109 a
1279 2173 238 109 corpore
1452 2173 195 109 manet
1582 2173 260 109 menoria,
1776 2173 173 109 vnde
1884 2173 260 109 formatur
2058 2173 151 109 acies

449 2273 176 76 mentis
573 2273 106 76 ad
625 2273 299 76 intelligendum
872 2273 176 76 verum:
995 2273 211 76 Dicendum
1154 2273 141 76 quod
1242 2273 158 76 verum
1347 2273 123 76 est
1418 2273 106 76 in
1471 2273 264 76 cognoscendo
1682 2273 106 76 id
1735 2273 141 76 quod
1823 2273 158 76 verum
1928 2273 123 76 est
1999 2273 106 76 de
2052 2273 123 76 re:
2122 2273 123 76 non

453 2332 159 70 autem
559 2332 283 70 intelligendo
789 2332 230 70 veritatem
966 2332 124 70 rei
1036 2332 124 70 vel
1107 2332 265 70 simpliciter
1319 2332 124 70 vel
1390 2332 212 70 syncerae
1549 2332 88 70 &
1584 2332 194 70 iudicio
1725 2332 177 70 certo:
1849 2332 141 70 quod
1937 2332 159 70 solum
2043 2332 124 70 sit
2114 2332 106 70 in
2149 2332 71 70 ra

448 2379 147 79 tione
546 2379 163 79 primae
660 2379 229 79 veritatis,
840 2379 98 79 vt
889 2379 163 79 dictum
1003 2379 131 79 est.
1085 2379 98 79 In
1134 2379 245 79 cognoscendo
1330 2379 147 79 etiam
1428 2379 114 79 vel
1494 2379 98 79 id
1543 2379 131 79 quod
1625 2379 147 79 verum
1723 2379 131 79 est,
1804 2379 114 79 vel
1870 2379 147 79 ipsam
1968 2379 212 79 veritatem
2131 2379 114 79 quo

450 2431 173 79 cunque
571 2431 138 79 modo
657 2431 121 79 non
726 2431 225 79 contingit
899 2431 190 79 aliquid
1037 2431 259 79 intelligere
1244 2431 104 79 in
1296 2431 225 79 creaturis
1469 2431 138 79 nisi
1555 2431 276 79 intelligendo
1780 2431 104 79 id
1832 2431 138 79 quod
1918 2431 138 79 deus
2005 2431 121 79 est
2074 2431 104 79 in
2108 2431 104 79 pri-

459 2494 120 73 mis
527 2494 257 73 conceptibus
733 2494 274 73 generalibus,
956 2494 103 73 vt
1007 2494 171 73 dictum
1127 2494 137 73 est.
1247 2494 103 73 Ad
1299 2494 206 73 secundum
1453 2494 137 73 quod
1539 2494 103 73 in
1590 2494 137 73 lege
1676 2494 206 73 naturali
1830 2494 240 73 intelligit
2018 2494 137 73 homo
2104 2494 137 73 quid

456 2537 165 76 bonum
566 2537 92 76 &
602 2537 147 76 quid
694 2537 183 76 malum:
823 2537 220 76 Dicendum
988 2537 239 76 similiter
1171 2537 147 76 quod
1263 2537 128 76 hoc
1336 2537 128 76 non
1410 2537 165 76 facit
1520 2537 294 76 intelligendo
1758 2537 220 76 synceram
1923 2537 257 76 veritatem:
2125 2537 128 76 aut

453 2593 154 71 etiam
555 2593 154 71 forte
658 2593 222 71 veritatem
828 2593 273 71 qualemcunque
1050 2593 136 71 nisi
1135 2593 102 71 in
1186 2593 171 71 lumine
1306 2593 171 71 primae
1425 2593 222 71 veritatis
1596 2593 188 71 tanquam
1732 2593 102 71 in
1784 2593 102 71 eo
1835 2593 136 71 quod
1920 2593 119 71 est
1988 2593 154 71 ratio
2074 2593 136 71 intel-

456 2639 197 85 ligendi
599 2639 197 85 tantum:
742 2639 125 85 non
814 2639 161 85 autem
921 2639 215 85 obiectum
1082 2639 268 85 intellectum
1296 2639 107 85 vt
1350 2639 161 85 supra
1457 2639 286 85 determinatum
1690 2639 143 85 est:
1779 2639 125 85 aut
1850 2639 286 85 intelligendo
2065 2639 143 85 quocun

456 2706 124 68 quod
534 2706 124 68 modo
612 2706 217 68 veritatem,
782 2706 109 68 aut
844 2706 93 68 id
891 2706 124 68 quod
969 2706 140 68 verum
1062 2706 124 68 est,
1139 2706 124 68 nisi
1217 2706 93 68 in
1263 2706 171 68 ratione
1388 2706 155 68 primae
1496 2706 202 68 veritatis
1651 2706 171 68 tanquam
1776 2706 93 68 in
1822 2706 93 68 eo
1869 2706 124 68 quod
1946 2706 109 68 est
2008 2706 186 68 obiectum
2132 2706 78 68 pri

451 2758 92 68 mo
497 2758 199 68 cognitum,
650 2758 92 68 vt
696 2758 169 68 patebit
819 2758 92 68 in
865 2758 215 68 quaestione
1033 2758 199 68 sequenti:
1187 2758 123 68 quod
1263 2758 92 68 in
1309 2758 107 68 hoc
1371 2758 107 68 est
1432 2758 138 68 ratio
1524 2758 230 68 cognoscendi
1708 2758 138 68 alia,
1800 2758 107 68 non
1861 2758 169 68 tanquam
1984 2758 92 68 in
2030 2758 92 68 eo
2076 2758 123 68 quod
2137 2758 77 68 est

457 2813 149 60 ratio
557 2813 249 60 cognoscendi
756 2813 183 60 tantum:
889 2813 133 60 quia
972 2813 199 60 quolibet
1122 2813 233 60 intellecto
1304 2813 266 60 intelligitur
1520 2813 100 60 id
1570 2813 133 60 quod
1653 2813 133 60 deus
1736 2813 116 60 est
1803 2813 100 60 in
1853 2813 166 60 primis
1969 2813 249 60 conceptibus
2152 2813 66 60 re

451 2860 160 65 rum,
551 2860 120 65 vt
611 2860 200 65 dictum
751 2860 160 65 est.
891 2860 120 65 Ad
951 2860 280 65 argumentum
1171 2860 120 65 in
1231 2860 280 65 oppositum:
1451 2860 160 65 bene
1551 2860 200 65 probat
1691 2860 240 65 intentum
1871 2860 220 65 nostrum
2011 2860 200 65 secundum

453 2910 317 81 determinationem
721 2910 234 81 Augustinus
904 2910 134 81 quod
988 2910 167 81 nullum
1105 2910 150 81 verum
1205 2910 117 81 aut
1272 2910 200 81 alicuius
1422 2910 117 81 rei
1489 2910 184 81 veritas
1622 2910 167 81 potest
1739 2910 200 81 cognosci
1890 2910 167 81 aliter
2007 2910 134 81 quam
2090 2910 100 81 in
2123 2910 84 81 pri

454 2977 101 70 ma
505 2977 220 70 veritate:
674 2977 84 70 &
708 2977 118 70 hoc
775 2977 118 70 vel
843 2977 101 70 in
893 2977 135 70 nudo
978 2977 220 70 exemplari
1147 2977 186 70 diuinae
1282 2977 237 70 essentiae,
1468 2977 101 70 vt
1518 2977 101 70 in
1569 2977 101 70 eo
1620 2977 135 70 quod
1704 2977 118 70 est
1772 2977 152 70 ratio
1873 2977 253 70 cognoscendi
2059 2977 152 70 verita-

456 3027 100 64 tem
513 3027 156 64 tantum:
626 3027 100 64 non
683 3027 128 64 autem
769 3027 171 64 obiectum
897 3027 185 64 cognitum:
1039 3027 100 64 vel
1096 3027 85 64 in
1138 3027 142 64 aliquo
1238 3027 114 64 eius
1309 3027 171 64 generali
1437 3027 199 64 attributo,
1593 3027 85 64 vt
1636 3027 85 64 in
1679 3027 85 64 eo
1721 3027 114 64 quod
1793 3027 100 64 est
1849 3027 142 64 primum
1949 3027 171 64 obiectum
2063 3027 142 64 cognitum

451 3068 85 71 &
485 3068 119 71 per
553 3068 119 71 hoc
620 3068 152 71 ratio
722 3068 254 71 cognoscendi
925 3068 135 71 omne
1010 3068 152 71 aliud
1111 3068 135 71 quod
1196 3068 339 71 intelligibiliter
1484 3068 271 71 cognoscitur.
1704 3068 102 71 Et
1755 3068 102 71 ex
1806 3068 119 71 his
1873 3068 169 71 duobus
1992 3068 220 71 conflatur
2144 3068 68 71 de

446 3131 240 61 terminatio
635 3131 240 61 Augustinus
823 3131 137 61 quod
909 3131 137 61 omne
995 3131 137 61 quod
1081 3131 292 61 intelligitur,
1321 3131 103 61 in
1372 3131 154 61 prima
1475 3131 206 61 veritate
1630 3131 292 61 intelligitur.
1870 3131 223 61 Aliquando
2042 3131 137 61 enim
2110 3131 86 61 lo-

448 3177 174 99 quitur
569 3177 208 99 secundum
725 3177 139 99 vnum
812 3177 174 99 modum,
934 3177 104 99 vt
986 3177 104 99 in
1038 3177 156 99 viii.
1142 3177 104 99 de
1194 3177 243 99 trinitate.
1385 3177 139 99 Vide
1472 3177 156 99 bonum
1576 3177 122 99 hoc
1645 3177 87 99 &
1680 3177 156 99 bonum
1784 3177 156 99 illud
1889 3177 122 99 &c.
1958 3177 191 99 Saepius
2079 3177 122 99 autem
