<?xml version="1.0" encoding="UTF-8"?>
<alto xmlns:xsi="http://www.w3.org/2001/XMLSchema-instance"
      xmlns="http://www.loc.gov/standards/alto/ns-v2#"
      xmlns:page="http://schema.primaresearch.org/PAGE/gts/pagecontent/2013-07-15"
      xsi:schemaLocation="http://www.loc.gov/standards/alto/ns-v2# http://www.loc.gov/standards/alto/alto.xsd">
   <Description>
      <MeasurementUnit>pixel</MeasurementUnit>
      <OCRProcessing ID="IdOcr">
         <ocrProcessingStep>
            <processingDateTime>2020-05-22T18:53:26.421-04:00</processingDateTime>
            <processingSoftware>
               <softwareCreator>READ COOP</softwareCreator>
               <softwareName>Transkribus</softwareName>
            </processingSoftware>
         </ocrProcessingStep>
      </OCRProcessing>
   </Description>
   <Layout>
      <Page ID="Page1" PHYSICAL_IMG_NR="1" HEIGHT="3762" WIDTH="2320">
         <TopMargin HEIGHT="0" WIDTH="2320" VPOS="0" HPOS="0"/>
         <LeftMargin HEIGHT="3762" WIDTH="0" VPOS="0" HPOS="0"/>
         <RightMargin HEIGHT="3762" WIDTH="0" VPOS="0" HPOS="2320"/>
         <BottomMargin HEIGHT="0" WIDTH="2320" VPOS="3762" HPOS="0"/>
         <PrintSpace HEIGHT="3762" WIDTH="2320" VPOS="0" HPOS="0">
            <TextBlock ID="TextRegion_1588892730122_810"
                       HEIGHT="2970"
                       WIDTH="1742"
                       VPOS="314"
                       HPOS="87">
               <Shape>
                  <Polygon POINTS="87,314 1829,314 1829,3284 87,3284"/>
               </Shape>
               <TextLine ID="r1l2"
                         BASELINE="394"
                         HEIGHT="84"
                         WIDTH="1742"
                         VPOS="310"
                         HPOS="88">
                  <String HEIGHT="84" WIDTH="147" VPOS="310" HPOS="70" CONTENT="vnum"/>
                  <SP HEIGHT="84" WIDTH="18" VPOS="310" HPOS="216"/>
                  <String HEIGHT="84"
                          WIDTH="238"
                          VPOS="310"
                          HPOS="161"
                          CONTENT="imponitur"/>
                  <SP HEIGHT="84" WIDTH="18" VPOS="310" HPOS="400"/>
                  <String HEIGHT="84" WIDTH="110" VPOS="310" HPOS="345" CONTENT="ad"/>
                  <SP HEIGHT="84" WIDTH="18" VPOS="310" HPOS="455"/>
                  <String HEIGHT="84"
                          WIDTH="312"
                          VPOS="310"
                          HPOS="400"
                          CONTENT="significandum"/>
                  <SP HEIGHT="84" WIDTH="18" VPOS="310" HPOS="711"/>
                  <String HEIGHT="84"
                          WIDTH="312"
                          VPOS="310"
                          HPOS="656"
                          CONTENT="indiuisionem:"/>
                  <SP HEIGHT="84" WIDTH="18" VPOS="310" HPOS="968"/>
                  <String HEIGHT="84" WIDTH="92" VPOS="310" HPOS="913" CONTENT="&amp;"/>
                  <SP HEIGHT="84" WIDTH="18" VPOS="310" HPOS="1005"/>
                  <String HEIGHT="84"
                          WIDTH="183"
                          VPOS="310"
                          HPOS="950"
                          CONTENT="multum"/>
                  <SP HEIGHT="84" WIDTH="18" VPOS="310" HPOS="1133"/>
                  <String HEIGHT="84"
                          WIDTH="238"
                          VPOS="310"
                          HPOS="1078"
                          CONTENT="imponitur"/>
                  <SP HEIGHT="84" WIDTH="18" VPOS="310" HPOS="1317"/>
                  <String HEIGHT="84" WIDTH="110" VPOS="310" HPOS="1262" CONTENT="ad"/>
                  <SP HEIGHT="84" WIDTH="18" VPOS="310" HPOS="1372"/>
                  <String HEIGHT="84"
                          WIDTH="312"
                          VPOS="310"
                          HPOS="1317"
                          CONTENT="significandum"/>
                  <SP HEIGHT="84" WIDTH="18" VPOS="310" HPOS="1628"/>
                  <String HEIGHT="84"
                          WIDTH="275"
                          VPOS="310"
                          HPOS="1573"
                          CONTENT="diuisionem:"/>
                  <SP HEIGHT="84" WIDTH="18" VPOS="310" HPOS="1848"/>
                  <String HEIGHT="84" WIDTH="55" VPOS="310" HPOS="1775" CONTENT="&amp;"/>
               </TextLine>
               <TextLine ID="r1l3"
                         BASELINE="443"
                         HEIGHT="69"
                         WIDTH="1750"
                         VPOS="374"
                         HPOS="85">
                  <String HEIGHT="69"
                          WIDTH="194"
                          VPOS="374"
                          HPOS="67"
                          CONTENT="diuisio"/>
                  <SP HEIGHT="69" WIDTH="18" VPOS="374" HPOS="262"/>
                  <String HEIGHT="69" WIDTH="124" VPOS="374" HPOS="209" CONTENT="est"/>
                  <SP HEIGHT="69" WIDTH="18" VPOS="374" HPOS="332"/>
                  <String HEIGHT="69"
                          WIDTH="212"
                          VPOS="374"
                          HPOS="279"
                          CONTENT="priuatio"/>
                  <SP HEIGHT="69" WIDTH="18" VPOS="374" HPOS="492"/>
                  <String HEIGHT="69"
                          WIDTH="212"
                          VPOS="374"
                          HPOS="439"
                          CONTENT="secundum"/>
                  <SP HEIGHT="69" WIDTH="18" VPOS="374" HPOS="651"/>
                  <String HEIGHT="69"
                          WIDTH="141"
                          VPOS="374"
                          HPOS="598"
                          CONTENT="rem:"/>
                  <SP HEIGHT="69" WIDTH="18" VPOS="374" HPOS="739"/>
                  <String HEIGHT="69"
                          WIDTH="230"
                          VPOS="374"
                          HPOS="686"
                          CONTENT="indiuisio"/>
                  <SP HEIGHT="69" WIDTH="18" VPOS="374" HPOS="916"/>
                  <String HEIGHT="69"
                          WIDTH="141"
                          VPOS="374"
                          HPOS="863"
                          CONTENT="vero"/>
                  <SP HEIGHT="69" WIDTH="18" VPOS="374" HPOS="1004"/>
                  <String HEIGHT="69"
                          WIDTH="194"
                          VPOS="374"
                          HPOS="951"
                          CONTENT="negatio"/>
                  <SP HEIGHT="69" WIDTH="18" VPOS="374" HPOS="1146"/>
                  <String HEIGHT="69"
                          WIDTH="247"
                          VPOS="374"
                          HPOS="1093"
                          CONTENT="diuisionis"/>
                  <SP HEIGHT="69" WIDTH="18" VPOS="374" HPOS="1340"/>
                  <String HEIGHT="69"
                          WIDTH="124"
                          VPOS="374"
                          HPOS="1287"
                          CONTENT="non"/>
                  <SP HEIGHT="69" WIDTH="18" VPOS="374" HPOS="1411"/>
                  <String HEIGHT="69"
                          WIDTH="124"
                          VPOS="374"
                          HPOS="1358"
                          CONTENT="est"/>
                  <SP HEIGHT="69" WIDTH="18" VPOS="374" HPOS="1481"/>
                  <String HEIGHT="69"
                          WIDTH="141"
                          VPOS="374"
                          HPOS="1428"
                          CONTENT="nisi"/>
                  <SP HEIGHT="69" WIDTH="18" VPOS="374" HPOS="1570"/>
                  <String HEIGHT="69"
                          WIDTH="194"
                          VPOS="374"
                          HPOS="1517"
                          CONTENT="negatio"/>
                  <SP HEIGHT="69" WIDTH="18" VPOS="374" HPOS="1711"/>
                  <String HEIGHT="69"
                          WIDTH="194"
                          VPOS="374"
                          HPOS="1641"
                          CONTENT="priuatio"
                          SUBS_TYPE="HypPart1"
                          SUBS_CONTENT="priuationis:"/>
                  <HYP CONTENT="-"/>
               </TextLine>
               <TextLine ID="r1l4"
                         BASELINE="491"
                         HEIGHT="74"
                         WIDTH="1757"
                         VPOS="417"
                         HPOS="82">
                  <String HEIGHT="74"
                          WIDTH="151"
                          VPOS="417"
                          HPOS="63"
                          CONTENT="nis:"
                          SUBS_TYPE="HypPart2"
                          SUBS_CONTENT="priuationis:"/>
                  <SP HEIGHT="74" WIDTH="19" VPOS="417" HPOS="214"/>
                  <String HEIGHT="74" WIDTH="94" VPOS="417" HPOS="158" CONTENT="&amp;"/>
                  <SP HEIGHT="74" WIDTH="19" VPOS="417" HPOS="252"/>
                  <String HEIGHT="74" WIDTH="132" VPOS="417" HPOS="195" CONTENT="ita"/>
                  <SP HEIGHT="74" WIDTH="19" VPOS="417" HPOS="328"/>
                  <String HEIGHT="74"
                          WIDTH="151"
                          VPOS="417"
                          HPOS="271"
                          CONTENT="vera"/>
                  <SP HEIGHT="74" WIDTH="19" VPOS="417" HPOS="422"/>
                  <String HEIGHT="74"
                          WIDTH="227"
                          VPOS="417"
                          HPOS="365"
                          CONTENT="positio:"/>
                  <SP HEIGHT="74" WIDTH="19" VPOS="417" HPOS="592"/>
                  <String HEIGHT="74"
                          WIDTH="151"
                          VPOS="417"
                          HPOS="535"
                          CONTENT="vnum"/>
                  <SP HEIGHT="74" WIDTH="19" VPOS="417" HPOS="687"/>
                  <String HEIGHT="74"
                          WIDTH="189"
                          VPOS="417"
                          HPOS="630"
                          CONTENT="igitur"/>
                  <SP HEIGHT="74" WIDTH="19" VPOS="417" HPOS="819"/>
                  <String HEIGHT="74"
                          WIDTH="227"
                          VPOS="417"
                          HPOS="762"
                          CONTENT="secundum"/>
                  <SP HEIGHT="74" WIDTH="19" VPOS="417" HPOS="989"/>
                  <String HEIGHT="74" WIDTH="132" VPOS="417" HPOS="932" CONTENT="rem"/>
                  <SP HEIGHT="74" WIDTH="19" VPOS="417" HPOS="1064"/>
                  <String HEIGHT="74"
                          WIDTH="264"
                          VPOS="417"
                          HPOS="1008"
                          CONTENT="significat"/>
                  <SP HEIGHT="74" WIDTH="19" VPOS="417" HPOS="1272"/>
                  <String HEIGHT="74"
                          WIDTH="283"
                          VPOS="417"
                          HPOS="1216"
                          CONTENT="positionem."/>
                  <SP HEIGHT="74" WIDTH="19" VPOS="417" HPOS="1499"/>
                  <String HEIGHT="74"
                          WIDTH="227"
                          VPOS="417"
                          HPOS="1442"
                          CONTENT="secundum"/>
                  <SP HEIGHT="74" WIDTH="19" VPOS="417" HPOS="1669"/>
                  <String HEIGHT="74"
                          WIDTH="170"
                          VPOS="417"
                          HPOS="1612"
                          CONTENT="modum"/>
                  <SP HEIGHT="74" WIDTH="19" VPOS="417" HPOS="1782"/>
                  <String HEIGHT="74"
                          WIDTH="132"
                          VPOS="417"
                          HPOS="1707"
                          CONTENT="autem"/>
               </TextLine>
               <TextLine ID="r1l5"
                         BASELINE="554"
                         HEIGHT="74"
                         WIDTH="1755"
                         VPOS="480"
                         HPOS="80">
                  <String HEIGHT="74"
                          WIDTH="234"
                          VPOS="480"
                          HPOS="63"
                          CONTENT="positionis"/>
                  <SP HEIGHT="74" WIDTH="17" VPOS="480" HPOS="297"/>
                  <String HEIGHT="74"
                          WIDTH="234"
                          VPOS="480"
                          HPOS="247"
                          CONTENT="significat"/>
                  <SP HEIGHT="74" WIDTH="17" VPOS="480" HPOS="481"/>
                  <String HEIGHT="74"
                          WIDTH="251"
                          VPOS="480"
                          HPOS="431"
                          CONTENT="negationem."/>
                  <SP HEIGHT="74" WIDTH="17" VPOS="480" HPOS="682"/>
                  <String HEIGHT="74"
                          WIDTH="167"
                          VPOS="480"
                          HPOS="632"
                          CONTENT="Multum"/>
                  <SP HEIGHT="74" WIDTH="17" VPOS="480" HPOS="799"/>
                  <String HEIGHT="74"
                          WIDTH="134"
                          VPOS="480"
                          HPOS="749"
                          CONTENT="vero"/>
                  <SP HEIGHT="74" WIDTH="17" VPOS="480" HPOS="882"/>
                  <String HEIGHT="74"
                          WIDTH="234"
                          VPOS="480"
                          HPOS="832"
                          CONTENT="econuerso,"/>
                  <SP HEIGHT="74" WIDTH="17" VPOS="480" HPOS="1066"/>
                  <String HEIGHT="74"
                          WIDTH="201"
                          VPOS="480"
                          HPOS="1016"
                          CONTENT="secundum"/>
                  <SP HEIGHT="74" WIDTH="17" VPOS="480" HPOS="1217"/>
                  <String HEIGHT="74"
                          WIDTH="117"
                          VPOS="480"
                          HPOS="1166"
                          CONTENT="rem"/>
                  <SP HEIGHT="74" WIDTH="17" VPOS="480" HPOS="1283"/>
                  <String HEIGHT="74"
                          WIDTH="234"
                          VPOS="480"
                          HPOS="1233"
                          CONTENT="significat"/>
                  <SP HEIGHT="74" WIDTH="17" VPOS="480" HPOS="1467"/>
                  <String HEIGHT="74"
                          WIDTH="267"
                          VPOS="480"
                          HPOS="1417"
                          CONTENT="priuationem."/>
                  <SP HEIGHT="74" WIDTH="17" VPOS="480" HPOS="1685"/>
                  <String HEIGHT="74"
                          WIDTH="201"
                          VPOS="480"
                          HPOS="1634"
                          CONTENT="secundum"/>
                  <SP HEIGHT="74" WIDTH="17" VPOS="480" HPOS="1835"/>
                  <String HEIGHT="74" WIDTH="67" VPOS="480" HPOS="1768" CONTENT="ve"/>
               </TextLine>
               <TextLine ID="r1l6"
                         BASELINE="596"
                         HEIGHT="59"
                         WIDTH="1748"
                         VPOS="537"
                         HPOS="77">
                  <String HEIGHT="59" WIDTH="101" VPOS="537" HPOS="60" CONTENT="ro"/>
                  <SP HEIGHT="59" WIDTH="17" VPOS="537" HPOS="161"/>
                  <String HEIGHT="59"
                          WIDTH="151"
                          VPOS="537"
                          HPOS="111"
                          CONTENT="modum"/>
                  <SP HEIGHT="59" WIDTH="17" VPOS="537" HPOS="262"/>
                  <String HEIGHT="59"
                          WIDTH="151"
                          VPOS="537"
                          HPOS="211"
                          CONTENT="nois,"/>
                  <SP HEIGHT="59" WIDTH="17" VPOS="537" HPOS="363"/>
                  <String HEIGHT="59"
                          WIDTH="235"
                          VPOS="537"
                          HPOS="312"
                          CONTENT="positione."/>
                  <SP HEIGHT="59" WIDTH="17" VPOS="537" HPOS="548"/>
                  <String HEIGHT="59"
                          WIDTH="235"
                          VPOS="537"
                          HPOS="497"
                          CONTENT="Significat"/>
                  <SP HEIGHT="59" WIDTH="17" VPOS="537" HPOS="732"/>
                  <String HEIGHT="59"
                          WIDTH="134"
                          VPOS="537"
                          HPOS="682"
                          CONTENT="enim"/>
                  <SP HEIGHT="59" WIDTH="17" VPOS="537" HPOS="817"/>
                  <String HEIGHT="59"
                          WIDTH="134"
                          VPOS="537"
                          HPOS="766"
                          CONTENT="vnum"/>
                  <SP HEIGHT="59" WIDTH="17" VPOS="537" HPOS="901"/>
                  <String HEIGHT="59"
                          WIDTH="235"
                          VPOS="537"
                          HPOS="850"
                          CONTENT="positionem"/>
                  <SP HEIGHT="59" WIDTH="17" VPOS="537" HPOS="1085"/>
                  <String HEIGHT="59"
                          WIDTH="134"
                          VPOS="537"
                          HPOS="1035"
                          CONTENT="modo"/>
                  <SP HEIGHT="59" WIDTH="17" VPOS="537" HPOS="1170"/>
                  <String HEIGHT="59"
                          WIDTH="252"
                          VPOS="537"
                          HPOS="1119"
                          CONTENT="negationis:"/>
                  <SP HEIGHT="59" WIDTH="17" VPOS="537" HPOS="1371"/>
                  <String HEIGHT="59"
                          WIDTH="134"
                          VPOS="537"
                          HPOS="1321"
                          CONTENT="quia"/>
                  <SP HEIGHT="59" WIDTH="17" VPOS="537" HPOS="1455"/>
                  <String HEIGHT="59"
                          WIDTH="235"
                          VPOS="537"
                          HPOS="1405"
                          CONTENT="significat"/>
                  <SP HEIGHT="59" WIDTH="17" VPOS="537" HPOS="1640"/>
                  <String HEIGHT="59"
                          WIDTH="235"
                          VPOS="537"
                          HPOS="1590"
                          CONTENT="negationem"/>
                  <SP HEIGHT="59" WIDTH="17" VPOS="537" HPOS="1825"/>
                  <String HEIGHT="59" WIDTH="67" VPOS="537" HPOS="1758" CONTENT="ne"/>
               </TextLine>
               <TextLine ID="r1l7"
                         BASELINE="652"
                         HEIGHT="64"
                         WIDTH="1748"
                         VPOS="588"
                         HPOS="86">
                  <String HEIGHT="64"
                          WIDTH="230"
                          VPOS="588"
                          HPOS="68"
                          CONTENT="gationis."/>
                  <SP HEIGHT="64" WIDTH="18" VPOS="588" HPOS="298"/>
                  <String HEIGHT="64"
                          WIDTH="177"
                          VPOS="588"
                          HPOS="245"
                          CONTENT="multum"/>
                  <SP HEIGHT="64" WIDTH="18" VPOS="588" HPOS="421"/>
                  <String HEIGHT="64"
                          WIDTH="141"
                          VPOS="588"
                          HPOS="369"
                          CONTENT="vero"/>
                  <SP HEIGHT="64" WIDTH="18" VPOS="588" HPOS="510"/>
                  <String HEIGHT="64"
                          WIDTH="247"
                          VPOS="588"
                          HPOS="457"
                          CONTENT="significat"/>
                  <SP HEIGHT="64" WIDTH="18" VPOS="588" HPOS="704"/>
                  <String HEIGHT="64"
                          WIDTH="247"
                          VPOS="588"
                          HPOS="651"
                          CONTENT="negationem"/>
                  <SP HEIGHT="64" WIDTH="18" VPOS="588" HPOS="898"/>
                  <String HEIGHT="64"
                          WIDTH="247"
                          VPOS="588"
                          HPOS="845"
                          CONTENT="positionis"/>
                  <SP HEIGHT="64" WIDTH="18" VPOS="588" HPOS="1092"/>
                  <String HEIGHT="64"
                          WIDTH="159"
                          VPOS="588"
                          HPOS="1039"
                          CONTENT="modo:"/>
                  <SP HEIGHT="64" WIDTH="18" VPOS="588" HPOS="1198"/>
                  <String HEIGHT="64"
                          WIDTH="141"
                          VPOS="588"
                          HPOS="1145"
                          CONTENT="quia"/>
                  <SP HEIGHT="64" WIDTH="18" VPOS="588" HPOS="1287"/>
                  <String HEIGHT="64"
                          WIDTH="247"
                          VPOS="588"
                          HPOS="1234"
                          CONTENT="significat"/>
                  <SP HEIGHT="64" WIDTH="18" VPOS="588" HPOS="1481"/>
                  <String HEIGHT="64"
                          WIDTH="300"
                          VPOS="588"
                          HPOS="1428"
                          CONTENT="affirmationem"/>
                  <SP HEIGHT="64" WIDTH="18" VPOS="588" HPOS="1728"/>
                  <String HEIGHT="64"
                          WIDTH="177"
                          VPOS="588"
                          HPOS="1657"
                          CONTENT="negatio"
                          SUBS_TYPE="HypPart1"
                          SUBS_CONTENT="negationis."/>
                  <HYP CONTENT="-"/>
               </TextLine>
               <TextLine ID="r1l8"
                         BASELINE="707"
                         HEIGHT="64"
                         WIDTH="1744"
                         VPOS="643"
                         HPOS="91">
                  <String HEIGHT="64"
                          WIDTH="127"
                          VPOS="643"
                          HPOS="75"
                          CONTENT="nis."
                          SUBS_TYPE="HypPart2"
                          SUBS_CONTENT="negationis."/>
                  <SP HEIGHT="64" WIDTH="16" VPOS="643" HPOS="202"/>
                  <String HEIGHT="64"
                          WIDTH="127"
                          VPOS="643"
                          HPOS="154"
                          CONTENT="Hinc"/>
                  <SP HEIGHT="64" WIDTH="16" VPOS="643" HPOS="281"/>
                  <String HEIGHT="64"
                          WIDTH="159"
                          VPOS="643"
                          HPOS="234"
                          CONTENT="euenit"/>
                  <SP HEIGHT="64" WIDTH="16" VPOS="643" HPOS="392"/>
                  <String HEIGHT="64"
                          WIDTH="127"
                          VPOS="643"
                          HPOS="345"
                          CONTENT="quod"/>
                  <SP HEIGHT="64" WIDTH="16" VPOS="643" HPOS="472"/>
                  <String HEIGHT="64"
                          WIDTH="206"
                          VPOS="643"
                          HPOS="424"
                          CONTENT="multitudo"/>
                  <SP HEIGHT="64" WIDTH="16" VPOS="643" HPOS="630"/>
                  <String HEIGHT="64"
                          WIDTH="206"
                          VPOS="643"
                          HPOS="582"
                          CONTENT="definitur"/>
                  <SP HEIGHT="64" WIDTH="16" VPOS="643" HPOS="789"/>
                  <String HEIGHT="64" WIDTH="111" VPOS="643" HPOS="741" CONTENT="per"/>
                  <SP HEIGHT="64" WIDTH="16" VPOS="643" HPOS="852"/>
                  <String HEIGHT="64"
                          WIDTH="206"
                          VPOS="643"
                          HPOS="804"
                          CONTENT="vnitatem:"/>
                  <SP HEIGHT="64" WIDTH="16" VPOS="643" HPOS="1011"/>
                  <String HEIGHT="64" WIDTH="79" VPOS="643" HPOS="963" CONTENT="&amp;"/>
                  <SP HEIGHT="64" WIDTH="16" VPOS="643" HPOS="1042"/>
                  <String HEIGHT="64"
                          WIDTH="159"
                          VPOS="643"
                          HPOS="995"
                          CONTENT="vnitas"/>
                  <SP HEIGHT="64" WIDTH="16" VPOS="643" HPOS="1153"/>
                  <String HEIGHT="64"
                          WIDTH="111"
                          VPOS="643"
                          HPOS="1106"
                          CONTENT="per"/>
                  <SP HEIGHT="64" WIDTH="16" VPOS="643" HPOS="1217"/>
                  <String HEIGHT="64"
                          WIDTH="270"
                          VPOS="643"
                          HPOS="1169"
                          CONTENT="multitudinem."/>
                  <SP HEIGHT="64" WIDTH="16" VPOS="643" HPOS="1439"/>
                  <String HEIGHT="64"
                          WIDTH="190"
                          VPOS="643"
                          HPOS="1391"
                          CONTENT="secundum"/>
                  <SP HEIGHT="64" WIDTH="16" VPOS="643" HPOS="1581"/>
                  <String HEIGHT="64"
                          WIDTH="127"
                          VPOS="643"
                          HPOS="1534"
                          CONTENT="quod"/>
                  <SP HEIGHT="64" WIDTH="16" VPOS="643" HPOS="1661"/>
                  <String HEIGHT="64"
                          WIDTH="143"
                          VPOS="643"
                          HPOS="1613"
                          CONTENT="dicit"/>
                  <SP HEIGHT="64" WIDTH="16" VPOS="643" HPOS="1756"/>
                  <String HEIGHT="64"
                          WIDTH="143"
                          VPOS="643"
                          HPOS="1692"
                          CONTENT="Auicen."/>
               </TextLine>
               <TextLine ID="r1l9"
                         BASELINE="756"
                         HEIGHT="68"
                         WIDTH="1737"
                         VPOS="688"
                         HPOS="92">
                  <String HEIGHT="68" WIDTH="107" VPOS="688" HPOS="74" CONTENT="in"/>
                  <SP HEIGHT="68" WIDTH="18" VPOS="688" HPOS="182"/>
                  <String HEIGHT="68"
                          WIDTH="143"
                          VPOS="688"
                          HPOS="128"
                          CONTENT="iii."/>
                  <SP HEIGHT="68" WIDTH="18" VPOS="688" HPOS="271"/>
                  <String HEIGHT="68"
                          WIDTH="287"
                          VPOS="688"
                          HPOS="217"
                          CONTENT="metaphysicae"/>
                  <SP HEIGHT="68" WIDTH="18" VPOS="688" HPOS="504"/>
                  <String HEIGHT="68"
                          WIDTH="161"
                          VPOS="688"
                          HPOS="450"
                          CONTENT="suae."/>
                  <SP HEIGHT="68" WIDTH="18" VPOS="688" HPOS="611"/>
                  <String HEIGHT="68"
                          WIDTH="143"
                          VPOS="688"
                          HPOS="558"
                          CONTENT="Vnum"/>
                  <SP HEIGHT="68" WIDTH="18" VPOS="688" HPOS="701"/>
                  <String HEIGHT="68" WIDTH="125" VPOS="688" HPOS="647" CONTENT="est"/>
                  <SP HEIGHT="68" WIDTH="18" VPOS="688" HPOS="772"/>
                  <String HEIGHT="68"
                          WIDTH="251"
                          VPOS="688"
                          HPOS="719"
                          CONTENT="principium"/>
                  <SP HEIGHT="68" WIDTH="18" VPOS="688" HPOS="969"/>
                  <String HEIGHT="68"
                          WIDTH="304"
                          VPOS="688"
                          HPOS="916"
                          CONTENT="multitudinis:"/>
                  <SP HEIGHT="68" WIDTH="18" VPOS="688" HPOS="1220"/>
                  <String HEIGHT="68" WIDTH="90" VPOS="688" HPOS="1166" CONTENT="&amp;"/>
                  <SP HEIGHT="68" WIDTH="18" VPOS="688" HPOS="1256"/>
                  <String HEIGHT="68"
                          WIDTH="233"
                          VPOS="688"
                          HPOS="1202"
                          CONTENT="multitudo"/>
                  <SP HEIGHT="68" WIDTH="18" VPOS="688" HPOS="1435"/>
                  <String HEIGHT="68"
                          WIDTH="125"
                          VPOS="688"
                          HPOS="1381"
                          CONTENT="est"/>
                  <SP HEIGHT="68" WIDTH="18" VPOS="688" HPOS="1507"/>
                  <String HEIGHT="68"
                          WIDTH="161"
                          VPOS="688"
                          HPOS="1453"
                          CONTENT="illud"/>
                  <SP HEIGHT="68" WIDTH="18" VPOS="688" HPOS="1614"/>
                  <String HEIGHT="68"
                          WIDTH="143"
                          VPOS="688"
                          HPOS="1560"
                          CONTENT="quod"/>
                  <SP HEIGHT="68" WIDTH="18" VPOS="688" HPOS="1704"/>
                  <String HEIGHT="68"
                          WIDTH="197"
                          VPOS="688"
                          HPOS="1632"
                          CONTENT="numeratur"/>
               </TextLine>
               <TextLine ID="r1l10"
                         BASELINE="807"
                         HEIGHT="60"
                         WIDTH="1737"
                         VPOS="747"
                         HPOS="94">
                  <String HEIGHT="60" WIDTH="113" VPOS="747" HPOS="78" CONTENT="per"/>
                  <SP HEIGHT="60" WIDTH="16" VPOS="747" HPOS="190"/>
                  <String HEIGHT="60"
                          WIDTH="145"
                          VPOS="747"
                          HPOS="142"
                          CONTENT="vnum."/>
                  <SP HEIGHT="60" WIDTH="16" VPOS="747" HPOS="287"/>
                  <String HEIGHT="60"
                          WIDTH="161"
                          VPOS="747"
                          HPOS="239"
                          CONTENT="vnitas"/>
                  <SP HEIGHT="60" WIDTH="16" VPOS="747" HPOS="400"/>
                  <String HEIGHT="60"
                          WIDTH="129"
                          VPOS="747"
                          HPOS="351"
                          CONTENT="enim"/>
                  <SP HEIGHT="60" WIDTH="16" VPOS="747" HPOS="480"/>
                  <String HEIGHT="60" WIDTH="97" VPOS="747" HPOS="432" CONTENT="in"/>
                  <SP HEIGHT="60" WIDTH="16" VPOS="747" HPOS="528"/>
                  <String HEIGHT="60"
                          WIDTH="225"
                          VPOS="747"
                          HPOS="480"
                          CONTENT="intellectu"/>
                  <SP HEIGHT="60" WIDTH="16" VPOS="747" HPOS="705"/>
                  <String HEIGHT="60"
                          WIDTH="241"
                          VPOS="747"
                          HPOS="657"
                          CONTENT="discernitur"/>
                  <SP HEIGHT="60" WIDTH="16" VPOS="747" HPOS="898"/>
                  <String HEIGHT="60" WIDTH="80" VPOS="747" HPOS="850" CONTENT="&amp;"/>
                  <SP HEIGHT="60" WIDTH="16" VPOS="747" HPOS="930"/>
                  <String HEIGHT="60"
                          WIDTH="225"
                          VPOS="747"
                          HPOS="882"
                          CONTENT="concipitur"/>
                  <SP HEIGHT="60" WIDTH="16" VPOS="747" HPOS="1107"/>
                  <String HEIGHT="60" WIDTH="97" VPOS="747" HPOS="1059" CONTENT="vt"/>
                  <SP HEIGHT="60" WIDTH="16" VPOS="747" HPOS="1156"/>
                  <String HEIGHT="60"
                          WIDTH="193"
                          VPOS="747"
                          HPOS="1107"
                          CONTENT="habitus,"/>
                  <SP HEIGHT="60" WIDTH="16" VPOS="747" HPOS="1300"/>
                  <String HEIGHT="60"
                          WIDTH="145"
                          VPOS="747"
                          HPOS="1252"
                          CONTENT="cuius"/>
                  <SP HEIGHT="60" WIDTH="16" VPOS="747" HPOS="1397"/>
                  <String HEIGHT="60"
                          WIDTH="193"
                          VPOS="747"
                          HPOS="1349"
                          CONTENT="priuatio"/>
                  <SP HEIGHT="60" WIDTH="16" VPOS="747" HPOS="1542"/>
                  <String HEIGHT="60"
                          WIDTH="113"
                          VPOS="747"
                          HPOS="1493"
                          CONTENT="est"/>
                  <SP HEIGHT="60" WIDTH="16" VPOS="747" HPOS="1606"/>
                  <String HEIGHT="60"
                          WIDTH="225"
                          VPOS="747"
                          HPOS="1558"
                          CONTENT="multitudo."/>
                  <SP HEIGHT="60" WIDTH="16" VPOS="747" HPOS="1783"/>
                  <String HEIGHT="60"
                          WIDTH="113"
                          VPOS="747"
                          HPOS="1718"
                          CONTENT="Apstd"/>
               </TextLine>
               <TextLine ID="r1l11"
                         BASELINE="868"
                         HEIGHT="65"
                         WIDTH="1736"
                         VPOS="803"
                         HPOS="90">
                  <String HEIGHT="65"
                          WIDTH="156"
                          VPOS="803"
                          HPOS="73"
                          CONTENT="autem"/>
                  <SP HEIGHT="65" WIDTH="17" VPOS="803" HPOS="229"/>
                  <String HEIGHT="65"
                          WIDTH="278"
                          VPOS="803"
                          HPOS="177"
                          CONTENT="imaginatiuam"/>
                  <SP HEIGHT="65" WIDTH="17" VPOS="803" HPOS="455"/>
                  <String HEIGHT="65"
                          WIDTH="139"
                          VPOS="803"
                          HPOS="402"
                          CONTENT="quae"/>
                  <SP HEIGHT="65" WIDTH="17" VPOS="803" HPOS="541"/>
                  <String HEIGHT="65" WIDTH="122" VPOS="803" HPOS="489" CONTENT="est"/>
                  <SP HEIGHT="65" WIDTH="17" VPOS="803" HPOS="611"/>
                  <String HEIGHT="65"
                          WIDTH="243"
                          VPOS="803"
                          HPOS="559"
                          CONTENT="principium"/>
                  <SP HEIGHT="65" WIDTH="17" VPOS="803" HPOS="802"/>
                  <String HEIGHT="65"
                          WIDTH="260"
                          VPOS="803"
                          HPOS="750"
                          CONTENT="intellectus"/>
                  <SP HEIGHT="65" WIDTH="17" VPOS="803" HPOS="1010"/>
                  <String HEIGHT="65"
                          WIDTH="226"
                          VPOS="803"
                          HPOS="958"
                          CONTENT="contingit"/>
                  <SP HEIGHT="65" WIDTH="17" VPOS="803" HPOS="1184"/>
                  <String HEIGHT="65"
                          WIDTH="243"
                          VPOS="803"
                          HPOS="1132"
                          CONTENT="econverso."/>
                  <SP HEIGHT="65" WIDTH="17" VPOS="803" HPOS="1375"/>
                  <String HEIGHT="65" WIDTH="104" VPOS="803" HPOS="1323" CONTENT="Et"/>
                  <SP HEIGHT="65" WIDTH="17" VPOS="803" HPOS="1427"/>
                  <String HEIGHT="65"
                          WIDTH="139"
                          VPOS="803"
                          HPOS="1375"
                          CONTENT="ideo"/>
                  <SP HEIGHT="65" WIDTH="17" VPOS="803" HPOS="1514"/>
                  <String HEIGHT="65"
                          WIDTH="156"
                          VPOS="803"
                          HPOS="1461"
                          CONTENT="dicit"/>
                  <SP HEIGHT="65" WIDTH="17" VPOS="803" HPOS="1618"/>
                  <String HEIGHT="65"
                          WIDTH="191"
                          VPOS="803"
                          HPOS="1566"
                          CONTENT="Auicen."/>
                  <SP HEIGHT="65" WIDTH="17" VPOS="803" HPOS="1757"/>
                  <String HEIGHT="65"
                          WIDTH="139"
                          VPOS="803"
                          HPOS="1687"
                          CONTENT="ibidem"/>
               </TextLine>
               <TextLine ID="r1l12"
                         BASELINE="918"
                         HEIGHT="71"
                         WIDTH="1731"
                         VPOS="847"
                         HPOS="91">
                  <String HEIGHT="71"
                          WIDTH="196"
                          VPOS="847"
                          HPOS="73"
                          CONTENT="Facimus"/>
                  <SP HEIGHT="71" WIDTH="18" VPOS="847" HPOS="269"/>
                  <String HEIGHT="71"
                          WIDTH="214"
                          VPOS="847"
                          HPOS="216"
                          CONTENT="cognosci"/>
                  <SP HEIGHT="71" WIDTH="18" VPOS="847" HPOS="430"/>
                  <String HEIGHT="71"
                          WIDTH="286"
                          VPOS="847"
                          HPOS="377"
                          CONTENT="multitudinem"/>
                  <SP HEIGHT="71" WIDTH="18" VPOS="847" HPOS="662"/>
                  <String HEIGHT="71" WIDTH="125" VPOS="847" HPOS="609" CONTENT="per"/>
                  <SP HEIGHT="71" WIDTH="18" VPOS="847" HPOS="733"/>
                  <String HEIGHT="71"
                          WIDTH="214"
                          VPOS="847"
                          HPOS="680"
                          CONTENT="vnitatem"/>
                  <SP HEIGHT="71" WIDTH="18" VPOS="847" HPOS="894"/>
                  <String HEIGHT="71"
                          WIDTH="250"
                          VPOS="847"
                          HPOS="841"
                          CONTENT="cognitione"/>
                  <SP HEIGHT="71" WIDTH="18" VPOS="847" HPOS="1090"/>
                  <String HEIGHT="71"
                          WIDTH="321"
                          VPOS="847"
                          HPOS="1037"
                          CONTENT="intelligibili."/>
                  <SP HEIGHT="71" WIDTH="18" VPOS="847" HPOS="1358"/>
                  <String HEIGHT="71" WIDTH="89" VPOS="847" HPOS="1304" CONTENT="&amp;"/>
                  <SP HEIGHT="71" WIDTH="18" VPOS="847" HPOS="1394"/>
                  <String HEIGHT="71"
                          WIDTH="125"
                          VPOS="847"
                          HPOS="1340"
                          CONTENT="hic"/>
                  <SP HEIGHT="71" WIDTH="18" VPOS="847" HPOS="1465"/>
                  <String HEIGHT="71"
                          WIDTH="232"
                          VPOS="847"
                          HPOS="1412"
                          CONTENT="accipimus"/>
                  <SP HEIGHT="71" WIDTH="18" VPOS="847" HPOS="1644"/>
                  <String HEIGHT="71"
                          WIDTH="214"
                          VPOS="847"
                          HPOS="1590"
                          CONTENT="vnitatem"/>
                  <SP HEIGHT="71" WIDTH="18" VPOS="847" HPOS="1804"/>
                  <String HEIGHT="71" WIDTH="89" VPOS="847" HPOS="1733" CONTENT="for"/>
               </TextLine>
               <TextLine ID="r1l13"
                         BASELINE="972"
                         HEIGHT="67"
                         WIDTH="1739"
                         VPOS="905"
                         HPOS="91">
                  <String HEIGHT="67"
                          WIDTH="141"
                          VPOS="905"
                          HPOS="75"
                          CONTENT="matam"/>
                  <SP HEIGHT="67" WIDTH="16" VPOS="905" HPOS="216"/>
                  <String HEIGHT="67" WIDTH="94" VPOS="905" HPOS="169" CONTENT="in"/>
                  <SP HEIGHT="67" WIDTH="16" VPOS="905" HPOS="263"/>
                  <String HEIGHT="67"
                          WIDTH="157"
                          VPOS="905"
                          HPOS="216"
                          CONTENT="seipsa"/>
                  <SP HEIGHT="67" WIDTH="16" VPOS="905" HPOS="373"/>
                  <String HEIGHT="67" WIDTH="78" VPOS="905" HPOS="326" CONTENT="&amp;"/>
                  <SP HEIGHT="67" WIDTH="16" VPOS="905" HPOS="404"/>
                  <String HEIGHT="67" WIDTH="78" VPOS="905" HPOS="357" CONTENT="a"/>
                  <SP HEIGHT="67" WIDTH="16" VPOS="905" HPOS="436"/>
                  <String HEIGHT="67"
                          WIDTH="219"
                          VPOS="905"
                          HPOS="389"
                          CONTENT="principiis"/>
                  <SP HEIGHT="67" WIDTH="16" VPOS="905" HPOS="608"/>
                  <String HEIGHT="67"
                          WIDTH="282"
                          VPOS="905"
                          HPOS="561"
                          CONTENT="imaginationis."/>
                  <SP HEIGHT="67" WIDTH="16" VPOS="905" HPOS="843"/>
                  <String HEIGHT="67"
                          WIDTH="172"
                          VPOS="905"
                          HPOS="796"
                          CONTENT="Facimus"/>
                  <SP HEIGHT="67" WIDTH="16" VPOS="905" HPOS="968"/>
                  <String HEIGHT="67"
                          WIDTH="141"
                          VPOS="905"
                          HPOS="921"
                          CONTENT="autem"/>
                  <SP HEIGHT="67" WIDTH="16" VPOS="905" HPOS="1062"/>
                  <String HEIGHT="67"
                          WIDTH="110"
                          VPOS="905"
                          HPOS="1015"
                          CONTENT="eam"/>
                  <SP HEIGHT="67" WIDTH="16" VPOS="905" HPOS="1125"/>
                  <String HEIGHT="67"
                          WIDTH="188"
                          VPOS="905"
                          HPOS="1078"
                          CONTENT="cognosci"/>
                  <SP HEIGHT="67" WIDTH="16" VPOS="905" HPOS="1266"/>
                  <String HEIGHT="67"
                          WIDTH="110"
                          VPOS="905"
                          HPOS="1219"
                          CONTENT="per"/>
                  <SP HEIGHT="67" WIDTH="16" VPOS="905" HPOS="1329"/>
                  <String HEIGHT="67"
                          WIDTH="251"
                          VPOS="905"
                          HPOS="1282"
                          CONTENT="multitudinem"/>
                  <SP HEIGHT="67" WIDTH="16" VPOS="905" HPOS="1532"/>
                  <String HEIGHT="67"
                          WIDTH="219"
                          VPOS="905"
                          HPOS="1485"
                          CONTENT="inueniendo"/>
                  <SP HEIGHT="67" WIDTH="16" VPOS="905" HPOS="1705"/>
                  <String HEIGHT="67" WIDTH="94" VPOS="905" HPOS="1658" CONTENT="in"/>
                  <SP HEIGHT="67" WIDTH="16" VPOS="905" HPOS="1752"/>
                  <String HEIGHT="67"
                          WIDTH="110"
                          VPOS="905"
                          HPOS="1705"
                          CONTENT="hoc"/>
                  <SP HEIGHT="67" WIDTH="16" VPOS="905" HPOS="1814"/>
                  <String HEIGHT="67" WIDTH="94" VPOS="905" HPOS="1767" CONTENT="in"/>
                  <SP HEIGHT="67" WIDTH="16" VPOS="905" HPOS="1861"/>
                  <String HEIGHT="67" WIDTH="31" VPOS="905" HPOS="1799" CONTENT=""/>
               </TextLine>
               <TextLine ID="r1l14"
                         BASELINE="1027"
                         HEIGHT="68"
                         WIDTH="1726"
                         VPOS="959"
                         HPOS="91">
                  <String HEIGHT="68"
                          WIDTH="239"
                          VPOS="959"
                          HPOS="73"
                          CONTENT="tentionem"/>
                  <SP HEIGHT="68" WIDTH="18" VPOS="959" HPOS="311"/>
                  <String HEIGHT="68"
                          WIDTH="294"
                          VPOS="959"
                          HPOS="256"
                          CONTENT="imaginatiuam"/>
                  <SP HEIGHT="68" WIDTH="18" VPOS="959" HPOS="550"/>
                  <String HEIGHT="68" WIDTH="110" VPOS="959" HPOS="495" CONTENT="ad"/>
                  <SP HEIGHT="68" WIDTH="18" VPOS="959" HPOS="605"/>
                  <String HEIGHT="68" WIDTH="129" VPOS="959" HPOS="550" CONTENT="hoc"/>
                  <SP HEIGHT="68" WIDTH="18" VPOS="959" HPOS="679"/>
                  <String HEIGHT="68" WIDTH="110" VPOS="959" HPOS="623" CONTENT="vt"/>
                  <SP HEIGHT="68" WIDTH="18" VPOS="959" HPOS="734"/>
                  <String HEIGHT="68"
                          WIDTH="202"
                          VPOS="959"
                          HPOS="679"
                          CONTENT="inducat"/>
                  <SP HEIGHT="68" WIDTH="18" VPOS="959" HPOS="881"/>
                  <String HEIGHT="68" WIDTH="129" VPOS="959" HPOS="825" CONTENT="nos"/>
                  <SP HEIGHT="68" WIDTH="18" VPOS="959" HPOS="954"/>
                  <String HEIGHT="68" WIDTH="110" VPOS="959" HPOS="899" CONTENT="ad"/>
                  <SP HEIGHT="68" WIDTH="18" VPOS="959" HPOS="1009"/>
                  <String HEIGHT="68" WIDTH="129" VPOS="959" HPOS="954" CONTENT="hoc"/>
                  <SP HEIGHT="68" WIDTH="18" VPOS="959" HPOS="1083"/>
                  <String HEIGHT="68"
                          WIDTH="147"
                          VPOS="959"
                          HPOS="1027"
                          CONTENT="quod"/>
                  <SP HEIGHT="68" WIDTH="18" VPOS="959" HPOS="1174"/>
                  <String HEIGHT="68"
                          WIDTH="147"
                          VPOS="959"
                          HPOS="1119"
                          CONTENT="tunc"/>
                  <SP HEIGHT="68" WIDTH="18" VPOS="959" HPOS="1266"/>
                  <String HEIGHT="68"
                          WIDTH="202"
                          VPOS="959"
                          HPOS="1211"
                          CONTENT="poterat"/>
                  <SP HEIGHT="68" WIDTH="18" VPOS="959" HPOS="1413"/>
                  <String HEIGHT="68"
                          WIDTH="165"
                          VPOS="959"
                          HPOS="1358"
                          CONTENT="nobis"/>
                  <SP HEIGHT="68" WIDTH="18" VPOS="959" HPOS="1523"/>
                  <String HEIGHT="68"
                          WIDTH="147"
                          VPOS="959"
                          HPOS="1468"
                          CONTENT="esse"/>
                  <SP HEIGHT="68" WIDTH="18" VPOS="959" HPOS="1615"/>
                  <String HEIGHT="68"
                          WIDTH="129"
                          VPOS="959"
                          HPOS="1560"
                          CONTENT="per"/>
                  <SP HEIGHT="68" WIDTH="18" VPOS="959" HPOS="1688"/>
                  <String HEIGHT="68" WIDTH="110" VPOS="959" HPOS="1633" CONTENT="se"/>
                  <SP HEIGHT="68" WIDTH="18" VPOS="959" HPOS="1744"/>
                  <String HEIGHT="68"
                          WIDTH="147"
                          VPOS="959"
                          HPOS="1670"
                          CONTENT="notum,"/>
               </TextLine>
               <TextLine ID="r1l15"
                         BASELINE="1080"
                         HEIGHT="69"
                         WIDTH="1731"
                         VPOS="1011"
                         HPOS="88">
                  <String HEIGHT="69" WIDTH="118" VPOS="1011" HPOS="71" CONTENT="sed"/>
                  <SP HEIGHT="69" WIDTH="17" VPOS="1011" HPOS="189"/>
                  <String HEIGHT="69"
                          WIDTH="118"
                          VPOS="1011"
                          HPOS="138"
                          CONTENT="non"/>
                  <SP HEIGHT="69" WIDTH="17" VPOS="1011" HPOS="256"/>
                  <String HEIGHT="69"
                          WIDTH="235"
                          VPOS="1011"
                          HPOS="206"
                          CONTENT="formabatur"/>
                  <SP HEIGHT="69" WIDTH="17" VPOS="1011" HPOS="441"/>
                  <String HEIGHT="69"
                          WIDTH="202"
                          VPOS="1011"
                          HPOS="391"
                          CONTENT="praesens"/>
                  <SP HEIGHT="69" WIDTH="17" VPOS="1011" HPOS="592"/>
                  <String HEIGHT="69" WIDTH="101" VPOS="1011" HPOS="542" CONTENT="in"/>
                  <SP HEIGHT="69" WIDTH="17" VPOS="1011" HPOS="643"/>
                  <String HEIGHT="69"
                          WIDTH="252"
                          VPOS="1011"
                          HPOS="592"
                          CONTENT="intellectu."/>
                  <SP HEIGHT="69" WIDTH="17" VPOS="1011" HPOS="844"/>
                  <String HEIGHT="69" WIDTH="101" VPOS="1011" HPOS="794" CONTENT="Et"/>
                  <SP HEIGHT="69" WIDTH="17" VPOS="1011" HPOS="895"/>
                  <String HEIGHT="69" WIDTH="101" VPOS="1011" HPOS="844" CONTENT="ad"/>
                  <SP HEIGHT="69" WIDTH="17" VPOS="1011" HPOS="945"/>
                  <String HEIGHT="69"
                          WIDTH="151"
                          VPOS="1011"
                          HPOS="895"
                          CONTENT="istam"/>
                  <SP HEIGHT="69" WIDTH="17" VPOS="1011" HPOS="1046"/>
                  <String HEIGHT="69"
                          WIDTH="252"
                          VPOS="1011"
                          HPOS="996"
                          CONTENT="intentionem"/>
                  <SP HEIGHT="69" WIDTH="17" VPOS="1011" HPOS="1248"/>
                  <String HEIGHT="69"
                          WIDTH="151"
                          VPOS="1011"
                          HPOS="1197"
                          CONTENT="vnius"/>
                  <SP HEIGHT="69" WIDTH="17" VPOS="1011" HPOS="1348"/>
                  <String HEIGHT="69"
                          WIDTH="218"
                          VPOS="1011"
                          HPOS="1298"
                          CONTENT="inquantum"/>
                  <SP HEIGHT="69" WIDTH="17" VPOS="1011" HPOS="1516"/>
                  <String HEIGHT="69"
                          WIDTH="202"
                          VPOS="1011"
                          HPOS="1466"
                          CONTENT="respicit"/>
                  <SP HEIGHT="69" WIDTH="17" VPOS="1011" HPOS="1668"/>
                  <String HEIGHT="69"
                          WIDTH="218"
                          VPOS="1011"
                          HPOS="1601"
                          CONTENT="informatio"
                          SUBS_TYPE="HypPart1"
                          SUBS_CONTENT="informationem"/>
                  <HYP CONTENT="-"/>
               </TextLine>
               <TextLine ID="r1l16"
                         BASELINE="1137"
                         HEIGHT="67"
                         WIDTH="1738"
                         VPOS="1070"
                         HPOS="87">
                  <String HEIGHT="67"
                          WIDTH="123"
                          VPOS="1070"
                          HPOS="69"
                          CONTENT="nem"
                          SUBS_TYPE="HypPart2"
                          SUBS_CONTENT="informationem"/>
                  <SP HEIGHT="67" WIDTH="18" VPOS="1070" HPOS="192"/>
                  <String HEIGHT="67"
                          WIDTH="140"
                          VPOS="1070"
                          HPOS="140"
                          CONTENT="apud"/>
                  <SP HEIGHT="67" WIDTH="18" VPOS="1070" HPOS="280"/>
                  <String HEIGHT="67"
                          WIDTH="298"
                          VPOS="1070"
                          HPOS="227"
                          CONTENT="imaginatiuam,"/>
                  <SP HEIGHT="67" WIDTH="18" VPOS="1070" HPOS="526"/>
                  <String HEIGHT="67"
                          WIDTH="123"
                          VPOS="1070"
                          HPOS="473"
                          CONTENT="sit"/>
                  <SP HEIGHT="67" WIDTH="18" VPOS="1070" HPOS="596"/>
                  <String HEIGHT="67"
                          WIDTH="228"
                          VPOS="1070"
                          HPOS="543"
                          CONTENT="impositio"/>
                  <SP HEIGHT="67" WIDTH="18" VPOS="1070" HPOS="772"/>
                  <String HEIGHT="67"
                          WIDTH="176"
                          VPOS="1070"
                          HPOS="719"
                          CONTENT="vnius."/>
                  <SP HEIGHT="67" WIDTH="18" VPOS="1070" HPOS="895"/>
                  <String HEIGHT="67"
                          WIDTH="158"
                          VPOS="1070"
                          HPOS="842"
                          CONTENT="iuxta"/>
                  <SP HEIGHT="67" WIDTH="18" VPOS="1070" HPOS="1000"/>
                  <String HEIGHT="67"
                          WIDTH="140"
                          VPOS="1070"
                          HPOS="947"
                          CONTENT="quod"/>
                  <SP HEIGHT="67" WIDTH="18" VPOS="1070" HPOS="1088"/>
                  <String HEIGHT="67"
                          WIDTH="158"
                          VPOS="1070"
                          HPOS="1035"
                          CONTENT="ipsum"/>
                  <SP HEIGHT="67" WIDTH="18" VPOS="1070" HPOS="1193"/>
                  <String HEIGHT="67"
                          WIDTH="193"
                          VPOS="1070"
                          HPOS="1140"
                          CONTENT="definit"/>
                  <SP HEIGHT="67" WIDTH="18" VPOS="1070" HPOS="1333"/>
                  <String HEIGHT="67"
                          WIDTH="263"
                          VPOS="1070"
                          HPOS="1281"
                          CONTENT="Philosophus"/>
                  <SP HEIGHT="67" WIDTH="18" VPOS="1070" HPOS="1544"/>
                  <String HEIGHT="67"
                          WIDTH="123"
                          VPOS="1070"
                          HPOS="1491"
                          CONTENT="cum"/>
                  <SP HEIGHT="67" WIDTH="18" VPOS="1070" HPOS="1614"/>
                  <String HEIGHT="67"
                          WIDTH="176"
                          VPOS="1070"
                          HPOS="1562"
                          CONTENT="dicit."/>
                  <SP HEIGHT="67" WIDTH="18" VPOS="1070" HPOS="1737"/>
                  <String HEIGHT="67"
                          WIDTH="140"
                          VPOS="1070"
                          HPOS="1685"
                          CONTENT="iii."/>
                  <SP HEIGHT="67" WIDTH="18" VPOS="1070" HPOS="1825"/>
                  <String HEIGHT="67" WIDTH="70" VPOS="1070" HPOS="1755" CONTENT="me"/>
               </TextLine>
               <TextLine ID="r1l17"
                         BASELINE="1189"
                         HEIGHT="69"
                         WIDTH="1731"
                         VPOS="1120"
                         HPOS="89">
                  <String HEIGHT="69"
                          WIDTH="171"
                          VPOS="1120"
                          HPOS="72"
                          CONTENT="taphy."/>
                  <SP HEIGHT="69" WIDTH="17" VPOS="1120" HPOS="243"/>
                  <String HEIGHT="69"
                          WIDTH="137"
                          VPOS="1120"
                          HPOS="192"
                          CONTENT="Vnum"/>
                  <SP HEIGHT="69" WIDTH="17" VPOS="1120" HPOS="329"/>
                  <String HEIGHT="69"
                          WIDTH="120"
                          VPOS="1120"
                          HPOS="278"
                          CONTENT="est"/>
                  <SP HEIGHT="69" WIDTH="17" VPOS="1120" HPOS="397"/>
                  <String HEIGHT="69"
                          WIDTH="240"
                          VPOS="1120"
                          HPOS="346"
                          CONTENT="diuisibile"/>
                  <SP HEIGHT="69" WIDTH="17" VPOS="1120" HPOS="586"/>
                  <String HEIGHT="69"
                          WIDTH="189"
                          VPOS="1120"
                          HPOS="535"
                          CONTENT="aliquod"/>
                  <SP HEIGHT="69" WIDTH="17" VPOS="1120" HPOS="723"/>
                  <String HEIGHT="69"
                          WIDTH="120"
                          VPOS="1120"
                          HPOS="672"
                          CONTENT="ens"/>
                  <SP HEIGHT="69" WIDTH="17" VPOS="1120" HPOS="792"/>
                  <String HEIGHT="69"
                          WIDTH="120"
                          VPOS="1120"
                          HPOS="740"
                          CONTENT="per"/>
                  <SP HEIGHT="69" WIDTH="17" VPOS="1120" HPOS="860"/>
                  <String HEIGHT="69" WIDTH="103" VPOS="1120" HPOS="809" CONTENT="se"/>
                  <SP HEIGHT="69" WIDTH="17" VPOS="1120" HPOS="912"/>
                  <String HEIGHT="69"
                          WIDTH="257"
                          VPOS="1120"
                          HPOS="860"
                          CONTENT="solitarium."/>
                  <SP HEIGHT="69" WIDTH="17" VPOS="1120" HPOS="1117"/>
                  <String HEIGHT="69" WIDTH="86" VPOS="1120" HPOS="1066" CONTENT="&amp;"/>
                  <SP HEIGHT="69" WIDTH="17" VPOS="1120" HPOS="1152"/>
                  <String HEIGHT="69"
                          WIDTH="103"
                          VPOS="1120"
                          HPOS="1100"
                          CONTENT="in"/>
                  <SP HEIGHT="69" WIDTH="17" VPOS="1120" HPOS="1203"/>
                  <String HEIGHT="69"
                          WIDTH="103"
                          VPOS="1120"
                          HPOS="1152"
                          CONTENT="x."/>
                  <SP HEIGHT="69" WIDTH="17" VPOS="1120" HPOS="1254"/>
                  <String HEIGHT="69"
                          WIDTH="206"
                          VPOS="1120"
                          HPOS="1203"
                          CONTENT="Essentia"/>
                  <SP HEIGHT="69" WIDTH="17" VPOS="1120" HPOS="1409"/>
                  <String HEIGHT="69"
                          WIDTH="154"
                          VPOS="1120"
                          HPOS="1357"
                          CONTENT="vnius"/>
                  <SP HEIGHT="69" WIDTH="17" VPOS="1120" HPOS="1512"/>
                  <String HEIGHT="69"
                          WIDTH="120"
                          VPOS="1120"
                          HPOS="1460"
                          CONTENT="est"/>
                  <SP HEIGHT="69" WIDTH="17" VPOS="1120" HPOS="1580"/>
                  <String HEIGHT="69"
                          WIDTH="103"
                          VPOS="1120"
                          HPOS="1529"
                          CONTENT="vt"/>
                  <SP HEIGHT="69" WIDTH="17" VPOS="1120" HPOS="1631"/>
                  <String HEIGHT="69"
                          WIDTH="120"
                          VPOS="1120"
                          HPOS="1580"
                          CONTENT="non"/>
                  <SP HEIGHT="69" WIDTH="17" VPOS="1120" HPOS="1700"/>
                  <String HEIGHT="69"
                          WIDTH="189"
                          VPOS="1120"
                          HPOS="1631"
                          CONTENT="diuidatur"/>
               </TextLine>
               <TextLine ID="r1l18"
                         BASELINE="1250"
                         HEIGHT="80"
                         WIDTH="1699"
                         VPOS="1170"
                         HPOS="93">
                  <String HEIGHT="80" WIDTH="86" VPOS="1170" HPOS="76" CONTENT="&amp;"/>
                  <SP HEIGHT="80" WIDTH="17" VPOS="1170" HPOS="162"/>
                  <String HEIGHT="80"
                          WIDTH="206"
                          VPOS="1170"
                          HPOS="110"
                          CONTENT="Commetor"/>
                  <SP HEIGHT="80" WIDTH="17" VPOS="1170" HPOS="316"/>
                  <String HEIGHT="80"
                          WIDTH="154"
                          VPOS="1170"
                          HPOS="265"
                          CONTENT="dicit"/>
                  <SP HEIGHT="80" WIDTH="17" VPOS="1170" HPOS="419"/>
                  <String HEIGHT="80"
                          WIDTH="172"
                          VPOS="1170"
                          HPOS="368"
                          CONTENT="super."/>
                  <SP HEIGHT="80" WIDTH="17" VPOS="1170" HPOS="539"/>
                  <String HEIGHT="80"
                          WIDTH="154"
                          VPOS="1170"
                          HPOS="488"
                          CONTENT="iiii."/>
                  <SP HEIGHT="80" WIDTH="17" VPOS="1170" HPOS="642"/>
                  <String HEIGHT="80"
                          WIDTH="120"
                          VPOS="1170"
                          HPOS="591"
                          CONTENT="Hoc"/>
                  <SP HEIGHT="80" WIDTH="17" VPOS="1170" HPOS="711"/>
                  <String HEIGHT="80"
                          WIDTH="154"
                          VPOS="1170"
                          HPOS="659"
                          CONTENT="nomen"/>
                  <SP HEIGHT="80" WIDTH="17" VPOS="1170" HPOS="814"/>
                  <String HEIGHT="80"
                          WIDTH="137"
                          VPOS="1170"
                          HPOS="762"
                          CONTENT="vnum"/>
                  <SP HEIGHT="80" WIDTH="17" VPOS="1170" HPOS="900"/>
                  <String HEIGHT="80"
                          WIDTH="240"
                          VPOS="1170"
                          HPOS="848"
                          CONTENT="significat"/>
                  <SP HEIGHT="80" WIDTH="17" VPOS="1170" HPOS="1088"/>
                  <String HEIGHT="80"
                          WIDTH="257"
                          VPOS="1170"
                          HPOS="1037"
                          CONTENT="negationem:"/>
                  <SP HEIGHT="80" WIDTH="17" VPOS="1170" HPOS="1294"/>
                  <String HEIGHT="80" WIDTH="86" VPOS="1170" HPOS="1243" CONTENT="&amp;"/>
                  <SP HEIGHT="80" WIDTH="17" VPOS="1170" HPOS="1329"/>
                  <String HEIGHT="80"
                          WIDTH="120"
                          VPOS="1170"
                          HPOS="1277"
                          CONTENT="est"/>
                  <SP HEIGHT="80" WIDTH="17" VPOS="1170" HPOS="1397"/>
                  <String HEIGHT="80"
                          WIDTH="206"
                          VPOS="1170"
                          HPOS="1346"
                          CONTENT="priuatio"/>
                  <SP HEIGHT="80" WIDTH="17" VPOS="1170" HPOS="1552"/>
                  <String HEIGHT="80"
                          WIDTH="309"
                          VPOS="1170"
                          HPOS="1483"
                          CONTENT="diuisibilitatis."/>
               </TextLine>
               <TextLine ID="r1l19"
                         BASELINE="1343"
                         HEIGHT="95"
                         WIDTH="1720"
                         VPOS="1248"
                         HPOS="97">
                  <String HEIGHT="95" WIDTH="118" VPOS="1248" HPOS="73" CONTENT=""/>
                  <SP HEIGHT="95" WIDTH="24" VPOS="1248" HPOS="191"/>
                  <String HEIGHT="95" WIDTH="141" VPOS="1248" HPOS="121" CONTENT="Ad"/>
                  <SP HEIGHT="95" WIDTH="24" VPOS="1248" HPOS="262"/>
                  <String HEIGHT="95"
                          WIDTH="236"
                          VPOS="1248"
                          HPOS="191"
                          CONTENT="primum"/>
                  <SP HEIGHT="95" WIDTH="24" VPOS="1248" HPOS="427"/>
                  <String HEIGHT="95"
                          WIDTH="236"
                          VPOS="1248"
                          HPOS="356"
                          CONTENT="igitur"/>
                  <SP HEIGHT="95" WIDTH="24" VPOS="1248" HPOS="592"/>
                  <String HEIGHT="95"
                          WIDTH="212"
                          VPOS="1248"
                          HPOS="521"
                          CONTENT="patet"/>
                  <SP HEIGHT="95" WIDTH="24" VPOS="1248" HPOS="733"/>
                  <String HEIGHT="95"
                          WIDTH="165"
                          VPOS="1248"
                          HPOS="662"
                          CONTENT="per"/>
                  <SP HEIGHT="95" WIDTH="24" VPOS="1248" HPOS="827"/>
                  <String HEIGHT="95"
                          WIDTH="165"
                          VPOS="1248"
                          HPOS="757"
                          CONTENT="iam"/>
                  <SP HEIGHT="95" WIDTH="24" VPOS="1248" HPOS="922"/>
                  <String HEIGHT="95"
                          WIDTH="236"
                          VPOS="1248"
                          HPOS="851"
                          CONTENT="dicta:"/>
                  <SP HEIGHT="95" WIDTH="24" VPOS="1248" HPOS="1087"/>
                  <String HEIGHT="95"
                          WIDTH="212"
                          VPOS="1248"
                          HPOS="1016"
                          CONTENT="licet"/>
                  <SP HEIGHT="95" WIDTH="24" VPOS="1248" HPOS="1228"/>
                  <String HEIGHT="95"
                          WIDTH="188"
                          VPOS="1248"
                          HPOS="1157"
                          CONTENT="enim"/>
                  <SP HEIGHT="95" WIDTH="24" VPOS="1248" HPOS="1346"/>
                  <String HEIGHT="95"
                          WIDTH="283"
                          VPOS="1248"
                          HPOS="1275"
                          CONTENT="secundum"/>
                  <SP HEIGHT="95" WIDTH="24" VPOS="1248" HPOS="1558"/>
                  <String HEIGHT="95"
                          WIDTH="212"
                          VPOS="1248"
                          HPOS="1487"
                          CONTENT="modum"/>
                  <SP HEIGHT="95" WIDTH="24" VPOS="1248" HPOS="1699"/>
                  <String HEIGHT="95"
                          WIDTH="212"
                          VPOS="1248"
                          HPOS="1605"
                          CONTENT="nominis"/>
               </TextLine>
               <TextLine ID="r1l20"
                         BASELINE="1403"
                         HEIGHT="70"
                         WIDTH="1709"
                         VPOS="1333"
                         HPOS="101">
                  <String HEIGHT="70"
                          WIDTH="129"
                          VPOS="1333"
                          HPOS="85"
                          CONTENT="vnum"/>
                  <SP HEIGHT="70" WIDTH="16" VPOS="1333" HPOS="214"/>
                  <String HEIGHT="70"
                          WIDTH="226"
                          VPOS="1333"
                          HPOS="165"
                          CONTENT="significat"/>
                  <SP HEIGHT="70" WIDTH="16" VPOS="1333" HPOS="391"/>
                  <String HEIGHT="70"
                          WIDTH="258"
                          VPOS="1333"
                          HPOS="343"
                          CONTENT="priuationem:"/>
                  <SP HEIGHT="70" WIDTH="16" VPOS="1333" HPOS="601"/>
                  <String HEIGHT="70"
                          WIDTH="129"
                          VPOS="1333"
                          HPOS="552"
                          CONTENT="quia"/>
                  <SP HEIGHT="70" WIDTH="16" VPOS="1333" HPOS="681"/>
                  <String HEIGHT="70"
                          WIDTH="145"
                          VPOS="1333"
                          HPOS="633"
                          CONTENT="tamen"/>
                  <SP HEIGHT="70" WIDTH="16" VPOS="1333" HPOS="778"/>
                  <String HEIGHT="70"
                          WIDTH="129"
                          VPOS="1333"
                          HPOS="730"
                          CONTENT="illa"/>
                  <SP HEIGHT="70" WIDTH="16" VPOS="1333" HPOS="859"/>
                  <String HEIGHT="70"
                          WIDTH="113"
                          VPOS="1333"
                          HPOS="810"
                          CONTENT="non"/>
                  <SP HEIGHT="70" WIDTH="16" VPOS="1333" HPOS="923"/>
                  <String HEIGHT="70"
                          WIDTH="113"
                          VPOS="1333"
                          HPOS="875"
                          CONTENT="est"/>
                  <SP HEIGHT="70" WIDTH="16" VPOS="1333" HPOS="988"/>
                  <String HEIGHT="70"
                          WIDTH="129"
                          VPOS="1333"
                          HPOS="939"
                          CONTENT="nisi"/>
                  <SP HEIGHT="70" WIDTH="16" VPOS="1333" HPOS="1068"/>
                  <String HEIGHT="70"
                          WIDTH="242"
                          VPOS="1333"
                          HPOS="1020"
                          CONTENT="negationis,"/>
                  <SP HEIGHT="70" WIDTH="16" VPOS="1333" HPOS="1262"/>
                  <String HEIGHT="70"
                          WIDTH="193"
                          VPOS="1333"
                          HPOS="1213"
                          CONTENT="secundum"/>
                  <SP HEIGHT="70" WIDTH="16" VPOS="1333" HPOS="1407"/>
                  <String HEIGHT="70"
                          WIDTH="113"
                          VPOS="1333"
                          HPOS="1359"
                          CONTENT="rem"/>
                  <SP HEIGHT="70" WIDTH="16" VPOS="1333" HPOS="1471"/>
                  <String HEIGHT="70"
                          WIDTH="177"
                          VPOS="1333"
                          HPOS="1423"
                          CONTENT="nominis"/>
                  <SP HEIGHT="70" WIDTH="16" VPOS="1333" HPOS="1600"/>
                  <String HEIGHT="70"
                          WIDTH="226"
                          VPOS="1333"
                          HPOS="1552"
                          CONTENT="significat"/>
                  <SP HEIGHT="70" WIDTH="16" VPOS="1333" HPOS="1778"/>
                  <String HEIGHT="70"
                          WIDTH="97"
                          VPOS="1333"
                          HPOS="1713"
                          CONTENT="vera"/>
               </TextLine>
               <TextLine ID="r1l21"
                         BASELINE="1449"
                         HEIGHT="60"
                         WIDTH="1727"
                         VPOS="1389"
                         HPOS="93">
                  <String HEIGHT="60"
                          WIDTH="240"
                          VPOS="1389"
                          HPOS="77"
                          CONTENT="positionem:"/>
                  <SP HEIGHT="60" WIDTH="16" VPOS="1389" HPOS="317"/>
                  <String HEIGHT="60"
                          WIDTH="176"
                          VPOS="1389"
                          HPOS="269"
                          CONTENT="propter"/>
                  <SP HEIGHT="60" WIDTH="16" VPOS="1389" HPOS="445"/>
                  <String HEIGHT="60"
                          WIDTH="128"
                          VPOS="1389"
                          HPOS="397"
                          CONTENT="quod"/>
                  <SP HEIGHT="60" WIDTH="16" VPOS="1389" HPOS="525"/>
                  <String HEIGHT="60"
                          WIDTH="128"
                          VPOS="1389"
                          HPOS="477"
                          CONTENT="bene"/>
                  <SP HEIGHT="60" WIDTH="16" VPOS="1389" HPOS="605"/>
                  <String HEIGHT="60"
                          WIDTH="192"
                          VPOS="1389"
                          HPOS="557"
                          CONTENT="convenit"/>
                  <SP HEIGHT="60" WIDTH="16" VPOS="1389" HPOS="749"/>
                  <String HEIGHT="60"
                          WIDTH="128"
                          VPOS="1389"
                          HPOS="701"
                          CONTENT="deo."/>
                  <SP HEIGHT="60" WIDTH="16" VPOS="1389" HPOS="829"/>
                  <String HEIGHT="60" WIDTH="96" VPOS="1389" HPOS="781" CONTENT="De"/>
                  <SP HEIGHT="60" WIDTH="16" VPOS="1389" HPOS="877"/>
                  <String HEIGHT="60" WIDTH="96" VPOS="1389" HPOS="829" CONTENT="eo"/>
                  <SP HEIGHT="60" WIDTH="16" VPOS="1389" HPOS="925"/>
                  <String HEIGHT="60"
                          WIDTH="144"
                          VPOS="1389"
                          HPOS="877"
                          CONTENT="autem"/>
                  <SP HEIGHT="60" WIDTH="16" VPOS="1389" HPOS="1020"/>
                  <String HEIGHT="60"
                          WIDTH="128"
                          VPOS="1389"
                          HPOS="972"
                          CONTENT="quod"/>
                  <SP HEIGHT="60" WIDTH="16" VPOS="1389" HPOS="1100"/>
                  <String HEIGHT="60"
                          WIDTH="144"
                          VPOS="1389"
                          HPOS="1052"
                          CONTENT="dicit"/>
                  <SP HEIGHT="60" WIDTH="16" VPOS="1389" HPOS="1196"/>
                  <String HEIGHT="60"
                          WIDTH="240"
                          VPOS="1389"
                          HPOS="1148"
                          CONTENT="priuationem"/>
                  <SP HEIGHT="60" WIDTH="16" VPOS="1389" HPOS="1388"/>
                  <String HEIGHT="60"
                          WIDTH="176"
                          VPOS="1389"
                          HPOS="1340"
                          CONTENT="habitus"/>
                  <SP HEIGHT="60" WIDTH="16" VPOS="1389" HPOS="1516"/>
                  <String HEIGHT="60"
                          WIDTH="112"
                          VPOS="1389"
                          HPOS="1468"
                          CONTENT="vel"/>
                  <SP HEIGHT="60" WIDTH="16" VPOS="1389" HPOS="1580"/>
                  <String HEIGHT="60"
                          WIDTH="192"
                          VPOS="1389"
                          HPOS="1532"
                          CONTENT="alicuius"/>
                  <SP HEIGHT="60" WIDTH="16" VPOS="1389" HPOS="1724"/>
                  <String HEIGHT="60"
                          WIDTH="160"
                          VPOS="1389"
                          HPOS="1660"
                          CONTENT="positiui"/>
               </TextLine>
               <TextLine ID="r1l22"
                         BASELINE="1501"
                         HEIGHT="56"
                         WIDTH="1716"
                         VPOS="1445"
                         HPOS="100">
                  <String HEIGHT="56"
                          WIDTH="247"
                          VPOS="1445"
                          HPOS="85"
                          CONTENT="intelligitur"/>
                  <SP HEIGHT="56" WIDTH="15" VPOS="1445" HPOS="332"/>
                  <String HEIGHT="56"
                          WIDTH="124"
                          VPOS="1445"
                          HPOS="286"
                          CONTENT="quod"/>
                  <SP HEIGHT="56" WIDTH="15" VPOS="1445" HPOS="409"/>
                  <String HEIGHT="56"
                          WIDTH="139"
                          VPOS="1445"
                          HPOS="363"
                          CONTENT="nulla"/>
                  <SP HEIGHT="56" WIDTH="15" VPOS="1445" HPOS="502"/>
                  <String HEIGHT="56"
                          WIDTH="186"
                          VPOS="1445"
                          HPOS="456"
                          CONTENT="priuatio"/>
                  <SP HEIGHT="56" WIDTH="15" VPOS="1445" HPOS="641"/>
                  <String HEIGHT="56"
                          WIDTH="139"
                          VPOS="1445"
                          HPOS="595"
                          CONTENT="cadit"/>
                  <SP HEIGHT="56" WIDTH="15" VPOS="1445" HPOS="734"/>
                  <String HEIGHT="56" WIDTH="93" VPOS="1445" HPOS="687" CONTENT="in"/>
                  <SP HEIGHT="56" WIDTH="15" VPOS="1445" HPOS="780"/>
                  <String HEIGHT="56"
                          WIDTH="124"
                          VPOS="1445"
                          HPOS="734"
                          CONTENT="deo."/>
                  <SP HEIGHT="56" WIDTH="15" VPOS="1445" HPOS="858"/>
                  <String HEIGHT="56" WIDTH="77" VPOS="1445" HPOS="811" CONTENT=""/>
                  <SP HEIGHT="56" WIDTH="15" VPOS="1445" HPOS="888"/>
                  <String HEIGHT="56" WIDTH="93" VPOS="1445" HPOS="842" CONTENT="Ad"/>
                  <SP HEIGHT="56" WIDTH="15" VPOS="1445" HPOS="935"/>
                  <String HEIGHT="56"
                          WIDTH="186"
                          VPOS="1445"
                          HPOS="888"
                          CONTENT="secundum"/>
                  <SP HEIGHT="56" WIDTH="15" VPOS="1445" HPOS="1074"/>
                  <String HEIGHT="56"
                          WIDTH="124"
                          VPOS="1445"
                          HPOS="1028"
                          CONTENT="quod"/>
                  <SP HEIGHT="56" WIDTH="15" VPOS="1445" HPOS="1151"/>
                  <String HEIGHT="56"
                          WIDTH="124"
                          VPOS="1445"
                          HPOS="1105"
                          CONTENT="vnum"/>
                  <SP HEIGHT="56" WIDTH="15" VPOS="1445" HPOS="1229"/>
                  <String HEIGHT="56"
                          WIDTH="139"
                          VPOS="1445"
                          HPOS="1182"
                          CONTENT="dicit"/>
                  <SP HEIGHT="56" WIDTH="15" VPOS="1445" HPOS="1321"/>
                  <String HEIGHT="56"
                          WIDTH="186"
                          VPOS="1445"
                          HPOS="1275"
                          CONTENT="rationem"/>
                  <SP HEIGHT="56" WIDTH="15" VPOS="1445" HPOS="1460"/>
                  <String HEIGHT="56"
                          WIDTH="247"
                          VPOS="1445"
                          HPOS="1414"
                          CONTENT="finitationis"/>
                  <SP HEIGHT="56" WIDTH="15" VPOS="1445" HPOS="1661"/>
                  <String HEIGHT="56" WIDTH="77" VPOS="1445" HPOS="1615" CONTENT="&amp;"/>
                  <SP HEIGHT="56" WIDTH="15" VPOS="1445" HPOS="1692"/>
                  <String HEIGHT="56"
                          WIDTH="186"
                          VPOS="1445"
                          HPOS="1630"
                          CONTENT="limitatio"
                          SUBS_TYPE="HypPart1"
                          SUBS_CONTENT="limitationis:"/>
                  <HYP CONTENT="-"/>
               </TextLine>
               <TextLine ID="r1l23"
                         BASELINE="1568"
                         HEIGHT="75"
                         WIDTH="1711"
                         VPOS="1493"
                         HPOS="104">
                  <String HEIGHT="75"
                          WIDTH="133"
                          VPOS="1493"
                          HPOS="87"
                          CONTENT="nis:"
                          SUBS_TYPE="HypPart2"
                          SUBS_CONTENT="limitationis:"/>
                  <SP HEIGHT="75" WIDTH="17" VPOS="1493" HPOS="220"/>
                  <String HEIGHT="75"
                          WIDTH="199"
                          VPOS="1493"
                          HPOS="170"
                          CONTENT="Dicendum"/>
                  <SP HEIGHT="75" WIDTH="17" VPOS="1493" HPOS="370"/>
                  <String HEIGHT="75"
                          WIDTH="133"
                          VPOS="1493"
                          HPOS="320"
                          CONTENT="quod"/>
                  <SP HEIGHT="75" WIDTH="17" VPOS="1493" HPOS="453"/>
                  <String HEIGHT="75"
                          WIDTH="150"
                          VPOS="1493"
                          HPOS="403"
                          CONTENT="sicut"/>
                  <SP HEIGHT="75" WIDTH="17" VPOS="1493" HPOS="553"/>
                  <String HEIGHT="75"
                          WIDTH="166"
                          VPOS="1493"
                          HPOS="503"
                          CONTENT="duplex"/>
                  <SP HEIGHT="75" WIDTH="17" VPOS="1493" HPOS="669"/>
                  <String HEIGHT="75"
                          WIDTH="116"
                          VPOS="1493"
                          HPOS="619"
                          CONTENT="est"/>
                  <SP HEIGHT="75" WIDTH="17" VPOS="1493" HPOS="735"/>
                  <String HEIGHT="75"
                          WIDTH="233"
                          VPOS="1493"
                          HPOS="685"
                          CONTENT="infinitum:"/>
                  <SP HEIGHT="75" WIDTH="17" VPOS="1493" HPOS="918"/>
                  <String HEIGHT="75"
                          WIDTH="133"
                          VPOS="1493"
                          HPOS="868"
                          CONTENT="vnum"/>
                  <SP HEIGHT="75" WIDTH="17" VPOS="1493" HPOS="1001"/>
                  <String HEIGHT="75"
                          WIDTH="249"
                          VPOS="1493"
                          HPOS="951"
                          CONTENT="multitudine"/>
                  <SP HEIGHT="75" WIDTH="17" VPOS="1493" HPOS="1200"/>
                  <String HEIGHT="75"
                          WIDTH="116"
                          VPOS="1493"
                          HPOS="1151"
                          CONTENT="vel"/>
                  <SP HEIGHT="75" WIDTH="17" VPOS="1493" HPOS="1267"/>
                  <String HEIGHT="75"
                          WIDTH="249"
                          VPOS="1493"
                          HPOS="1217"
                          CONTENT="extensione:"/>
                  <SP HEIGHT="75" WIDTH="17" VPOS="1493" HPOS="1466"/>
                  <String HEIGHT="75"
                          WIDTH="183"
                          VPOS="1493"
                          HPOS="1416"
                          CONTENT="alterum"/>
                  <SP HEIGHT="75" WIDTH="17" VPOS="1493" HPOS="1599"/>
                  <String HEIGHT="75"
                          WIDTH="199"
                          VPOS="1493"
                          HPOS="1549"
                          CONTENT="essentia"/>
                  <SP HEIGHT="75" WIDTH="17" VPOS="1493" HPOS="1749"/>
                  <String HEIGHT="75" WIDTH="83" VPOS="1493" HPOS="1699" CONTENT="&amp;"/>
                  <SP HEIGHT="75" WIDTH="17" VPOS="1493" HPOS="1782"/>
                  <String HEIGHT="75"
                          WIDTH="100"
                          VPOS="1493"
                          HPOS="1715"
                          CONTENT="vige"/>
               </TextLine>
               <TextLine ID="r1l24"
                         BASELINE="1617"
                         HEIGHT="64"
                         WIDTH="1724"
                         VPOS="1553"
                         HPOS="98">
                  <String HEIGHT="64" WIDTH="119" VPOS="1553" HPOS="81" CONTENT="re:"/>
                  <SP HEIGHT="64" WIDTH="17" VPOS="1553" HPOS="200"/>
                  <String HEIGHT="64"
                          WIDTH="119"
                          VPOS="1553"
                          HPOS="149"
                          CONTENT="Sic"/>
                  <SP HEIGHT="64" WIDTH="17" VPOS="1553" HPOS="269"/>
                  <String HEIGHT="64"
                          WIDTH="171"
                          VPOS="1553"
                          HPOS="217"
                          CONTENT="duplex"/>
                  <SP HEIGHT="64" WIDTH="17" VPOS="1553" HPOS="388"/>
                  <String HEIGHT="64"
                          WIDTH="119"
                          VPOS="1553"
                          HPOS="337"
                          CONTENT="est"/>
                  <SP HEIGHT="64" WIDTH="17" VPOS="1553" HPOS="456"/>
                  <String HEIGHT="64"
                          WIDTH="222"
                          VPOS="1553"
                          HPOS="405"
                          CONTENT="finitatio"/>
                  <SP HEIGHT="64" WIDTH="17" VPOS="1553" HPOS="627"/>
                  <String HEIGHT="64" WIDTH="85" VPOS="1553" HPOS="576" CONTENT="&amp;"/>
                  <SP HEIGHT="64" WIDTH="17" VPOS="1553" HPOS="661"/>
                  <String HEIGHT="64"
                          WIDTH="239"
                          VPOS="1553"
                          HPOS="610"
                          CONTENT="limitatio."/>
                  <SP HEIGHT="64" WIDTH="17" VPOS="1553" HPOS="849"/>
                  <String HEIGHT="64"
                          WIDTH="119"
                          VPOS="1553"
                          HPOS="798"
                          CONTENT="vna"/>
                  <SP HEIGHT="64" WIDTH="17" VPOS="1553" HPOS="917"/>
                  <String HEIGHT="64"
                          WIDTH="137"
                          VPOS="1553"
                          HPOS="866"
                          CONTENT="quae"/>
                  <SP HEIGHT="64" WIDTH="17" VPOS="1553" HPOS="1003"/>
                  <String HEIGHT="64"
                          WIDTH="222"
                          VPOS="1553"
                          HPOS="951"
                          CONTENT="opponitur"/>
                  <SP HEIGHT="64" WIDTH="17" VPOS="1553" HPOS="1173"/>
                  <String HEIGHT="64"
                          WIDTH="205"
                          VPOS="1553"
                          HPOS="1122"
                          CONTENT="infinito"/>
                  <SP HEIGHT="64" WIDTH="17" VPOS="1553" HPOS="1327"/>
                  <String HEIGHT="64" WIDTH="85" VPOS="1553" HPOS="1276" CONTENT="&amp;"/>
                  <SP HEIGHT="64" WIDTH="17" VPOS="1553" HPOS="1361"/>
                  <String HEIGHT="64"
                          WIDTH="239"
                          VPOS="1553"
                          HPOS="1310"
                          CONTENT="illimitato"/>
                  <SP HEIGHT="64" WIDTH="17" VPOS="1553" HPOS="1549"/>
                  <String HEIGHT="64"
                          WIDTH="256"
                          VPOS="1553"
                          HPOS="1498"
                          CONTENT="multitudine"/>
                  <SP HEIGHT="64" WIDTH="17" VPOS="1553" HPOS="1754"/>
                  <String HEIGHT="64"
                          WIDTH="119"
                          VPOS="1553"
                          HPOS="1703"
                          CONTENT="vel"/>
                  <SP HEIGHT="64" WIDTH="17" VPOS="1553" HPOS="1822"/>
                  <String HEIGHT="64" WIDTH="68" VPOS="1553" HPOS="1754" CONTENT="ex"/>
               </TextLine>
               <TextLine ID="r1l25"
                         BASELINE="1678"
                         HEIGHT="77"
                         WIDTH="1727"
                         VPOS="1601"
                         HPOS="99">
                  <String HEIGHT="77"
                          WIDTH="214"
                          VPOS="1601"
                          HPOS="83"
                          CONTENT="tensione."/>
                  <SP HEIGHT="77" WIDTH="16" VPOS="1601" HPOS="296"/>
                  <String HEIGHT="77"
                          WIDTH="164"
                          VPOS="1601"
                          HPOS="247"
                          CONTENT="altera"/>
                  <SP HEIGHT="77" WIDTH="16" VPOS="1601" HPOS="412"/>
                  <String HEIGHT="77"
                          WIDTH="132"
                          VPOS="1601"
                          HPOS="362"
                          CONTENT="quae"/>
                  <SP HEIGHT="77" WIDTH="16" VPOS="1601" HPOS="494"/>
                  <String HEIGHT="77"
                          WIDTH="214"
                          VPOS="1601"
                          HPOS="444"
                          CONTENT="opponitur"/>
                  <SP HEIGHT="77" WIDTH="16" VPOS="1601" HPOS="658"/>
                  <String HEIGHT="77"
                          WIDTH="197"
                          VPOS="1601"
                          HPOS="609"
                          CONTENT="infinito"/>
                  <SP HEIGHT="77" WIDTH="16" VPOS="1601" HPOS="806"/>
                  <String HEIGHT="77" WIDTH="82" VPOS="1601" HPOS="757" CONTENT="&amp;"/>
                  <SP HEIGHT="77" WIDTH="16" VPOS="1601" HPOS="839"/>
                  <String HEIGHT="77"
                          WIDTH="230"
                          VPOS="1601"
                          HPOS="790"
                          CONTENT="illimitato"/>
                  <SP HEIGHT="77" WIDTH="16" VPOS="1601" HPOS="1020"/>
                  <String HEIGHT="77"
                          WIDTH="197"
                          VPOS="1601"
                          HPOS="971"
                          CONTENT="essentia"/>
                  <SP HEIGHT="77" WIDTH="16" VPOS="1601" HPOS="1168"/>
                  <String HEIGHT="77" WIDTH="82" VPOS="1601" HPOS="1119" CONTENT="&amp;"/>
                  <SP HEIGHT="77" WIDTH="16" VPOS="1601" HPOS="1201"/>
                  <String HEIGHT="77"
                          WIDTH="181"
                          VPOS="1601"
                          HPOS="1152"
                          CONTENT="vigore."/>
                  <SP HEIGHT="77" WIDTH="16" VPOS="1601" HPOS="1333"/>
                  <String HEIGHT="77"
                          WIDTH="214"
                          VPOS="1601"
                          HPOS="1283"
                          CONTENT="Finitatio"/>
                  <SP HEIGHT="77" WIDTH="16" VPOS="1601" HPOS="1497"/>
                  <String HEIGHT="77" WIDTH="82" VPOS="1601" HPOS="1448" CONTENT="&amp;"/>
                  <SP HEIGHT="77" WIDTH="16" VPOS="1601" HPOS="1530"/>
                  <String HEIGHT="77"
                          WIDTH="214"
                          VPOS="1601"
                          HPOS="1481"
                          CONTENT="limitatio"/>
                  <SP HEIGHT="77" WIDTH="16" VPOS="1601" HPOS="1694"/>
                  <String HEIGHT="77"
                          WIDTH="181"
                          VPOS="1601"
                          HPOS="1645"
                          CONTENT="secundo"/>
                  <SP HEIGHT="77" WIDTH="16" VPOS="1601" HPOS="1826"/>
                  <String HEIGHT="77" WIDTH="66" VPOS="1601" HPOS="1760" CONTENT="mo"/>
               </TextLine>
               <TextLine ID="r1l26"
                         BASELINE="1723"
                         HEIGHT="68"
                         WIDTH="1737"
                         VPOS="1655"
                         HPOS="91">
                  <String HEIGHT="68" WIDTH="101" VPOS="1655" HPOS="74" CONTENT="do"/>
                  <SP HEIGHT="68" WIDTH="17" VPOS="1655" HPOS="175"/>
                  <String HEIGHT="68"
                          WIDTH="169"
                          VPOS="1655"
                          HPOS="125"
                          CONTENT="minime"/>
                  <SP HEIGHT="68" WIDTH="17" VPOS="1655" HPOS="293"/>
                  <String HEIGHT="68"
                          WIDTH="236"
                          VPOS="1655"
                          HPOS="243"
                          CONTENT="conveniunt"/>
                  <SP HEIGHT="68" WIDTH="17" VPOS="1655" HPOS="479"/>
                  <String HEIGHT="68"
                          WIDTH="135"
                          VPOS="1655"
                          HPOS="428"
                          CONTENT="deo:"/>
                  <SP HEIGHT="68" WIDTH="17" VPOS="1655" HPOS="563"/>
                  <String HEIGHT="68"
                          WIDTH="135"
                          VPOS="1655"
                          HPOS="513"
                          CONTENT="quia"/>
                  <SP HEIGHT="68" WIDTH="17" VPOS="1655" HPOS="648"/>
                  <String HEIGHT="68"
                          WIDTH="135"
                          VPOS="1655"
                          HPOS="597"
                          CONTENT="ipse"/>
                  <SP HEIGHT="68" WIDTH="17" VPOS="1655" HPOS="732"/>
                  <String HEIGHT="68"
                          WIDTH="118"
                          VPOS="1655"
                          HPOS="681"
                          CONTENT="est"/>
                  <SP HEIGHT="68" WIDTH="17" VPOS="1655" HPOS="799"/>
                  <String HEIGHT="68"
                          WIDTH="219"
                          VPOS="1655"
                          HPOS="749"
                          CONTENT="infinitus"/>
                  <SP HEIGHT="68" WIDTH="17" VPOS="1655" HPOS="968"/>
                  <String HEIGHT="68"
                          WIDTH="202"
                          VPOS="1655"
                          HPOS="917"
                          CONTENT="essentia"/>
                  <SP HEIGHT="68" WIDTH="17" VPOS="1655" HPOS="1120"/>
                  <String HEIGHT="68" WIDTH="84" VPOS="1655" HPOS="1069" CONTENT="&amp;"/>
                  <SP HEIGHT="68" WIDTH="17" VPOS="1655" HPOS="1153"/>
                  <String HEIGHT="68"
                          WIDTH="186"
                          VPOS="1655"
                          HPOS="1103"
                          CONTENT="vigore,"/>
                  <SP HEIGHT="68" WIDTH="17" VPOS="1655" HPOS="1288"/>
                  <String HEIGHT="68"
                          WIDTH="101"
                          VPOS="1655"
                          HPOS="1238"
                          CONTENT="vt"/>
                  <SP HEIGHT="68" WIDTH="17" VPOS="1655" HPOS="1339"/>
                  <String HEIGHT="68"
                          WIDTH="152"
                          VPOS="1655"
                          HPOS="1288"
                          CONTENT="infra"/>
                  <SP HEIGHT="68" WIDTH="17" VPOS="1655" HPOS="1440"/>
                  <String HEIGHT="68"
                          WIDTH="202"
                          VPOS="1655"
                          HPOS="1390"
                          CONTENT="patebit."/>
                  <SP HEIGHT="68" WIDTH="17" VPOS="1655" HPOS="1592"/>
                  <String HEIGHT="68"
                          WIDTH="219"
                          VPOS="1655"
                          HPOS="1541"
                          CONTENT="Finitatio"/>
                  <SP HEIGHT="68" WIDTH="17" VPOS="1655" HPOS="1761"/>
                  <String HEIGHT="68"
                          WIDTH="152"
                          VPOS="1655"
                          HPOS="1710"
                          CONTENT="autem"/>
                  <SP HEIGHT="68" WIDTH="17" VPOS="1655" HPOS="1862"/>
                  <String HEIGHT="68" WIDTH="34" VPOS="1655" HPOS="1794" CONTENT=""/>
               </TextLine>
               <TextLine ID="r1l27"
                         BASELINE="1778"
                         HEIGHT="65"
                         WIDTH="1724"
                         VPOS="1713"
                         HPOS="94">
                  <String HEIGHT="65" WIDTH="88" VPOS="1713" HPOS="76" CONTENT="&amp;"/>
                  <SP HEIGHT="65" WIDTH="18" VPOS="1713" HPOS="164"/>
                  <String HEIGHT="65"
                          WIDTH="229"
                          VPOS="1713"
                          HPOS="112"
                          CONTENT="limitatio"/>
                  <SP HEIGHT="65" WIDTH="18" VPOS="1713" HPOS="340"/>
                  <String HEIGHT="65"
                          WIDTH="158"
                          VPOS="1713"
                          HPOS="288"
                          CONTENT="primo"/>
                  <SP HEIGHT="65" WIDTH="18" VPOS="1713" HPOS="446"/>
                  <String HEIGHT="65"
                          WIDTH="141"
                          VPOS="1713"
                          HPOS="393"
                          CONTENT="modo"/>
                  <SP HEIGHT="65" WIDTH="18" VPOS="1713" HPOS="534"/>
                  <String HEIGHT="65"
                          WIDTH="176"
                          VPOS="1713"
                          HPOS="481"
                          CONTENT="maxime"/>
                  <SP HEIGHT="65" WIDTH="18" VPOS="1713" HPOS="657"/>
                  <String HEIGHT="65"
                          WIDTH="123"
                          VPOS="1713"
                          HPOS="604"
                          CONTENT="deo"/>
                  <SP HEIGHT="65" WIDTH="18" VPOS="1713" HPOS="727"/>
                  <String HEIGHT="65"
                          WIDTH="264"
                          VPOS="1713"
                          HPOS="675"
                          CONTENT="conueniunt:"/>
                  <SP HEIGHT="65" WIDTH="18" VPOS="1713" HPOS="938"/>
                  <String HEIGHT="65"
                          WIDTH="141"
                          VPOS="1713"
                          HPOS="886"
                          CONTENT="quia"/>
                  <SP HEIGHT="65" WIDTH="18" VPOS="1713" HPOS="1026"/>
                  <String HEIGHT="65"
                          WIDTH="229"
                          VPOS="1713"
                          HPOS="974"
                          CONTENT="infinitas"/>
                  <SP HEIGHT="65" WIDTH="18" VPOS="1713" HPOS="1202"/>
                  <String HEIGHT="65" WIDTH="88" VPOS="1713" HPOS="1150" CONTENT="&amp;"/>
                  <SP HEIGHT="65" WIDTH="18" VPOS="1713" HPOS="1237"/>
                  <String HEIGHT="65"
                          WIDTH="264"
                          VPOS="1713"
                          HPOS="1185"
                          CONTENT="illimitatio"/>
                  <SP HEIGHT="65" WIDTH="18" VPOS="1713" HPOS="1449"/>
                  <String HEIGHT="65"
                          WIDTH="141"
                          VPOS="1713"
                          HPOS="1396"
                          CONTENT="sunt"/>
                  <SP HEIGHT="65" WIDTH="18" VPOS="1713" HPOS="1537"/>
                  <String HEIGHT="65"
                          WIDTH="106"
                          VPOS="1713"
                          HPOS="1484"
                          CONTENT="ei"/>
                  <SP HEIGHT="65" WIDTH="18" VPOS="1713" HPOS="1589"/>
                  <String HEIGHT="65"
                          WIDTH="229"
                          VPOS="1713"
                          HPOS="1537"
                          CONTENT="oppositae"/>
                  <SP HEIGHT="65" WIDTH="18" VPOS="1713" HPOS="1765"/>
                  <String HEIGHT="65"
                          WIDTH="123"
                          VPOS="1713"
                          HPOS="1695"
                          CONTENT="secun"/>
               </TextLine>
               <TextLine ID="r1l28"
                         BASELINE="1835"
                         HEIGHT="58"
                         WIDTH="1740"
                         VPOS="1777"
                         HPOS="90">
                  <String HEIGHT="58" WIDTH="134" VPOS="1777" HPOS="71" CONTENT="dum"/>
                  <SP HEIGHT="58" WIDTH="19" VPOS="1777" HPOS="205"/>
                  <String HEIGHT="58"
                          WIDTH="210"
                          VPOS="1777"
                          HPOS="147"
                          CONTENT="partium"/>
                  <SP HEIGHT="58" WIDTH="19" VPOS="1777" HPOS="358"/>
                  <String HEIGHT="58"
                          WIDTH="402"
                          VPOS="1777"
                          HPOS="300"
                          CONTENT="multiplicationem:"/>
                  <SP HEIGHT="58" WIDTH="19" VPOS="1777" HPOS="702"/>
                  <String HEIGHT="58"
                          WIDTH="153"
                          VPOS="1777"
                          HPOS="645"
                          CONTENT="quae"/>
                  <SP HEIGHT="58" WIDTH="19" VPOS="1777" HPOS="797"/>
                  <String HEIGHT="58"
                          WIDTH="191"
                          VPOS="1777"
                          HPOS="740"
                          CONTENT="maxime"/>
                  <SP HEIGHT="58" WIDTH="19" VPOS="1777" HPOS="931"/>
                  <String HEIGHT="58"
                          WIDTH="134"
                          VPOS="1777"
                          HPOS="874"
                          CONTENT="deo"/>
                  <SP HEIGHT="58" WIDTH="19" VPOS="1777" HPOS="1008"/>
                  <String HEIGHT="58"
                          WIDTH="249"
                          VPOS="1777"
                          HPOS="950"
                          CONTENT="repugnat."/>
                  <SP HEIGHT="58" WIDTH="19" VPOS="1777" HPOS="1199"/>
                  <String HEIGHT="58"
                          WIDTH="115"
                          VPOS="1777"
                          HPOS="1142"
                          CONTENT="In"/>
                  <SP HEIGHT="58" WIDTH="19" VPOS="1777" HPOS="1256"/>
                  <String HEIGHT="58"
                          WIDTH="134"
                          VPOS="1777"
                          HPOS="1199"
                          CONTENT="hoc"/>
                  <SP HEIGHT="58" WIDTH="19" VPOS="1777" HPOS="1333"/>
                  <String HEIGHT="58"
                          WIDTH="153"
                          VPOS="1777"
                          HPOS="1275"
                          CONTENT="enim"/>
                  <SP HEIGHT="58" WIDTH="19" VPOS="1777" HPOS="1428"/>
                  <String HEIGHT="58"
                          WIDTH="191"
                          VPOS="1777"
                          HPOS="1371"
                          CONTENT="diuina"/>
                  <SP HEIGHT="58" WIDTH="19" VPOS="1777" HPOS="1562"/>
                  <String HEIGHT="58"
                          WIDTH="191"
                          VPOS="1777"
                          HPOS="1505"
                          CONTENT="natura"/>
                  <SP HEIGHT="58" WIDTH="19" VPOS="1777" HPOS="1696"/>
                  <String HEIGHT="58"
                          WIDTH="134"
                          VPOS="1777"
                          HPOS="1639"
                          CONTENT="est"/>
                  <SP HEIGHT="58" WIDTH="19" VPOS="1777" HPOS="1773"/>
                  <String HEIGHT="58"
                          WIDTH="134"
                          VPOS="1777"
                          HPOS="1696"
                          CONTENT="summe"/>
               </TextLine>
               <TextLine ID="r1l29"
                         BASELINE="1890"
                         HEIGHT="74"
                         WIDTH="1718"
                         VPOS="1816"
                         HPOS="98">
                  <String HEIGHT="74"
                          WIDTH="174"
                          VPOS="1816"
                          HPOS="81"
                          CONTENT="finita"/>
                  <SP HEIGHT="74" WIDTH="17" VPOS="1816" HPOS="254"/>
                  <String HEIGHT="74" WIDTH="87" VPOS="1816" HPOS="202" CONTENT="&amp;"/>
                  <SP HEIGHT="74" WIDTH="17" VPOS="1816" HPOS="289"/>
                  <String HEIGHT="74"
                          WIDTH="208"
                          VPOS="1816"
                          HPOS="237"
                          CONTENT="limitata"/>
                  <SP HEIGHT="74" WIDTH="17" VPOS="1816" HPOS="445"/>
                  <String HEIGHT="74"
                          WIDTH="139"
                          VPOS="1816"
                          HPOS="393"
                          CONTENT="quod"/>
                  <SP HEIGHT="74" WIDTH="17" VPOS="1816" HPOS="532"/>
                  <String HEIGHT="74"
                          WIDTH="121"
                          VPOS="1816"
                          HPOS="480"
                          CONTENT="est"/>
                  <SP HEIGHT="74" WIDTH="17" VPOS="1816" HPOS="601"/>
                  <String HEIGHT="74"
                          WIDTH="156"
                          VPOS="1816"
                          HPOS="549"
                          CONTENT="summe"/>
                  <SP HEIGHT="74" WIDTH="17" VPOS="1816" HPOS="705"/>
                  <String HEIGHT="74"
                          WIDTH="139"
                          VPOS="1816"
                          HPOS="653"
                          CONTENT="vna,"/>
                  <SP HEIGHT="74" WIDTH="17" VPOS="1816" HPOS="792"/>
                  <String HEIGHT="74"
                          WIDTH="156"
                          VPOS="1816"
                          HPOS="740"
                          CONTENT="summe"/>
                  <SP HEIGHT="74" WIDTH="17" VPOS="1816" HPOS="896"/>
                  <String HEIGHT="74"
                          WIDTH="208"
                          VPOS="1816"
                          HPOS="844"
                          CONTENT="simplex:"/>
                  <SP HEIGHT="74" WIDTH="17" VPOS="1816" HPOS="1052"/>
                  <String HEIGHT="74" WIDTH="87" VPOS="1816" HPOS="1000" CONTENT="&amp;"/>
                  <SP HEIGHT="74" WIDTH="17" VPOS="1816" HPOS="1087"/>
                  <String HEIGHT="74"
                          WIDTH="191"
                          VPOS="1816"
                          HPOS="1035"
                          CONTENT="idipsum"/>
                  <SP HEIGHT="74" WIDTH="17" VPOS="1816" HPOS="1226"/>
                  <String HEIGHT="74"
                          WIDTH="139"
                          VPOS="1816"
                          HPOS="1174"
                          CONTENT="sine"/>
                  <SP HEIGHT="74" WIDTH="17" VPOS="1816" HPOS="1313"/>
                  <String HEIGHT="74"
                          WIDTH="139"
                          VPOS="1816"
                          HPOS="1261"
                          CONTENT="omni"/>
                  <SP HEIGHT="74" WIDTH="17" VPOS="1816" HPOS="1400"/>
                  <String HEIGHT="74"
                          WIDTH="278"
                          VPOS="1816"
                          HPOS="1347"
                          CONTENT="diuersitate."/>
                  <SP HEIGHT="74" WIDTH="17" VPOS="1816" HPOS="1625"/>
                  <String HEIGHT="74"
                          WIDTH="208"
                          VPOS="1816"
                          HPOS="1573"
                          CONTENT="secundum"/>
                  <SP HEIGHT="74" WIDTH="17" VPOS="1816" HPOS="1781"/>
                  <String HEIGHT="74"
                          WIDTH="104"
                          VPOS="1816"
                          HPOS="1712"
                          CONTENT="quod"/>
               </TextLine>
               <TextLine ID="r1l30"
                         BASELINE="1925"
                         HEIGHT="50"
                         WIDTH="1728"
                         VPOS="1875"
                         HPOS="100">
                  <String HEIGHT="50"
                          WIDTH="162"
                          VPOS="1875"
                          HPOS="82"
                          CONTENT="dixit"/>
                  <SP HEIGHT="50" WIDTH="18" VPOS="1875" HPOS="244"/>
                  <String HEIGHT="50"
                          WIDTH="162"
                          VPOS="1875"
                          HPOS="190"
                          CONTENT="Dauid"/>
                  <SP HEIGHT="50" WIDTH="18" VPOS="1875" HPOS="352"/>
                  <String HEIGHT="50" WIDTH="108" VPOS="1875" HPOS="298" CONTENT="in"/>
                  <SP HEIGHT="50" WIDTH="18" VPOS="1875" HPOS="406"/>
                  <String HEIGHT="50"
                          WIDTH="162"
                          VPOS="1875"
                          HPOS="352"
                          CONTENT="Psal."/>
                  <SP HEIGHT="50" WIDTH="18" VPOS="1875" HPOS="514"/>
                  <String HEIGHT="50" WIDTH="108" VPOS="1875" HPOS="460" CONTENT="Tu"/>
                  <SP HEIGHT="50" WIDTH="18" VPOS="1875" HPOS="568"/>
                  <String HEIGHT="50"
                          WIDTH="162"
                          VPOS="1875"
                          HPOS="514"
                          CONTENT="autem"/>
                  <SP HEIGHT="50" WIDTH="18" VPOS="1875" HPOS="676"/>
                  <String HEIGHT="50"
                          WIDTH="144"
                          VPOS="1875"
                          HPOS="622"
                          CONTENT="idem"/>
                  <SP HEIGHT="50" WIDTH="18" VPOS="1875" HPOS="766"/>
                  <String HEIGHT="50"
                          WIDTH="144"
                          VPOS="1875"
                          HPOS="712"
                          CONTENT="ipse"/>
                  <SP HEIGHT="50" WIDTH="18" VPOS="1875" HPOS="856"/>
                  <String HEIGHT="50"
                          WIDTH="126"
                          VPOS="1875"
                          HPOS="802"
                          CONTENT="es."/>
                  <SP HEIGHT="50" WIDTH="18" VPOS="1875" HPOS="928"/>
                  <String HEIGHT="50"
                          WIDTH="198"
                          VPOS="1875"
                          HPOS="874"
                          CONTENT="Econtra"/>
                  <SP HEIGHT="50" WIDTH="18" VPOS="1875" HPOS="1072"/>
                  <String HEIGHT="50"
                          WIDTH="234"
                          VPOS="1875"
                          HPOS="1018"
                          CONTENT="infinitas"/>
                  <SP HEIGHT="50" WIDTH="18" VPOS="1875" HPOS="1252"/>
                  <String HEIGHT="50"
                          WIDTH="234"
                          VPOS="1875"
                          HPOS="1198"
                          CONTENT="numerorum"/>
                  <SP HEIGHT="50" WIDTH="18" VPOS="1875" HPOS="1432"/>
                  <String HEIGHT="50"
                          WIDTH="126"
                          VPOS="1875"
                          HPOS="1378"
                          CONTENT="per"/>
                  <SP HEIGHT="50" WIDTH="18" VPOS="1875" HPOS="1504"/>
                  <String HEIGHT="50"
                          WIDTH="306"
                          VPOS="1875"
                          HPOS="1450"
                          CONTENT="appositionem:"/>
                  <SP HEIGHT="50" WIDTH="18" VPOS="1875" HPOS="1756"/>
                  <String HEIGHT="50" WIDTH="90" VPOS="1875" HPOS="1702" CONTENT="&amp;"/>
                  <SP HEIGHT="50" WIDTH="18" VPOS="1875" HPOS="1792"/>
                  <String HEIGHT="50"
                          WIDTH="126"
                          VPOS="1875"
                          HPOS="1738"
                          CONTENT="ma-"/>
                  <SP HEIGHT="50" WIDTH="18" VPOS="1875" HPOS="1864"/>
                  <String HEIGHT="50" WIDTH="36" VPOS="1875" HPOS="1792" CONTENT=""/>
               </TextLine>
               <TextLine ID="r1l31"
                         BASELINE="1983"
                         HEIGHT="58"
                         WIDTH="1733"
                         VPOS="1925"
                         HPOS="93">
                  <String HEIGHT="58"
                          WIDTH="243"
                          VPOS="1925"
                          HPOS="76"
                          CONTENT="gnitudinis"/>
                  <SP HEIGHT="58" WIDTH="17" VPOS="1925" HPOS="318"/>
                  <String HEIGHT="58"
                          WIDTH="139"
                          VPOS="1925"
                          HPOS="266"
                          CONTENT="siue"/>
                  <SP HEIGHT="58" WIDTH="17" VPOS="1925" HPOS="405"/>
                  <String HEIGHT="58"
                          WIDTH="121"
                          VPOS="1925"
                          HPOS="353"
                          CONTENT="per"/>
                  <SP HEIGHT="58" WIDTH="17" VPOS="1925" HPOS="474"/>
                  <String HEIGHT="58"
                          WIDTH="277"
                          VPOS="1925"
                          HPOS="422"
                          CONTENT="appositionem"/>
                  <SP HEIGHT="58" WIDTH="17" VPOS="1925" HPOS="700"/>
                  <String HEIGHT="58"
                          WIDTH="139"
                          VPOS="1925"
                          HPOS="648"
                          CONTENT="siue"/>
                  <SP HEIGHT="58" WIDTH="17" VPOS="1925" HPOS="786"/>
                  <String HEIGHT="58"
                          WIDTH="121"
                          VPOS="1925"
                          HPOS="734"
                          CONTENT="per"/>
                  <SP HEIGHT="58" WIDTH="17" VPOS="1925" HPOS="856"/>
                  <String HEIGHT="58"
                          WIDTH="260"
                          VPOS="1925"
                          HPOS="804"
                          CONTENT="diuisionem,"/>
                  <SP HEIGHT="58" WIDTH="17" VPOS="1925" HPOS="1063"/>
                  <String HEIGHT="58"
                          WIDTH="156"
                          VPOS="1925"
                          HPOS="1011"
                          CONTENT="summe"/>
                  <SP HEIGHT="58" WIDTH="17" VPOS="1925" HPOS="1167"/>
                  <String HEIGHT="58"
                          WIDTH="243"
                          VPOS="1925"
                          HPOS="1115"
                          CONTENT="illimitata"/>
                  <SP HEIGHT="58" WIDTH="17" VPOS="1925" HPOS="1358"/>
                  <String HEIGHT="58" WIDTH="87" VPOS="1925" HPOS="1306" CONTENT="&amp;"/>
                  <SP HEIGHT="58" WIDTH="17" VPOS="1925" HPOS="1393"/>
                  <String HEIGHT="58"
                          WIDTH="208"
                          VPOS="1925"
                          HPOS="1341"
                          CONTENT="infinita"/>
                  <SP HEIGHT="58" WIDTH="17" VPOS="1925" HPOS="1549"/>
                  <String HEIGHT="58"
                          WIDTH="121"
                          VPOS="1925"
                          HPOS="1497"
                          CONTENT="est"/>
                  <SP HEIGHT="58" WIDTH="17" VPOS="1925" HPOS="1618"/>
                  <String HEIGHT="58"
                          WIDTH="191"
                          VPOS="1925"
                          HPOS="1566"
                          CONTENT="propter"/>
                  <SP HEIGHT="58" WIDTH="17" VPOS="1925" HPOS="1757"/>
                  <String HEIGHT="58"
                          WIDTH="139"
                          VPOS="1925"
                          HPOS="1687"
                          CONTENT="summam"/>
               </TextLine>
               <TextLine ID="r1l32"
                         BASELINE="2037"
                         HEIGHT="57"
                         WIDTH="1735"
                         VPOS="1980"
                         HPOS="97">
                  <String HEIGHT="57"
                          WIDTH="189"
                          VPOS="1980"
                          HPOS="80"
                          CONTENT="partium"/>
                  <SP HEIGHT="57" WIDTH="17" VPOS="1980" HPOS="269"/>
                  <String HEIGHT="57"
                          WIDTH="275"
                          VPOS="1980"
                          HPOS="217"
                          CONTENT="multitudinem"/>
                  <SP HEIGHT="57" WIDTH="17" VPOS="1980" HPOS="492"/>
                  <String HEIGHT="57" WIDTH="86" VPOS="1980" HPOS="441" CONTENT="&amp;"/>
                  <SP HEIGHT="57" WIDTH="17" VPOS="1980" HPOS="526"/>
                  <String HEIGHT="57"
                          WIDTH="275"
                          VPOS="1980"
                          HPOS="475"
                          CONTENT="diuersitatem"/>
                  <SP HEIGHT="57" WIDTH="17" VPOS="1980" HPOS="750"/>
                  <String HEIGHT="57" WIDTH="86" VPOS="1980" HPOS="698" CONTENT="&amp;"/>
                  <SP HEIGHT="57" WIDTH="17" VPOS="1980" HPOS="784"/>
                  <String HEIGHT="57"
                          WIDTH="223"
                          VPOS="1980"
                          HPOS="733"
                          CONTENT="carentiam"/>
                  <SP HEIGHT="57" WIDTH="17" VPOS="1980" HPOS="956"/>
                  <String HEIGHT="57"
                          WIDTH="206"
                          VPOS="1980"
                          HPOS="904"
                          CONTENT="vnitatis"/>
                  <SP HEIGHT="57" WIDTH="17" VPOS="1980" HPOS="1111"/>
                  <String HEIGHT="57"
                          WIDTH="155"
                          VPOS="1980"
                          HPOS="1059"
                          CONTENT="atque"/>
                  <SP HEIGHT="57" WIDTH="17" VPOS="1980" HPOS="1214"/>
                  <String HEIGHT="57"
                          WIDTH="309"
                          VPOS="1980"
                          HPOS="1162"
                          CONTENT="simplicitatis."/>
                  <SP HEIGHT="57" WIDTH="17" VPOS="1980" HPOS="1471"/>
                  <String HEIGHT="57"
                          WIDTH="137"
                          VPOS="1980"
                          HPOS="1420"
                          CONTENT="Vnum"/>
                  <SP HEIGHT="57" WIDTH="17" VPOS="1980" HPOS="1557"/>
                  <String HEIGHT="57"
                          WIDTH="155"
                          VPOS="1980"
                          HPOS="1506"
                          CONTENT="autem"/>
                  <SP HEIGHT="57" WIDTH="17" VPOS="1980" HPOS="1660"/>
                  <String HEIGHT="57"
                          WIDTH="240"
                          VPOS="1980"
                          HPOS="1592"
                          CONTENT="finitationem"/>
               </TextLine>
               <TextLine ID="r1l33"
                         BASELINE="2093"
                         HEIGHT="58"
                         WIDTH="1740"
                         VPOS="2035"
                         HPOS="94">
                  <String HEIGHT="58" WIDTH="84" VPOS="2035" HPOS="77" CONTENT="&amp;"/>
                  <SP HEIGHT="58" WIDTH="17" VPOS="2035" HPOS="162"/>
                  <String HEIGHT="58"
                          WIDTH="270"
                          VPOS="2035"
                          HPOS="111"
                          CONTENT="limitationem"/>
                  <SP HEIGHT="58" WIDTH="17" VPOS="2035" HPOS="381"/>
                  <String HEIGHT="58"
                          WIDTH="118"
                          VPOS="2035"
                          HPOS="331"
                          CONTENT="non"/>
                  <SP HEIGHT="58" WIDTH="17" VPOS="2035" HPOS="449"/>
                  <String HEIGHT="58"
                          WIDTH="152"
                          VPOS="2035"
                          HPOS="398"
                          CONTENT="dicit"/>
                  <SP HEIGHT="58" WIDTH="17" VPOS="2035" HPOS="550"/>
                  <String HEIGHT="58"
                          WIDTH="135"
                          VPOS="2035"
                          HPOS="499"
                          CONTENT="nisi"/>
                  <SP HEIGHT="58" WIDTH="17" VPOS="2035" HPOS="635"/>
                  <String HEIGHT="58"
                          WIDTH="220"
                          VPOS="2035"
                          HPOS="584"
                          CONTENT="oppositam"/>
                  <SP HEIGHT="58" WIDTH="17" VPOS="2035" HPOS="804"/>
                  <String HEIGHT="58"
                          WIDTH="135"
                          VPOS="2035"
                          HPOS="753"
                          CONTENT="tali"/>
                  <SP HEIGHT="58" WIDTH="17" VPOS="2035" HPOS="888"/>
                  <String HEIGHT="58"
                          WIDTH="237"
                          VPOS="2035"
                          HPOS="837"
                          CONTENT="infinitati"/>
                  <SP HEIGHT="58" WIDTH="17" VPOS="2035" HPOS="1074"/>
                  <String HEIGHT="58" WIDTH="84" VPOS="2035" HPOS="1023" CONTENT="&amp;"/>
                  <SP HEIGHT="58" WIDTH="17" VPOS="2035" HPOS="1108"/>
                  <String HEIGHT="58"
                          WIDTH="287"
                          VPOS="2035"
                          HPOS="1057"
                          CONTENT="illimitationi"/>
                  <SP HEIGHT="58" WIDTH="17" VPOS="2035" HPOS="1344"/>
                  <String HEIGHT="58"
                          WIDTH="118"
                          VPOS="2035"
                          HPOS="1293"
                          CONTENT="per"/>
                  <SP HEIGHT="58" WIDTH="17" VPOS="2035" HPOS="1412"/>
                  <String HEIGHT="58"
                          WIDTH="270"
                          VPOS="2035"
                          HPOS="1361"
                          CONTENT="appositionem"/>
                  <SP HEIGHT="58" WIDTH="17" VPOS="2035" HPOS="1631"/>
                  <String HEIGHT="58"
                          WIDTH="118"
                          VPOS="2035"
                          HPOS="1581"
                          CONTENT="vel"/>
                  <SP HEIGHT="58" WIDTH="17" VPOS="2035" HPOS="1699"/>
                  <String HEIGHT="58"
                          WIDTH="203"
                          VPOS="2035"
                          HPOS="1631"
                          CONTENT="diuisionem"/>
               </TextLine>
               <TextLine ID="r1l34"
                         BASELINE="2141"
                         HEIGHT="58"
                         WIDTH="1737"
                         VPOS="2083"
                         HPOS="93">
                  <String HEIGHT="58"
                          WIDTH="211"
                          VPOS="2083"
                          HPOS="75"
                          CONTENT="partium:"/>
                  <SP HEIGHT="58" WIDTH="18" VPOS="2083" HPOS="286"/>
                  <String HEIGHT="58"
                          WIDTH="123"
                          VPOS="2083"
                          HPOS="233"
                          CONTENT="non"/>
                  <SP HEIGHT="58" WIDTH="18" VPOS="2083" HPOS="356"/>
                  <String HEIGHT="58"
                          WIDTH="140"
                          VPOS="2083"
                          HPOS="304"
                          CONTENT="illi"/>
                  <SP HEIGHT="58" WIDTH="18" VPOS="2083" HPOS="444"/>
                  <String HEIGHT="58"
                          WIDTH="140"
                          VPOS="2083"
                          HPOS="391"
                          CONTENT="quae"/>
                  <SP HEIGHT="58" WIDTH="18" VPOS="2083" HPOS="532"/>
                  <String HEIGHT="58"
                          WIDTH="123"
                          VPOS="2083"
                          HPOS="479"
                          CONTENT="est"/>
                  <SP HEIGHT="58" WIDTH="18" VPOS="2083" HPOS="602"/>
                  <String HEIGHT="58"
                          WIDTH="123"
                          VPOS="2083"
                          HPOS="549"
                          CONTENT="per"/>
                  <SP HEIGHT="58" WIDTH="18" VPOS="2083" HPOS="672"/>
                  <String HEIGHT="58"
                          WIDTH="228"
                          VPOS="2083"
                          HPOS="619"
                          CONTENT="essentiam"/>
                  <SP HEIGHT="58" WIDTH="18" VPOS="2083" HPOS="847"/>
                  <String HEIGHT="58" WIDTH="88" VPOS="2083" HPOS="795" CONTENT="&amp;"/>
                  <SP HEIGHT="58" WIDTH="18" VPOS="2083" HPOS="883"/>
                  <String HEIGHT="58"
                          WIDTH="211"
                          VPOS="2083"
                          HPOS="830"
                          CONTENT="vigorem:"/>
                  <SP HEIGHT="58" WIDTH="18" VPOS="2083" HPOS="1040"/>
                  <String HEIGHT="58"
                          WIDTH="140"
                          VPOS="2083"
                          HPOS="988"
                          CONTENT="immo"/>
                  <SP HEIGHT="58" WIDTH="18" VPOS="2083" HPOS="1128"/>
                  <String HEIGHT="58"
                          WIDTH="175"
                          VPOS="2083"
                          HPOS="1076"
                          CONTENT="causat"/>
                  <SP HEIGHT="58" WIDTH="18" VPOS="2083" HPOS="1251"/>
                  <String HEIGHT="58"
                          WIDTH="175"
                          VPOS="2083"
                          HPOS="1198"
                          CONTENT="illam:"/>
                  <SP HEIGHT="58" WIDTH="18" VPOS="2083" HPOS="1374"/>
                  <String HEIGHT="58"
                          WIDTH="140"
                          VPOS="2083"
                          HPOS="1321"
                          CONTENT="quia"/>
                  <SP HEIGHT="58" WIDTH="18" VPOS="2083" HPOS="1462"/>
                  <String HEIGHT="58"
                          WIDTH="158"
                          VPOS="2083"
                          HPOS="1409"
                          CONTENT="omnis"/>
                  <SP HEIGHT="58" WIDTH="18" VPOS="2083" HPOS="1567"/>
                  <String HEIGHT="58"
                          WIDTH="175"
                          VPOS="2083"
                          HPOS="1514"
                          CONTENT="virtus"/>
                  <SP HEIGHT="58" WIDTH="18" VPOS="2083" HPOS="1690"/>
                  <String HEIGHT="58"
                          WIDTH="158"
                          VPOS="2083"
                          HPOS="1637"
                          CONTENT="vnita"/>
                  <SP HEIGHT="58" WIDTH="18" VPOS="2083" HPOS="1795"/>
                  <String HEIGHT="58"
                          WIDTH="105"
                          VPOS="2083"
                          HPOS="1725"
                          CONTENT="plus"/>
               </TextLine>
               <TextLine ID="r1l35"
                         BASELINE="2195"
                         HEIGHT="57"
                         WIDTH="1735"
                         VPOS="2138"
                         HPOS="105">
                  <String HEIGHT="57" WIDTH="111" VPOS="2138" HPOS="89" CONTENT="est"/>
                  <SP HEIGHT="57" WIDTH="16" VPOS="2138" HPOS="201"/>
                  <String HEIGHT="57"
                          WIDTH="191"
                          VPOS="2138"
                          HPOS="153"
                          CONTENT="infinita"/>
                  <SP HEIGHT="57" WIDTH="16" VPOS="2138" HPOS="344"/>
                  <String HEIGHT="57"
                          WIDTH="127"
                          VPOS="2138"
                          HPOS="296"
                          CONTENT="quam"/>
                  <SP HEIGHT="57" WIDTH="16" VPOS="2138" HPOS="423"/>
                  <String HEIGHT="57"
                          WIDTH="207"
                          VPOS="2138"
                          HPOS="376"
                          CONTENT="separata,"/>
                  <SP HEIGHT="57" WIDTH="16" VPOS="2138" HPOS="583"/>
                  <String HEIGHT="57" WIDTH="96" VPOS="2138" HPOS="535" CONTENT="vt"/>
                  <SP HEIGHT="57" WIDTH="16" VPOS="2138" HPOS="630"/>
                  <String HEIGHT="57"
                          WIDTH="175"
                          VPOS="2138"
                          HPOS="583"
                          CONTENT="dicitur"/>
                  <SP HEIGHT="57" WIDTH="16" VPOS="2138" HPOS="758"/>
                  <String HEIGHT="57" WIDTH="96" VPOS="2138" HPOS="710" CONTENT="in"/>
                  <SP HEIGHT="57" WIDTH="16" VPOS="2138" HPOS="805"/>
                  <String HEIGHT="57"
                          WIDTH="143"
                          VPOS="2138"
                          HPOS="758"
                          CONTENT="libro"/>
                  <SP HEIGHT="57" WIDTH="16" VPOS="2138" HPOS="901"/>
                  <String HEIGHT="57" WIDTH="96" VPOS="2138" HPOS="853" CONTENT="de"/>
                  <SP HEIGHT="57" WIDTH="16" VPOS="2138" HPOS="949"/>
                  <String HEIGHT="57"
                          WIDTH="175"
                          VPOS="2138"
                          HPOS="901"
                          CONTENT="causis:"/>
                  <SP HEIGHT="57" WIDTH="16" VPOS="2138" HPOS="1076"/>
                  <String HEIGHT="57" WIDTH="80" VPOS="2138" HPOS="1028" CONTENT="&amp;"/>
                  <SP HEIGHT="57" WIDTH="16" VPOS="2138" HPOS="1108"/>
                  <String HEIGHT="57"
                          WIDTH="191"
                          VPOS="2138"
                          HPOS="1060"
                          CONTENT="causatur"/>
                  <SP HEIGHT="57" WIDTH="16" VPOS="2138" HPOS="1251"/>
                  <String HEIGHT="57" WIDTH="96" VPOS="2138" HPOS="1203" CONTENT="ab"/>
                  <SP HEIGHT="57" WIDTH="16" VPOS="2138" HPOS="1299"/>
                  <String HEIGHT="57"
                          WIDTH="175"
                          VPOS="2138"
                          HPOS="1251"
                          CONTENT="vnitate"/>
                  <SP HEIGHT="57" WIDTH="16" VPOS="2138" HPOS="1426"/>
                  <String HEIGHT="57"
                          WIDTH="287"
                          VPOS="2138"
                          HPOS="1378"
                          CONTENT="simplicitatis:"/>
                  <SP HEIGHT="57" WIDTH="16" VPOS="2138" HPOS="1665"/>
                  <String HEIGHT="57" WIDTH="80" VPOS="2138" HPOS="1617" CONTENT="&amp;"/>
                  <SP HEIGHT="57" WIDTH="16" VPOS="2138" HPOS="1697"/>
                  <String HEIGHT="57"
                          WIDTH="111"
                          VPOS="2138"
                          HPOS="1649"
                          CONTENT="ita"/>
                  <SP HEIGHT="57" WIDTH="16" VPOS="2138" HPOS="1760"/>
                  <String HEIGHT="57" WIDTH="80" VPOS="2138" HPOS="1713" CONTENT="a"/>
                  <SP HEIGHT="57" WIDTH="16" VPOS="2138" HPOS="1792"/>
                  <String HEIGHT="57"
                          WIDTH="111"
                          VPOS="2138"
                          HPOS="1729"
                          CONTENT="caren"/>
               </TextLine>
               <TextLine ID="r1l36"
                         BASELINE="2257"
                         HEIGHT="68"
                         WIDTH="1744"
                         VPOS="2189"
                         HPOS="90">
                  <String HEIGHT="68" WIDTH="123" VPOS="2189" HPOS="72" CONTENT="tia"/>
                  <SP HEIGHT="68" WIDTH="18" VPOS="2189" HPOS="196"/>
                  <String HEIGHT="68"
                          WIDTH="299"
                          VPOS="2189"
                          HPOS="143"
                          CONTENT="diuersitatis:"/>
                  <SP HEIGHT="68" WIDTH="18" VPOS="2189" HPOS="442"/>
                  <String HEIGHT="68"
                          WIDTH="141"
                          VPOS="2189"
                          HPOS="389"
                          CONTENT="quae"/>
                  <SP HEIGHT="68" WIDTH="18" VPOS="2189" HPOS="530"/>
                  <String HEIGHT="68"
                          WIDTH="176"
                          VPOS="2189"
                          HPOS="478"
                          CONTENT="causat"/>
                  <SP HEIGHT="68" WIDTH="18" VPOS="2189" HPOS="654"/>
                  <String HEIGHT="68"
                          WIDTH="176"
                          VPOS="2189"
                          HPOS="601"
                          CONTENT="dictam"/>
                  <SP HEIGHT="68" WIDTH="18" VPOS="2189" HPOS="777"/>
                  <String HEIGHT="68"
                          WIDTH="264"
                          VPOS="2189"
                          HPOS="724"
                          CONTENT="infinitatem"/>
                  <SP HEIGHT="68" WIDTH="18" VPOS="2189" HPOS="988"/>
                  <String HEIGHT="68" WIDTH="88" VPOS="2189" HPOS="936" CONTENT="&amp;"/>
                  <SP HEIGHT="68" WIDTH="18" VPOS="2189" HPOS="1024"/>
                  <String HEIGHT="68"
                          WIDTH="335"
                          VPOS="2189"
                          HPOS="971"
                          CONTENT="illimitationem,"/>
                  <SP HEIGHT="68" WIDTH="18" VPOS="2189" HPOS="1306"/>
                  <String HEIGHT="68"
                          WIDTH="141"
                          VPOS="2189"
                          HPOS="1253"
                          CONTENT="quae"/>
                  <SP HEIGHT="68" WIDTH="18" VPOS="2189" HPOS="1394"/>
                  <String HEIGHT="68"
                          WIDTH="123"
                          VPOS="2189"
                          HPOS="1341"
                          CONTENT="deo"/>
                  <SP HEIGHT="68" WIDTH="18" VPOS="2189" HPOS="1464"/>
                  <String HEIGHT="68"
                          WIDTH="123"
                          VPOS="2189"
                          HPOS="1411"
                          CONTENT="non"/>
                  <SP HEIGHT="68" WIDTH="18" VPOS="2189" HPOS="1535"/>
                  <String HEIGHT="68"
                          WIDTH="229"
                          VPOS="2189"
                          HPOS="1482"
                          CONTENT="conuenit."/>
                  <SP HEIGHT="68" WIDTH="18" VPOS="2189" HPOS="1711"/>
                  <String HEIGHT="68"
                          WIDTH="211"
                          VPOS="2189"
                          HPOS="1658"
                          CONTENT="secundum"/>
                  <SP HEIGHT="68" WIDTH="18" VPOS="2189" HPOS="1869"/>
                  <String HEIGHT="68" WIDTH="35" VPOS="2189" HPOS="1799" CONTENT=""/>
               </TextLine>
               <TextLine ID="r1l37"
                         BASELINE="2304"
                         HEIGHT="58"
                         WIDTH="1737"
                         VPOS="2246"
                         HPOS="96">
                  <String HEIGHT="58"
                          WIDTH="125"
                          VPOS="2246"
                          HPOS="80"
                          CONTENT="quod"/>
                  <SP HEIGHT="58" WIDTH="16" VPOS="2246" HPOS="206"/>
                  <String HEIGHT="58"
                          WIDTH="141"
                          VPOS="2246"
                          HPOS="159"
                          CONTENT="dicit"/>
                  <SP HEIGHT="58" WIDTH="16" VPOS="2246" HPOS="299"/>
                  <String HEIGHT="58"
                          WIDTH="188"
                          VPOS="2246"
                          HPOS="252"
                          CONTENT="Boethius"/>
                  <SP HEIGHT="58" WIDTH="16" VPOS="2246" HPOS="440"/>
                  <String HEIGHT="58" WIDTH="94" VPOS="2246" HPOS="393" CONTENT="de"/>
                  <SP HEIGHT="58" WIDTH="16" VPOS="2246" HPOS="487"/>
                  <String HEIGHT="58"
                          WIDTH="219"
                          VPOS="2246"
                          HPOS="440"
                          CONTENT="trinitate."/>
                  <SP HEIGHT="58" WIDTH="16" VPOS="2246" HPOS="659"/>
                  <String HEIGHT="58" WIDTH="94" VPOS="2246" HPOS="612" CONTENT="In"/>
                  <SP HEIGHT="58" WIDTH="16" VPOS="2246" HPOS="706"/>
                  <String HEIGHT="58"
                          WIDTH="110"
                          VPOS="2246"
                          HPOS="659"
                          CONTENT="deo"/>
                  <SP HEIGHT="58" WIDTH="16" VPOS="2246" HPOS="769"/>
                  <String HEIGHT="58"
                          WIDTH="141"
                          VPOS="2246"
                          HPOS="722"
                          CONTENT="nulla"/>
                  <SP HEIGHT="58" WIDTH="16" VPOS="2246" HPOS="863"/>
                  <String HEIGHT="58"
                          WIDTH="110"
                          VPOS="2246"
                          HPOS="816"
                          CONTENT="est"/>
                  <SP HEIGHT="58" WIDTH="16" VPOS="2246" HPOS="925"/>
                  <String HEIGHT="58"
                          WIDTH="235"
                          VPOS="2246"
                          HPOS="878"
                          CONTENT="diuersitas."/>
                  <SP HEIGHT="58" WIDTH="16" VPOS="2246" HPOS="1113"/>
                  <String HEIGHT="58"
                          WIDTH="110"
                          VPOS="2246"
                          HPOS="1066"
                          CONTENT="Non"/>
                  <SP HEIGHT="58" WIDTH="16" VPOS="2246" HPOS="1176"/>
                  <String HEIGHT="58"
                          WIDTH="110"
                          VPOS="2246"
                          HPOS="1129"
                          CONTENT="est"/>
                  <SP HEIGHT="58" WIDTH="16" VPOS="2246" HPOS="1238"/>
                  <String HEIGHT="58"
                          WIDTH="141"
                          VPOS="2246"
                          HPOS="1191"
                          CONTENT="autem"/>
                  <SP HEIGHT="58" WIDTH="16" VPOS="2246" HPOS="1332"/>
                  <String HEIGHT="58"
                          WIDTH="219"
                          VPOS="2246"
                          HPOS="1285"
                          CONTENT="pluralitas"/>
                  <SP HEIGHT="58" WIDTH="16" VPOS="2246" HPOS="1504"/>
                  <String HEIGHT="58"
                          WIDTH="125"
                          VPOS="2246"
                          HPOS="1457"
                          CONTENT="fine"/>
                  <SP HEIGHT="58" WIDTH="16" VPOS="2246" HPOS="1583"/>
                  <String HEIGHT="58"
                          WIDTH="250"
                          VPOS="2246"
                          HPOS="1536"
                          CONTENT="diuersitate:"/>
                  <SP HEIGHT="58" WIDTH="16" VPOS="2246" HPOS="1786"/>
                  <String HEIGHT="58"
                          WIDTH="110"
                          VPOS="2246"
                          HPOS="1723"
                          CONTENT="quare"/>
               </TextLine>
               <TextLine ID="r1l38"
                         BASELINE="2354"
                         HEIGHT="55"
                         WIDTH="1728"
                         VPOS="2299"
                         HPOS="94">
                  <String HEIGHT="55" WIDTH="121" VPOS="2299" HPOS="77" CONTENT="nec"/>
                  <SP HEIGHT="55" WIDTH="17" VPOS="2299" HPOS="198"/>
                  <String HEIGHT="55"
                          WIDTH="190"
                          VPOS="2299"
                          HPOS="146"
                          CONTENT="numerus"/>
                  <SP HEIGHT="55" WIDTH="17" VPOS="2299" HPOS="336"/>
                  <String HEIGHT="55"
                          WIDTH="121"
                          VPOS="2299"
                          HPOS="284"
                          CONTENT="est"/>
                  <SP HEIGHT="55" WIDTH="17" VPOS="2299" HPOS="405"/>
                  <String HEIGHT="55" WIDTH="104" VPOS="2299" HPOS="353" CONTENT="in"/>
                  <SP HEIGHT="55" WIDTH="17" VPOS="2299" HPOS="457"/>
                  <String HEIGHT="55"
                          WIDTH="138"
                          VPOS="2299"
                          HPOS="405"
                          CONTENT="deo:"/>
                  <SP HEIGHT="55" WIDTH="17" VPOS="2299" HPOS="543"/>
                  <String HEIGHT="55"
                          WIDTH="121"
                          VPOS="2299"
                          HPOS="491"
                          CONTENT="sed"/>
                  <SP HEIGHT="55" WIDTH="17" VPOS="2299" HPOS="612"/>
                  <String HEIGHT="55"
                          WIDTH="173"
                          VPOS="2299"
                          HPOS="561"
                          CONTENT="vnitas"/>
                  <SP HEIGHT="55" WIDTH="17" VPOS="2299" HPOS="733"/>
                  <String HEIGHT="55"
                          WIDTH="190"
                          VPOS="2299"
                          HPOS="682"
                          CONTENT="tantum."/>
                  <SP HEIGHT="55" WIDTH="17" VPOS="2299" HPOS="872"/>
                  <String HEIGHT="55" WIDTH="86" VPOS="2299" HPOS="820" CONTENT=""/>
                  <SP HEIGHT="55" WIDTH="17" VPOS="2299" HPOS="906"/>
                  <String HEIGHT="55" WIDTH="104" VPOS="2299" HPOS="854" CONTENT="Ad"/>
                  <SP HEIGHT="55" WIDTH="17" VPOS="2299" HPOS="958"/>
                  <String HEIGHT="55"
                          WIDTH="190"
                          VPOS="2299"
                          HPOS="906"
                          CONTENT="tertium"/>
                  <SP HEIGHT="55" WIDTH="17" VPOS="2299" HPOS="1096"/>
                  <String HEIGHT="55"
                          WIDTH="138"
                          VPOS="2299"
                          HPOS="1044"
                          CONTENT="quod"/>
                  <SP HEIGHT="55" WIDTH="17" VPOS="2299" HPOS="1183"/>
                  <String HEIGHT="55"
                          WIDTH="173"
                          VPOS="2299"
                          HPOS="1131"
                          CONTENT="vnitas"/>
                  <SP HEIGHT="55" WIDTH="17" VPOS="2299" HPOS="1304"/>
                  <String HEIGHT="55"
                          WIDTH="207"
                          VPOS="2299"
                          HPOS="1252"
                          CONTENT="accidens"/>
                  <SP HEIGHT="55" WIDTH="17" VPOS="2299" HPOS="1459"/>
                  <String HEIGHT="55"
                          WIDTH="138"
                          VPOS="2299"
                          HPOS="1407"
                          CONTENT="est:"/>
                  <SP HEIGHT="55" WIDTH="17" VPOS="2299" HPOS="1546"/>
                  <String HEIGHT="55" WIDTH="86" VPOS="2299" HPOS="1494" CONTENT="&amp;"/>
                  <SP HEIGHT="55" WIDTH="17" VPOS="2299" HPOS="1580"/>
                  <String HEIGHT="55"
                          WIDTH="156"
                          VPOS="2299"
                          HPOS="1528"
                          CONTENT="simul"/>
                  <SP HEIGHT="55" WIDTH="17" VPOS="2299" HPOS="1684"/>
                  <String HEIGHT="55"
                          WIDTH="104"
                          VPOS="2299"
                          HPOS="1632"
                          CONTENT="ad"/>
                  <SP HEIGHT="55" WIDTH="17" VPOS="2299" HPOS="1736"/>
                  <String HEIGHT="55"
                          WIDTH="156"
                          VPOS="2299"
                          HPOS="1666"
                          CONTENT="quartum"/>
               </TextLine>
               <TextLine ID="r1l39"
                         BASELINE="2416"
                         HEIGHT="63"
                         WIDTH="1716"
                         VPOS="2353"
                         HPOS="105">
                  <String HEIGHT="63"
                          WIDTH="136"
                          VPOS="2353"
                          HPOS="88"
                          CONTENT="quod"/>
                  <SP HEIGHT="63" WIDTH="17" VPOS="2353" HPOS="224"/>
                  <String HEIGHT="63"
                          WIDTH="136"
                          VPOS="2353"
                          HPOS="173"
                          CONTENT="vnum"/>
                  <SP HEIGHT="63" WIDTH="17" VPOS="2353" HPOS="309"/>
                  <String HEIGHT="63"
                          WIDTH="119"
                          VPOS="2353"
                          HPOS="258"
                          CONTENT="est"/>
                  <SP HEIGHT="63" WIDTH="17" VPOS="2353" HPOS="377"/>
                  <String HEIGHT="63"
                          WIDTH="221"
                          VPOS="2353"
                          HPOS="326"
                          CONTENT="diuisiuum"/>
                  <SP HEIGHT="63" WIDTH="17" VPOS="2353" HPOS="547"/>
                  <String HEIGHT="63"
                          WIDTH="153"
                          VPOS="2353"
                          HPOS="496"
                          CONTENT="entis"/>
                  <SP HEIGHT="63" WIDTH="17" VPOS="2353" HPOS="649"/>
                  <String HEIGHT="63"
                          WIDTH="136"
                          VPOS="2353"
                          HPOS="598"
                          CONTENT="quod"/>
                  <SP HEIGHT="63" WIDTH="17" VPOS="2353" HPOS="734"/>
                  <String HEIGHT="63"
                          WIDTH="187"
                          VPOS="2353"
                          HPOS="683"
                          CONTENT="commune"/>
                  <SP HEIGHT="63" WIDTH="17" VPOS="2353" HPOS="870"/>
                  <String HEIGHT="63"
                          WIDTH="119"
                          VPOS="2353"
                          HPOS="819"
                          CONTENT="est"/>
                  <SP HEIGHT="63" WIDTH="17" VPOS="2353" HPOS="938"/>
                  <String HEIGHT="63" WIDTH="102" VPOS="2353" HPOS="887" CONTENT="ad"/>
                  <SP HEIGHT="63" WIDTH="17" VPOS="2353" HPOS="988"/>
                  <String HEIGHT="63"
                          WIDTH="153"
                          VPOS="2353"
                          HPOS="938"
                          CONTENT="decem"/>
                  <SP HEIGHT="63" WIDTH="17" VPOS="2353" HPOS="1090"/>
                  <String HEIGHT="63"
                          WIDTH="306"
                          VPOS="2353"
                          HPOS="1039"
                          CONTENT="praedicamenta:"/>
                  <SP HEIGHT="63" WIDTH="17" VPOS="2353" HPOS="1345"/>
                  <String HEIGHT="63"
                          WIDTH="204"
                          VPOS="2353"
                          HPOS="1294"
                          CONTENT="Dicendum"/>
                  <SP HEIGHT="63" WIDTH="17" VPOS="2353" HPOS="1498"/>
                  <String HEIGHT="63"
                          WIDTH="136"
                          VPOS="2353"
                          HPOS="1447"
                          CONTENT="quod"/>
                  <SP HEIGHT="63" WIDTH="17" VPOS="2353" HPOS="1583"/>
                  <String HEIGHT="63"
                          WIDTH="187"
                          VPOS="2353"
                          HPOS="1532"
                          CONTENT="triplex"/>
                  <SP HEIGHT="63" WIDTH="17" VPOS="2353" HPOS="1719"/>
                  <String HEIGHT="63"
                          WIDTH="119"
                          VPOS="2353"
                          HPOS="1668"
                          CONTENT="est"/>
                  <SP HEIGHT="63" WIDTH="17" VPOS="2353" HPOS="1787"/>
                  <String HEIGHT="63"
                          WIDTH="102"
                          VPOS="2353"
                          HPOS="1719"
                          CONTENT="vnum"/>
               </TextLine>
               <TextLine ID="r1l40"
                         BASELINE="2462"
                         HEIGHT="57"
                         WIDTH="1720"
                         VPOS="2405"
                         HPOS="102">
                  <String HEIGHT="57"
                          WIDTH="199"
                          VPOS="2405"
                          HPOS="84"
                          CONTENT="quoddam"/>
                  <SP HEIGHT="57" WIDTH="18" VPOS="2405" HPOS="283"/>
                  <String HEIGHT="57"
                          WIDTH="145"
                          VPOS="2405"
                          HPOS="229"
                          CONTENT="quod"/>
                  <SP HEIGHT="57" WIDTH="18" VPOS="2405" HPOS="374"/>
                  <String HEIGHT="57"
                          WIDTH="272"
                          VPOS="2405"
                          HPOS="319"
                          CONTENT="conuertitur"/>
                  <SP HEIGHT="57" WIDTH="18" VPOS="2405" HPOS="591"/>
                  <String HEIGHT="57"
                          WIDTH="127"
                          VPOS="2405"
                          HPOS="537"
                          CONTENT="cum"/>
                  <SP HEIGHT="57" WIDTH="18" VPOS="2405" HPOS="663"/>
                  <String HEIGHT="57"
                          WIDTH="163"
                          VPOS="2405"
                          HPOS="609"
                          CONTENT="ente:"/>
                  <SP HEIGHT="57" WIDTH="18" VPOS="2405" HPOS="772"/>
                  <String HEIGHT="57"
                          WIDTH="127"
                          VPOS="2405"
                          HPOS="718"
                          CONTENT="non"/>
                  <SP HEIGHT="57" WIDTH="18" VPOS="2405" HPOS="844"/>
                  <String HEIGHT="57"
                          WIDTH="163"
                          VPOS="2405"
                          HPOS="790"
                          CONTENT="solum"/>
                  <SP HEIGHT="57" WIDTH="18" VPOS="2405" HPOS="953"/>
                  <String HEIGHT="57"
                          WIDTH="127"
                          VPOS="2405"
                          HPOS="899"
                          CONTENT="cum"/>
                  <SP HEIGHT="57" WIDTH="18" VPOS="2405" HPOS="1025"/>
                  <String HEIGHT="57"
                          WIDTH="145"
                          VPOS="2405"
                          HPOS="971"
                          CONTENT="illo"/>
                  <SP HEIGHT="57" WIDTH="18" VPOS="2405" HPOS="1116"/>
                  <String HEIGHT="57"
                          WIDTH="145"
                          VPOS="2405"
                          HPOS="1062"
                          CONTENT="quod"/>
                  <SP HEIGHT="57" WIDTH="18" VPOS="2405" HPOS="1206"/>
                  <String HEIGHT="57"
                          WIDTH="127"
                          VPOS="2405"
                          HPOS="1152"
                          CONTENT="est"/>
                  <SP HEIGHT="57" WIDTH="18" VPOS="2405" HPOS="1279"/>
                  <String HEIGHT="57"
                          WIDTH="217"
                          VPOS="2405"
                          HPOS="1225"
                          CONTENT="analogum"/>
                  <SP HEIGHT="57" WIDTH="18" VPOS="2405" HPOS="1442"/>
                  <String HEIGHT="57"
                          WIDTH="109"
                          VPOS="2405"
                          HPOS="1387"
                          CONTENT="ad"/>
                  <SP HEIGHT="57" WIDTH="18" VPOS="2405" HPOS="1496"/>
                  <String HEIGHT="57"
                          WIDTH="163"
                          VPOS="2405"
                          HPOS="1442"
                          CONTENT="decem"/>
                  <SP HEIGHT="57" WIDTH="18" VPOS="2405" HPOS="1605"/>
                  <String HEIGHT="57"
                          WIDTH="290"
                          VPOS="2405"
                          HPOS="1532"
                          CONTENT="praedicamentas"/>
               </TextLine>
               <TextLine ID="r1l41"
                         BASELINE="2522"
                         HEIGHT="65"
                         WIDTH="1716"
                         VPOS="2457"
                         HPOS="105">
                  <String HEIGHT="65" WIDTH="118" VPOS="2457" HPOS="88" CONTENT="sed"/>
                  <SP HEIGHT="65" WIDTH="17" VPOS="2457" HPOS="206"/>
                  <String HEIGHT="65"
                          WIDTH="151"
                          VPOS="2457"
                          HPOS="155"
                          CONTENT="etiam"/>
                  <SP HEIGHT="65" WIDTH="17" VPOS="2457" HPOS="307"/>
                  <String HEIGHT="65"
                          WIDTH="118"
                          VPOS="2457"
                          HPOS="256"
                          CONTENT="cum"/>
                  <SP HEIGHT="65" WIDTH="17" VPOS="2457" HPOS="374"/>
                  <String HEIGHT="65"
                          WIDTH="135"
                          VPOS="2457"
                          HPOS="324"
                          CONTENT="illo"/>
                  <SP HEIGHT="65" WIDTH="17" VPOS="2457" HPOS="458"/>
                  <String HEIGHT="65"
                          WIDTH="135"
                          VPOS="2457"
                          HPOS="408"
                          CONTENT="quod"/>
                  <SP HEIGHT="65" WIDTH="17" VPOS="2457" HPOS="542"/>
                  <String HEIGHT="65"
                          WIDTH="118"
                          VPOS="2457"
                          HPOS="492"
                          CONTENT="est"/>
                  <SP HEIGHT="65" WIDTH="17" VPOS="2457" HPOS="610"/>
                  <String HEIGHT="65"
                          WIDTH="202"
                          VPOS="2457"
                          HPOS="559"
                          CONTENT="analogum"/>
                  <SP HEIGHT="65" WIDTH="17" VPOS="2457" HPOS="761"/>
                  <String HEIGHT="65"
                          WIDTH="202"
                          VPOS="2457"
                          HPOS="711"
                          CONTENT="creatori"/>
                  <SP HEIGHT="65" WIDTH="17" VPOS="2457" HPOS="913"/>
                  <String HEIGHT="65" WIDTH="84" VPOS="2457" HPOS="862" CONTENT="&amp;"/>
                  <SP HEIGHT="65" WIDTH="17" VPOS="2457" HPOS="946"/>
                  <String HEIGHT="65"
                          WIDTH="236"
                          VPOS="2457"
                          HPOS="896"
                          CONTENT="creaturae:"/>
                  <SP HEIGHT="65" WIDTH="17" VPOS="2457" HPOS="1131"/>
                  <String HEIGHT="65" WIDTH="84" VPOS="2457" HPOS="1081" CONTENT="&amp;"/>
                  <SP HEIGHT="65" WIDTH="17" VPOS="2457" HPOS="1165"/>
                  <String HEIGHT="65"
                          WIDTH="135"
                          VPOS="2457"
                          HPOS="1114"
                          CONTENT="tali"/>
                  <SP HEIGHT="65" WIDTH="17" VPOS="2457" HPOS="1249"/>
                  <String HEIGHT="65"
                          WIDTH="185"
                          VPOS="2457"
                          HPOS="1199"
                          CONTENT="vnitate"/>
                  <SP HEIGHT="65" WIDTH="17" VPOS="2457" HPOS="1384"/>
                  <String HEIGHT="65"
                          WIDTH="219"
                          VPOS="2457"
                          HPOS="1333"
                          CONTENT="quaelibet"/>
                  <SP HEIGHT="65" WIDTH="17" VPOS="2457" HPOS="1552"/>
                  <String HEIGHT="65"
                          WIDTH="118"
                          VPOS="2457"
                          HPOS="1501"
                          CONTENT="res"/>
                  <SP HEIGHT="65" WIDTH="17" VPOS="2457" HPOS="1619"/>
                  <String HEIGHT="65"
                          WIDTH="118"
                          VPOS="2457"
                          HPOS="1569"
                          CONTENT="est"/>
                  <SP HEIGHT="65" WIDTH="17" VPOS="2457" HPOS="1686"/>
                  <String HEIGHT="65"
                          WIDTH="135"
                          VPOS="2457"
                          HPOS="1636"
                          CONTENT="vna,"/>
                  <SP HEIGHT="65" WIDTH="17" VPOS="2457" HPOS="1771"/>
                  <String HEIGHT="65"
                          WIDTH="118"
                          VPOS="2457"
                          HPOS="1703"
                          CONTENT="sicut"/>
               </TextLine>
               <TextLine ID="r1l42"
                         BASELINE="2571"
                         HEIGHT="56"
                         WIDTH="1724"
                         VPOS="2515"
                         HPOS="106">
                  <String HEIGHT="56" WIDTH="87" VPOS="2515" HPOS="89" CONTENT="&amp;"/>
                  <SP HEIGHT="56" WIDTH="17" VPOS="2515" HPOS="176"/>
                  <String HEIGHT="56"
                          WIDTH="122"
                          VPOS="2515"
                          HPOS="123"
                          CONTENT="ens"/>
                  <SP HEIGHT="56" WIDTH="17" VPOS="2515" HPOS="245"/>
                  <String HEIGHT="56"
                          WIDTH="122"
                          VPOS="2515"
                          HPOS="193"
                          CONTENT="per"/>
                  <SP HEIGHT="56" WIDTH="17" VPOS="2515" HPOS="315"/>
                  <String HEIGHT="56"
                          WIDTH="139"
                          VPOS="2515"
                          HPOS="263"
                          CONTENT="suam"/>
                  <SP HEIGHT="56" WIDTH="17" VPOS="2515" HPOS="402"/>
                  <String HEIGHT="56"
                          WIDTH="261"
                          VPOS="2515"
                          HPOS="350"
                          CONTENT="substantiam"/>
                  <SP HEIGHT="56" WIDTH="17" VPOS="2515" HPOS="611"/>
                  <String HEIGHT="56"
                          WIDTH="122"
                          VPOS="2515"
                          HPOS="559"
                          CONTENT="non"/>
                  <SP HEIGHT="56" WIDTH="17" VPOS="2515" HPOS="681"/>
                  <String HEIGHT="56"
                          WIDTH="122"
                          VPOS="2515"
                          HPOS="628"
                          CONTENT="per"/>
                  <SP HEIGHT="56" WIDTH="17" VPOS="2515" HPOS="750"/>
                  <String HEIGHT="56"
                          WIDTH="192"
                          VPOS="2515"
                          HPOS="698"
                          CONTENT="aliquid"/>
                  <SP HEIGHT="56" WIDTH="17" VPOS="2515" HPOS="890"/>
                  <String HEIGHT="56"
                          WIDTH="192"
                          VPOS="2515"
                          HPOS="837"
                          CONTENT="additum"/>
                  <SP HEIGHT="56" WIDTH="17" VPOS="2515" HPOS="1029"/>
                  <String HEIGHT="56"
                          WIDTH="122"
                          VPOS="2515"
                          HPOS="977"
                          CONTENT="ei."/>
                  <SP HEIGHT="56" WIDTH="17" VPOS="2515" HPOS="1099"/>
                  <String HEIGHT="56"
                          WIDTH="104"
                          VPOS="2515"
                          HPOS="1046"
                          CONTENT="Si"/>
                  <SP HEIGHT="56" WIDTH="17" VPOS="2515" HPOS="1151"/>
                  <String HEIGHT="56"
                          WIDTH="139"
                          VPOS="2515"
                          HPOS="1099"
                          CONTENT="enim"/>
                  <SP HEIGHT="56" WIDTH="17" VPOS="2515" HPOS="1238"/>
                  <String HEIGHT="56"
                          WIDTH="122"
                          VPOS="2515"
                          HPOS="1186"
                          CONTENT="res"/>
                  <SP HEIGHT="56" WIDTH="17" VPOS="2515" HPOS="1308"/>
                  <String HEIGHT="56"
                          WIDTH="157"
                          VPOS="2515"
                          HPOS="1255"
                          CONTENT="esset"/>
                  <SP HEIGHT="56" WIDTH="17" VPOS="2515" HPOS="1412"/>
                  <String HEIGHT="56"
                          WIDTH="122"
                          VPOS="2515"
                          HPOS="1360"
                          CONTENT="vna"/>
                  <SP HEIGHT="56" WIDTH="17" VPOS="2515" HPOS="1482"/>
                  <String HEIGHT="56"
                          WIDTH="122"
                          VPOS="2515"
                          HPOS="1429"
                          CONTENT="per"/>
                  <SP HEIGHT="56" WIDTH="17" VPOS="2515" HPOS="1551"/>
                  <String HEIGHT="56"
                          WIDTH="192"
                          VPOS="2515"
                          HPOS="1499"
                          CONTENT="aliquid"/>
                  <SP HEIGHT="56" WIDTH="17" VPOS="2515" HPOS="1691"/>
                  <String HEIGHT="56"
                          WIDTH="192"
                          VPOS="2515"
                          HPOS="1638"
                          CONTENT="additum"/>
                  <SP HEIGHT="56" WIDTH="17" VPOS="2515" HPOS="1830"/>
                  <String HEIGHT="56" WIDTH="70" VPOS="2515" HPOS="1760" CONTENT="ei"/>
               </TextLine>
               <TextLine ID="r1l43"
                         BASELINE="2629"
                         HEIGHT="60"
                         WIDTH="1742"
                         VPOS="2569"
                         HPOS="93">
                  <String HEIGHT="60" WIDTH="117" VPOS="2569" HPOS="76" CONTENT="tum"/>
                  <SP HEIGHT="60" WIDTH="17" VPOS="2569" HPOS="194"/>
                  <String HEIGHT="60"
                          WIDTH="151"
                          VPOS="2569"
                          HPOS="143"
                          CONTENT="illud"/>
                  <SP HEIGHT="60" WIDTH="17" VPOS="2569" HPOS="294"/>
                  <String HEIGHT="60"
                          WIDTH="184"
                          VPOS="2569"
                          HPOS="244"
                          CONTENT="additum"/>
                  <SP HEIGHT="60" WIDTH="17" VPOS="2569" HPOS="428"/>
                  <String HEIGHT="60"
                          WIDTH="134"
                          VPOS="2569"
                          HPOS="378"
                          CONTENT="quod"/>
                  <SP HEIGHT="60" WIDTH="17" VPOS="2569" HPOS="512"/>
                  <String HEIGHT="60"
                          WIDTH="151"
                          VPOS="2569"
                          HPOS="462"
                          CONTENT="facit"/>
                  <SP HEIGHT="60" WIDTH="17" VPOS="2569" HPOS="612"/>
                  <String HEIGHT="60"
                          WIDTH="151"
                          VPOS="2569"
                          HPOS="562"
                          CONTENT="aliud"/>
                  <SP HEIGHT="60" WIDTH="17" VPOS="2569" HPOS="713"/>
                  <String HEIGHT="60"
                          WIDTH="134"
                          VPOS="2569"
                          HPOS="663"
                          CONTENT="esse"/>
                  <SP HEIGHT="60" WIDTH="17" VPOS="2569" HPOS="797"/>
                  <String HEIGHT="60"
                          WIDTH="151"
                          VPOS="2569"
                          HPOS="746"
                          CONTENT="vnum,"/>
                  <SP HEIGHT="60" WIDTH="17" VPOS="2569" HPOS="897"/>
                  <String HEIGHT="60"
                          WIDTH="184"
                          VPOS="2569"
                          HPOS="847"
                          CONTENT="oportet"/>
                  <SP HEIGHT="60" WIDTH="17" VPOS="2569" HPOS="1031"/>
                  <String HEIGHT="60"
                          WIDTH="134"
                          VPOS="2569"
                          HPOS="981"
                          CONTENT="quod"/>
                  <SP HEIGHT="60" WIDTH="17" VPOS="2569" HPOS="1115"/>
                  <String HEIGHT="60"
                          WIDTH="117"
                          VPOS="2569"
                          HPOS="1065"
                          CONTENT="sit"/>
                  <SP HEIGHT="60" WIDTH="17" VPOS="2569" HPOS="1182"/>
                  <String HEIGHT="60"
                          WIDTH="101"
                          VPOS="2569"
                          HPOS="1132"
                          CONTENT="in"/>
                  <SP HEIGHT="60" WIDTH="17" VPOS="2569" HPOS="1232"/>
                  <String HEIGHT="60"
                          WIDTH="101"
                          VPOS="2569"
                          HPOS="1182"
                          CONTENT="se"/>
                  <SP HEIGHT="60" WIDTH="17" VPOS="2569" HPOS="1282"/>
                  <String HEIGHT="60"
                          WIDTH="151"
                          VPOS="2569"
                          HPOS="1232"
                          CONTENT="vnum:"/>
                  <SP HEIGHT="60" WIDTH="17" VPOS="2569" HPOS="1383"/>
                  <String HEIGHT="60" WIDTH="84" VPOS="2569" HPOS="1333" CONTENT="&amp;"/>
                  <SP HEIGHT="60" WIDTH="17" VPOS="2569" HPOS="1416"/>
                  <String HEIGHT="60"
                          WIDTH="117"
                          VPOS="2569"
                          HPOS="1366"
                          CONTENT="ita"/>
                  <SP HEIGHT="60" WIDTH="17" VPOS="2569" HPOS="1483"/>
                  <String HEIGHT="60"
                          WIDTH="117"
                          VPOS="2569"
                          HPOS="1433"
                          CONTENT="per"/>
                  <SP HEIGHT="60" WIDTH="17" VPOS="2569" HPOS="1550"/>
                  <String HEIGHT="60"
                          WIDTH="184"
                          VPOS="2569"
                          HPOS="1500"
                          CONTENT="aliquid"/>
                  <SP HEIGHT="60" WIDTH="17" VPOS="2569" HPOS="1684"/>
                  <String HEIGHT="60"
                          WIDTH="151"
                          VPOS="2569"
                          HPOS="1634"
                          CONTENT="aliud"/>
                  <SP HEIGHT="60" WIDTH="17" VPOS="2569" HPOS="1785"/>
                  <String HEIGHT="60"
                          WIDTH="134"
                          VPOS="2569"
                          HPOS="1735"
                          CONTENT="addi"/>
                  <SP HEIGHT="60" WIDTH="17" VPOS="2569" HPOS="1869"/>
                  <String HEIGHT="60" WIDTH="34" VPOS="2569" HPOS="1802" CONTENT=""/>
               </TextLine>
               <TextLine ID="r1l44"
                         BASELINE="2680"
                         HEIGHT="59"
                         WIDTH="1718"
                         VPOS="2621"
                         HPOS="104">
                  <String HEIGHT="59" WIDTH="107" VPOS="2621" HPOS="89" CONTENT="tum"/>
                  <SP HEIGHT="59" WIDTH="15" VPOS="2621" HPOS="196"/>
                  <String HEIGHT="59"
                          WIDTH="107"
                          VPOS="2621"
                          HPOS="150"
                          CONTENT="ei:"/>
                  <SP HEIGHT="59" WIDTH="15" VPOS="2621" HPOS="257"/>
                  <String HEIGHT="59" WIDTH="92" VPOS="2621" HPOS="211" CONTENT="si"/>
                  <SP HEIGHT="59" WIDTH="15" VPOS="2621" HPOS="303"/>
                  <String HEIGHT="59"
                          WIDTH="107"
                          VPOS="2621"
                          HPOS="257"
                          CONTENT="non"/>
                  <SP HEIGHT="59" WIDTH="15" VPOS="2621" HPOS="365"/>
                  <String HEIGHT="59"
                          WIDTH="107"
                          VPOS="2621"
                          HPOS="319"
                          CONTENT="sit"/>
                  <SP HEIGHT="59" WIDTH="15" VPOS="2621" HPOS="426"/>
                  <String HEIGHT="59"
                          WIDTH="123"
                          VPOS="2621"
                          HPOS="380"
                          CONTENT="vnum"/>
                  <SP HEIGHT="59" WIDTH="15" VPOS="2621" HPOS="503"/>
                  <String HEIGHT="59"
                          WIDTH="107"
                          VPOS="2621"
                          HPOS="457"
                          CONTENT="per"/>
                  <SP HEIGHT="59" WIDTH="15" VPOS="2621" HPOS="564"/>
                  <String HEIGHT="59"
                          WIDTH="123"
                          VPOS="2621"
                          HPOS="518"
                          CONTENT="suam"/>
                  <SP HEIGHT="59" WIDTH="15" VPOS="2621" HPOS="641"/>
                  <String HEIGHT="59"
                          WIDTH="245"
                          VPOS="2621"
                          HPOS="595"
                          CONTENT="substantiam:"/>
                  <SP HEIGHT="59" WIDTH="15" VPOS="2621" HPOS="840"/>
                  <String HEIGHT="59" WIDTH="77" VPOS="2621" HPOS="794" CONTENT="&amp;"/>
                  <SP HEIGHT="59" WIDTH="15" VPOS="2621" HPOS="871"/>
                  <String HEIGHT="59"
                          WIDTH="107"
                          VPOS="2621"
                          HPOS="825"
                          CONTENT="ita"/>
                  <SP HEIGHT="59" WIDTH="15" VPOS="2621" HPOS="932"/>
                  <String HEIGHT="59"
                          WIDTH="123"
                          VPOS="2621"
                          HPOS="886"
                          CONTENT="erit"/>
                  <SP HEIGHT="59" WIDTH="15" VPOS="2621" HPOS="1009"/>
                  <String HEIGHT="59"
                          WIDTH="138"
                          VPOS="2621"
                          HPOS="963"
                          CONTENT="abire"/>
                  <SP HEIGHT="59" WIDTH="15" VPOS="2621" HPOS="1101"/>
                  <String HEIGHT="59" WIDTH="92" VPOS="2621" HPOS="1055" CONTENT="in"/>
                  <SP HEIGHT="59" WIDTH="15" VPOS="2621" HPOS="1147"/>
                  <String HEIGHT="59"
                          WIDTH="215"
                          VPOS="2621"
                          HPOS="1101"
                          CONTENT="infinitum:"/>
                  <SP HEIGHT="59" WIDTH="15" VPOS="2621" HPOS="1316"/>
                  <String HEIGHT="59"
                          WIDTH="107"
                          VPOS="2621"
                          HPOS="1270"
                          CONTENT="aut"/>
                  <SP HEIGHT="59" WIDTH="15" VPOS="2621" HPOS="1377"/>
                  <String HEIGHT="59"
                          WIDTH="169"
                          VPOS="2621"
                          HPOS="1331"
                          CONTENT="standum"/>
                  <SP HEIGHT="59" WIDTH="15" VPOS="2621" HPOS="1500"/>
                  <String HEIGHT="59" WIDTH="92" VPOS="2621" HPOS="1454" CONTENT="in"/>
                  <SP HEIGHT="59" WIDTH="15" VPOS="2621" HPOS="1546"/>
                  <String HEIGHT="59"
                          WIDTH="153"
                          VPOS="2621"
                          HPOS="1500"
                          CONTENT="aliquo"/>
                  <SP HEIGHT="59" WIDTH="15" VPOS="2621" HPOS="1653"/>
                  <String HEIGHT="59"
                          WIDTH="123"
                          VPOS="2621"
                          HPOS="1607"
                          CONTENT="quid"/>
                  <SP HEIGHT="59" WIDTH="15" VPOS="2621" HPOS="1730"/>
                  <String HEIGHT="59"
                          WIDTH="107"
                          VPOS="2621"
                          HPOS="1684"
                          CONTENT="est"/>
                  <SP HEIGHT="59" WIDTH="15" VPOS="2621" HPOS="1791"/>
                  <String HEIGHT="59"
                          WIDTH="92"
                          VPOS="2621"
                          HPOS="1730"
                          CONTENT="vnum"/>
               </TextLine>
               <TextLine ID="r1l45"
                         BASELINE="2736"
                         HEIGHT="61"
                         WIDTH="1718"
                         VPOS="2675"
                         HPOS="111">
                  <String HEIGHT="61" WIDTH="128" VPOS="2675" HPOS="93" CONTENT="per"/>
                  <SP HEIGHT="61" WIDTH="18" VPOS="2675" HPOS="221"/>
                  <String HEIGHT="61"
                          WIDTH="146"
                          VPOS="2675"
                          HPOS="166"
                          CONTENT="suam"/>
                  <SP HEIGHT="61" WIDTH="18" VPOS="2675" HPOS="312"/>
                  <String HEIGHT="61"
                          WIDTH="256"
                          VPOS="2675"
                          HPOS="257"
                          CONTENT="essentiam:"/>
                  <SP HEIGHT="61" WIDTH="18" VPOS="2675" HPOS="513"/>
                  <String HEIGHT="61" WIDTH="91" VPOS="2675" HPOS="458" CONTENT="&amp;"/>
                  <SP HEIGHT="61" WIDTH="18" VPOS="2675" HPOS="550"/>
                  <String HEIGHT="61"
                          WIDTH="164"
                          VPOS="2675"
                          HPOS="495"
                          CONTENT="eadem"/>
                  <SP HEIGHT="61" WIDTH="18" VPOS="2675" HPOS="659"/>
                  <String HEIGHT="61"
                          WIDTH="201"
                          VPOS="2675"
                          HPOS="604"
                          CONTENT="ratione"/>
                  <SP HEIGHT="61" WIDTH="18" VPOS="2675" HPOS="806"/>
                  <String HEIGHT="61"
                          WIDTH="201"
                          VPOS="2675"
                          HPOS="751"
                          CONTENT="standum"/>
                  <SP HEIGHT="61" WIDTH="18" VPOS="2675" HPOS="952"/>
                  <String HEIGHT="61"
                          WIDTH="128"
                          VPOS="2675"
                          HPOS="897"
                          CONTENT="est"/>
                  <SP HEIGHT="61" WIDTH="18" VPOS="2675" HPOS="1025"/>
                  <String HEIGHT="61" WIDTH="110" VPOS="2675" HPOS="970" CONTENT="in"/>
                  <SP HEIGHT="61" WIDTH="18" VPOS="2675" HPOS="1080"/>
                  <String HEIGHT="61"
                          WIDTH="183"
                          VPOS="2675"
                          HPOS="1025"
                          CONTENT="primo."/>
                  <SP HEIGHT="61" WIDTH="18" VPOS="2675" HPOS="1208"/>
                  <String HEIGHT="61"
                          WIDTH="164"
                          VPOS="2675"
                          HPOS="1153"
                          CONTENT="sicut"/>
                  <SP HEIGHT="61" WIDTH="18" VPOS="2675" HPOS="1317"/>
                  <String HEIGHT="61"
                          WIDTH="183"
                          VPOS="2675"
                          HPOS="1262"
                          CONTENT="arguit"/>
                  <SP HEIGHT="61" WIDTH="18" VPOS="2675" HPOS="1445"/>
                  <String HEIGHT="61"
                          WIDTH="201"
                          VPOS="2675"
                          HPOS="1390"
                          CONTENT="Commen."/>
                  <SP HEIGHT="61" WIDTH="18" VPOS="2675" HPOS="1591"/>
                  <String HEIGHT="61"
                          WIDTH="183"
                          VPOS="2675"
                          HPOS="1537"
                          CONTENT="super."/>
                  <SP HEIGHT="61" WIDTH="18" VPOS="2675" HPOS="1719"/>
                  <String HEIGHT="61"
                          WIDTH="110"
                          VPOS="2675"
                          HPOS="1665"
                          CONTENT="4."/>
                  <SP HEIGHT="61" WIDTH="18" VPOS="2675" HPOS="1774"/>
                  <String HEIGHT="61"
                          WIDTH="128"
                          VPOS="2675"
                          HPOS="1701"
                          CONTENT="meta"
                          SUBS_TYPE="HypPart1"
                          SUBS_CONTENT="metaphysi."/>
                  <HYP CONTENT="-"/>
               </TextLine>
               <TextLine ID="r1l46"
                         BASELINE="2796"
                         HEIGHT="60"
                         WIDTH="1727"
                         VPOS="2736"
                         HPOS="100">
                  <String HEIGHT="60"
                          WIDTH="176"
                          VPOS="2736"
                          HPOS="82"
                          CONTENT="physi."
                          SUBS_TYPE="HypPart2"
                          SUBS_CONTENT="metaphysi."/>
                  <SP HEIGHT="60" WIDTH="18" VPOS="2736" HPOS="259"/>
                  <String HEIGHT="60"
                          WIDTH="159"
                          VPOS="2736"
                          HPOS="206"
                          CONTENT="Aliud"/>
                  <SP HEIGHT="60" WIDTH="18" VPOS="2736" HPOS="364"/>
                  <String HEIGHT="60"
                          WIDTH="141"
                          VPOS="2736"
                          HPOS="311"
                          CONTENT="vero"/>
                  <SP HEIGHT="60" WIDTH="18" VPOS="2736" HPOS="452"/>
                  <String HEIGHT="60"
                          WIDTH="123"
                          VPOS="2736"
                          HPOS="400"
                          CONTENT="est"/>
                  <SP HEIGHT="60" WIDTH="18" VPOS="2736" HPOS="523"/>
                  <String HEIGHT="60"
                          WIDTH="141"
                          VPOS="2736"
                          HPOS="470"
                          CONTENT="vnum"/>
                  <SP HEIGHT="60" WIDTH="18" VPOS="2736" HPOS="611"/>
                  <String HEIGHT="60"
                          WIDTH="141"
                          VPOS="2736"
                          HPOS="558"
                          CONTENT="quod"/>
                  <SP HEIGHT="60" WIDTH="18" VPOS="2736" HPOS="699"/>
                  <String HEIGHT="60"
                          WIDTH="123"
                          VPOS="2736"
                          HPOS="646"
                          CONTENT="est"/>
                  <SP HEIGHT="60" WIDTH="18" VPOS="2736" HPOS="770"/>
                  <String HEIGHT="60"
                          WIDTH="247"
                          VPOS="2736"
                          HPOS="717"
                          CONTENT="principium"/>
                  <SP HEIGHT="60" WIDTH="18" VPOS="2736" HPOS="964"/>
                  <String HEIGHT="60"
                          WIDTH="176"
                          VPOS="2736"
                          HPOS="911"
                          CONTENT="numeri"/>
                  <SP HEIGHT="60" WIDTH="18" VPOS="2736" HPOS="1087"/>
                  <String HEIGHT="60"
                          WIDTH="264"
                          VPOS="2736"
                          HPOS="1034"
                          CONTENT="quantitatis"/>
                  <SP HEIGHT="60" WIDTH="18" VPOS="2736" HPOS="1298"/>
                  <String HEIGHT="60"
                          WIDTH="247"
                          VPOS="2736"
                          HPOS="1245"
                          CONTENT="discretae."/>
                  <SP HEIGHT="60" WIDTH="18" VPOS="2736" HPOS="1492"/>
                  <String HEIGHT="60"
                          WIDTH="141"
                          VPOS="2736"
                          HPOS="1439"
                          CONTENT="tali"/>
                  <SP HEIGHT="60" WIDTH="18" VPOS="2736" HPOS="1580"/>
                  <String HEIGHT="60"
                          WIDTH="194"
                          VPOS="2736"
                          HPOS="1527"
                          CONTENT="vnitate"/>
                  <SP HEIGHT="60" WIDTH="18" VPOS="2736" HPOS="1721"/>
                  <String HEIGHT="60"
                          WIDTH="194"
                          VPOS="2736"
                          HPOS="1668"
                          CONTENT="quaeli-"/>
                  <SP HEIGHT="60" WIDTH="18" VPOS="2736" HPOS="1862"/>
                  <String HEIGHT="60" WIDTH="35" VPOS="2736" HPOS="1792" CONTENT=""/>
               </TextLine>
               <TextLine ID="r1l47"
                         BASELINE="2839"
                         HEIGHT="58"
                         WIDTH="1720"
                         VPOS="2781"
                         HPOS="99">
                  <String HEIGHT="58" WIDTH="117" VPOS="2781" HPOS="82" CONTENT="bet"/>
                  <SP HEIGHT="58" WIDTH="17" VPOS="2781" HPOS="199"/>
                  <String HEIGHT="58"
                          WIDTH="117"
                          VPOS="2781"
                          HPOS="149"
                          CONTENT="res"/>
                  <SP HEIGHT="58" WIDTH="17" VPOS="2781" HPOS="266"/>
                  <String HEIGHT="58" WIDTH="100" VPOS="2781" HPOS="216" CONTENT="in"/>
                  <SP HEIGHT="58" WIDTH="17" VPOS="2781" HPOS="316"/>
                  <String HEIGHT="58"
                          WIDTH="117"
                          VPOS="2781"
                          HPOS="266"
                          CONTENT="qua"/>
                  <SP HEIGHT="58" WIDTH="17" VPOS="2781" HPOS="383"/>
                  <String HEIGHT="58"
                          WIDTH="117"
                          VPOS="2781"
                          HPOS="333"
                          CONTENT="est"/>
                  <SP HEIGHT="58" WIDTH="17" VPOS="2781" HPOS="450"/>
                  <String HEIGHT="58"
                          WIDTH="167"
                          VPOS="2781"
                          HPOS="400"
                          CONTENT="vnitas"/>
                  <SP HEIGHT="58" WIDTH="17" VPOS="2781" HPOS="567"/>
                  <String HEIGHT="58"
                          WIDTH="117"
                          VPOS="2781"
                          HPOS="516"
                          CONTENT="est"/>
                  <SP HEIGHT="58" WIDTH="17" VPOS="2781" HPOS="633"/>
                  <String HEIGHT="58"
                          WIDTH="117"
                          VPOS="2781"
                          HPOS="583"
                          CONTENT="vna"/>
                  <SP HEIGHT="58" WIDTH="17" VPOS="2781" HPOS="700"/>
                  <String HEIGHT="58"
                          WIDTH="117"
                          VPOS="2781"
                          HPOS="650"
                          CONTENT="per"/>
                  <SP HEIGHT="58" WIDTH="17" VPOS="2781" HPOS="767"/>
                  <String HEIGHT="58"
                          WIDTH="184"
                          VPOS="2781"
                          HPOS="717"
                          CONTENT="aliquid"/>
                  <SP HEIGHT="58" WIDTH="17" VPOS="2781" HPOS="901"/>
                  <String HEIGHT="58"
                          WIDTH="150"
                          VPOS="2781"
                          HPOS="850"
                          CONTENT="aliud"/>
                  <SP HEIGHT="58" WIDTH="17" VPOS="2781" HPOS="1001"/>
                  <String HEIGHT="58"
                          WIDTH="184"
                          VPOS="2781"
                          HPOS="951"
                          CONTENT="additum"/>
                  <SP HEIGHT="58" WIDTH="17" VPOS="2781" HPOS="1134"/>
                  <String HEIGHT="58"
                          WIDTH="250"
                          VPOS="2781"
                          HPOS="1084"
                          CONTENT="substantiae"/>
                  <SP HEIGHT="58" WIDTH="17" VPOS="2781" HPOS="1335"/>
                  <String HEIGHT="58"
                          WIDTH="150"
                          VPOS="2781"
                          HPOS="1285"
                          CONTENT="suae,"/>
                  <SP HEIGHT="58" WIDTH="17" VPOS="2781" HPOS="1435"/>
                  <String HEIGHT="58"
                          WIDTH="134"
                          VPOS="2781"
                          HPOS="1385"
                          CONTENT="quod"/>
                  <SP HEIGHT="58" WIDTH="17" VPOS="2781" HPOS="1518"/>
                  <String HEIGHT="58"
                          WIDTH="117"
                          VPOS="2781"
                          HPOS="1468"
                          CONTENT="est"/>
                  <SP HEIGHT="58" WIDTH="17" VPOS="2781" HPOS="1585"/>
                  <String HEIGHT="58"
                          WIDTH="200"
                          VPOS="2781"
                          HPOS="1535"
                          CONTENT="accidens"/>
                  <SP HEIGHT="58" WIDTH="17" VPOS="2781" HPOS="1736"/>
                  <String HEIGHT="58"
                          WIDTH="117"
                          VPOS="2781"
                          HPOS="1685"
                          CONTENT="ei."/>
                  <SP HEIGHT="58" WIDTH="17" VPOS="2781" HPOS="1802"/>
                  <String HEIGHT="58"
                          WIDTH="83"
                          VPOS="2781"
                          HPOS="1736"
                          CONTENT="Per"/>
               </TextLine>
               <TextLine ID="r1l48"
                         BASELINE="2898"
                         HEIGHT="62"
                         WIDTH="1720"
                         VPOS="2836"
                         HPOS="98">
                  <String HEIGHT="62"
                          WIDTH="135"
                          VPOS="2836"
                          HPOS="81"
                          CONTENT="quod"/>
                  <SP HEIGHT="62" WIDTH="17" VPOS="2836" HPOS="216"/>
                  <String HEIGHT="62"
                          WIDTH="118"
                          VPOS="2836"
                          HPOS="165"
                          CONTENT="(vt"/>
                  <SP HEIGHT="62" WIDTH="17" VPOS="2836" HPOS="283"/>
                  <String HEIGHT="62"
                          WIDTH="152"
                          VPOS="2836"
                          HPOS="233"
                          CONTENT="dicit"/>
                  <SP HEIGHT="62" WIDTH="17" VPOS="2836" HPOS="385"/>
                  <String HEIGHT="62"
                          WIDTH="185"
                          VPOS="2836"
                          HPOS="334"
                          CONTENT="Commen."/>
                  <SP HEIGHT="62" WIDTH="17" VPOS="2836" HPOS="520"/>
                  <String HEIGHT="62"
                          WIDTH="169"
                          VPOS="2836"
                          HPOS="469"
                          CONTENT="super."/>
                  <SP HEIGHT="62" WIDTH="17" VPOS="2836" HPOS="638"/>
                  <String HEIGHT="62" WIDTH="101" VPOS="2836" HPOS="587" CONTENT="4."/>
                  <SP HEIGHT="62" WIDTH="17" VPOS="2836" HPOS="688"/>
                  <String HEIGHT="62"
                          WIDTH="270"
                          VPOS="2836"
                          HPOS="638"
                          CONTENT="metaphysiy.)"/>
                  <SP HEIGHT="62" WIDTH="17" VPOS="2836" HPOS="907"/>
                  <String HEIGHT="62"
                          WIDTH="135"
                          VPOS="2836"
                          HPOS="857"
                          CONTENT="fuit"/>
                  <SP HEIGHT="62" WIDTH="17" VPOS="2836" HPOS="992"/>
                  <String HEIGHT="62"
                          WIDTH="185"
                          VPOS="2836"
                          HPOS="941"
                          CONTENT="Auicen."/>
                  <SP HEIGHT="62" WIDTH="17" VPOS="2836" HPOS="1127"/>
                  <String HEIGHT="62"
                          WIDTH="219"
                          VPOS="2836"
                          HPOS="1076"
                          CONTENT="deceptus."/>
                  <SP HEIGHT="62" WIDTH="17" VPOS="2836" HPOS="1295"/>
                  <String HEIGHT="62"
                          WIDTH="185"
                          VPOS="2836"
                          HPOS="1245"
                          CONTENT="credens"/>
                  <SP HEIGHT="62" WIDTH="17" VPOS="2836" HPOS="1430"/>
                  <String HEIGHT="62"
                          WIDTH="135"
                          VPOS="2836"
                          HPOS="1380"
                          CONTENT="enim"/>
                  <SP HEIGHT="62" WIDTH="17" VPOS="2836" HPOS="1514"/>
                  <String HEIGHT="62"
                          WIDTH="135"
                          VPOS="2836"
                          HPOS="1464"
                          CONTENT="quod"/>
                  <SP HEIGHT="62" WIDTH="17" VPOS="2836" HPOS="1599"/>
                  <String HEIGHT="62"
                          WIDTH="135"
                          VPOS="2836"
                          HPOS="1548"
                          CONTENT="tale"/>
                  <SP HEIGHT="62" WIDTH="17" VPOS="2836" HPOS="1683"/>
                  <String HEIGHT="62"
                          WIDTH="152"
                          VPOS="2836"
                          HPOS="1633"
                          CONTENT="esset"/>
                  <SP HEIGHT="62" WIDTH="17" VPOS="2836" HPOS="1784"/>
                  <String HEIGHT="62"
                          WIDTH="101"
                          VPOS="2836"
                          HPOS="1717"
                          CONTENT="vnum"/>
               </TextLine>
               <TextLine ID="r1l49"
                         BASELINE="2954"
                         HEIGHT="63"
                         WIDTH="1714"
                         VPOS="2891"
                         HPOS="105">
                  <String HEIGHT="63"
                          WIDTH="119"
                          VPOS="2891"
                          HPOS="90"
                          CONTENT="quod"/>
                  <SP HEIGHT="63" WIDTH="15" VPOS="2891" HPOS="209"/>
                  <String HEIGHT="63"
                          WIDTH="224"
                          VPOS="2891"
                          HPOS="165"
                          CONTENT="convertitur"/>
                  <SP HEIGHT="63" WIDTH="15" VPOS="2891" HPOS="388"/>
                  <String HEIGHT="63"
                          WIDTH="104"
                          VPOS="2891"
                          HPOS="343"
                          CONTENT="cum"/>
                  <SP HEIGHT="63" WIDTH="15" VPOS="2891" HPOS="448"/>
                  <String HEIGHT="63"
                          WIDTH="134"
                          VPOS="2891"
                          HPOS="403"
                          CONTENT="ente,"/>
                  <SP HEIGHT="63" WIDTH="15" VPOS="2891" HPOS="537"/>
                  <String HEIGHT="63"
                          WIDTH="134"
                          VPOS="2891"
                          HPOS="493"
                          CONTENT="dixit"/>
                  <SP HEIGHT="63" WIDTH="15" VPOS="2891" HPOS="627"/>
                  <String HEIGHT="63"
                          WIDTH="119"
                          VPOS="2891"
                          HPOS="582"
                          CONTENT="quod"/>
                  <SP HEIGHT="63" WIDTH="15" VPOS="2891" HPOS="701"/>
                  <String HEIGHT="63"
                          WIDTH="119"
                          VPOS="2891"
                          HPOS="656"
                          CONTENT="vnum"/>
                  <SP HEIGHT="63" WIDTH="15" VPOS="2891" HPOS="776"/>
                  <String HEIGHT="63"
                          WIDTH="134"
                          VPOS="2891"
                          HPOS="731"
                          CONTENT="illud"/>
                  <SP HEIGHT="63" WIDTH="15" VPOS="2891" HPOS="865"/>
                  <String HEIGHT="63"
                          WIDTH="134"
                          VPOS="2891"
                          HPOS="820"
                          CONTENT="dicit"/>
                  <SP HEIGHT="63" WIDTH="15" VPOS="2891" HPOS="955"/>
                  <String HEIGHT="63"
                          WIDTH="253"
                          VPOS="2891"
                          HPOS="910"
                          CONTENT="dispositionem"/>
                  <SP HEIGHT="63" WIDTH="15" VPOS="2891" HPOS="1163"/>
                  <String HEIGHT="63"
                          WIDTH="164"
                          VPOS="2891"
                          HPOS="1118"
                          CONTENT="additam"/>
                  <SP HEIGHT="63" WIDTH="15" VPOS="2891" HPOS="1282"/>
                  <String HEIGHT="63"
                          WIDTH="194"
                          VPOS="2891"
                          HPOS="1238"
                          CONTENT="essentiae"/>
                  <SP HEIGHT="63" WIDTH="15" VPOS="2891" HPOS="1431"/>
                  <String HEIGHT="63"
                          WIDTH="119"
                          VPOS="2891"
                          HPOS="1387"
                          CONTENT="rei:"/>
                  <SP HEIGHT="63" WIDTH="15" VPOS="2891" HPOS="1506"/>
                  <String HEIGHT="63"
                          WIDTH="134"
                          VPOS="2891"
                          HPOS="1461"
                          CONTENT="sicut"/>
                  <SP HEIGHT="63" WIDTH="15" VPOS="2891" HPOS="1595"/>
                  <String HEIGHT="63"
                          WIDTH="164"
                          VPOS="2891"
                          HPOS="1551"
                          CONTENT="dispoen"/>
                  <SP HEIGHT="63" WIDTH="15" VPOS="2891" HPOS="1715"/>
                  <String HEIGHT="63"
                          WIDTH="104"
                          VPOS="2891"
                          HPOS="1670"
                          CONTENT="est"/>
                  <SP HEIGHT="63" WIDTH="15" VPOS="2891" HPOS="1774"/>
                  <String HEIGHT="63" WIDTH="89" VPOS="2891" HPOS="1730" CONTENT="in"/>
                  <SP HEIGHT="63" WIDTH="15" VPOS="2891" HPOS="1819"/>
                  <String HEIGHT="63" WIDTH="60" VPOS="2891" HPOS="1759" CONTENT="al"/>
               </TextLine>
               <TextLine ID="r1l50"
                         BASELINE="2998"
                         HEIGHT="59"
                         WIDTH="1720"
                         VPOS="2939"
                         HPOS="95">
                  <String HEIGHT="59" WIDTH="104" VPOS="2939" HPOS="78" CONTENT="bo"/>
                  <SP HEIGHT="59" WIDTH="17" VPOS="2939" HPOS="182"/>
                  <String HEIGHT="59" WIDTH="87" VPOS="2939" HPOS="130" CONTENT="&amp;"/>
                  <SP HEIGHT="59" WIDTH="17" VPOS="2939" HPOS="217"/>
                  <String HEIGHT="59"
                          WIDTH="174"
                          VPOS="2939"
                          HPOS="164"
                          CONTENT="nigro."/>
                  <SP HEIGHT="59" WIDTH="17" VPOS="2939" HPOS="338"/>
                  <String HEIGHT="59"
                          WIDTH="226"
                          VPOS="2939"
                          HPOS="286"
                          CONTENT="Econuerso"/>
                  <SP HEIGHT="59" WIDTH="17" VPOS="2939" HPOS="512"/>
                  <String HEIGHT="59"
                          WIDTH="156"
                          VPOS="2939"
                          HPOS="460"
                          CONTENT="autem"/>
                  <SP HEIGHT="59" WIDTH="17" VPOS="2939" HPOS="616"/>
                  <String HEIGHT="59"
                          WIDTH="261"
                          VPOS="2939"
                          HPOS="564"
                          CONTENT="Pythagorici"/>
                  <SP HEIGHT="59" WIDTH="17" VPOS="2939" HPOS="825"/>
                  <String HEIGHT="59"
                          WIDTH="226"
                          VPOS="2939"
                          HPOS="773"
                          CONTENT="credentes"/>
                  <SP HEIGHT="59" WIDTH="17" VPOS="2939" HPOS="998"/>
                  <String HEIGHT="59"
                          WIDTH="139"
                          VPOS="2939"
                          HPOS="946"
                          CONTENT="quod"/>
                  <SP HEIGHT="59" WIDTH="17" VPOS="2939" HPOS="1085"/>
                  <String HEIGHT="59"
                          WIDTH="139"
                          VPOS="2939"
                          HPOS="1033"
                          CONTENT="vnum"/>
                  <SP HEIGHT="59" WIDTH="17" VPOS="2939" HPOS="1172"/>
                  <String HEIGHT="59"
                          WIDTH="243"
                          VPOS="2939"
                          HPOS="1120"
                          CONTENT="principium"/>
                  <SP HEIGHT="59" WIDTH="17" VPOS="2939" HPOS="1363"/>
                  <String HEIGHT="59"
                          WIDTH="174"
                          VPOS="2939"
                          HPOS="1311"
                          CONTENT="numeri"/>
                  <SP HEIGHT="59" WIDTH="17" VPOS="2939" HPOS="1485"/>
                  <String HEIGHT="59"
                          WIDTH="156"
                          VPOS="2939"
                          HPOS="1433"
                          CONTENT="esset"/>
                  <SP HEIGHT="59" WIDTH="17" VPOS="2939" HPOS="1589"/>
                  <String HEIGHT="59"
                          WIDTH="139"
                          VPOS="2939"
                          HPOS="1537"
                          CONTENT="tale"/>
                  <SP HEIGHT="59" WIDTH="17" VPOS="2939" HPOS="1676"/>
                  <String HEIGHT="59"
                          WIDTH="139"
                          VPOS="2939"
                          HPOS="1624"
                          CONTENT="vnum"/>
                  <SP HEIGHT="59" WIDTH="17" VPOS="2939" HPOS="1763"/>
                  <String HEIGHT="59"
                          WIDTH="122"
                          VPOS="2939"
                          HPOS="1693"
                          CONTENT="quale"/>
               </TextLine>
               <TextLine ID="r1l51"
                         BASELINE="3061"
                         HEIGHT="68"
                         WIDTH="1717"
                         VPOS="2993"
                         HPOS="102">
                  <String HEIGHT="68" WIDTH="103" VPOS="2993" HPOS="87" CONTENT="est"/>
                  <SP HEIGHT="68" WIDTH="15" VPOS="2993" HPOS="190"/>
                  <String HEIGHT="68"
                          WIDTH="132"
                          VPOS="2993"
                          HPOS="146"
                          CONTENT="illud"/>
                  <SP HEIGHT="68" WIDTH="15" VPOS="2993" HPOS="278"/>
                  <String HEIGHT="68"
                          WIDTH="117"
                          VPOS="2993"
                          HPOS="234"
                          CONTENT="quod"/>
                  <SP HEIGHT="68" WIDTH="15" VPOS="2993" HPOS="351"/>
                  <String HEIGHT="68"
                          WIDTH="220"
                          VPOS="2993"
                          HPOS="307"
                          CONTENT="conuertitur"/>
                  <SP HEIGHT="68" WIDTH="15" VPOS="2993" HPOS="528"/>
                  <String HEIGHT="68"
                          WIDTH="103"
                          VPOS="2993"
                          HPOS="484"
                          CONTENT="cum"/>
                  <SP HEIGHT="68" WIDTH="15" VPOS="2993" HPOS="586"/>
                  <String HEIGHT="68"
                          WIDTH="132"
                          VPOS="2993"
                          HPOS="542"
                          CONTENT="ente,"/>
                  <SP HEIGHT="68" WIDTH="15" VPOS="2993" HPOS="674"/>
                  <String HEIGHT="68"
                          WIDTH="176"
                          VPOS="2993"
                          HPOS="630"
                          CONTENT="dixerunt"/>
                  <SP HEIGHT="68" WIDTH="15" VPOS="2993" HPOS="806"/>
                  <String HEIGHT="68"
                          WIDTH="117"
                          VPOS="2993"
                          HPOS="762"
                          CONTENT="quod"/>
                  <SP HEIGHT="68" WIDTH="15" VPOS="2993" HPOS="880"/>
                  <String HEIGHT="68"
                          WIDTH="117"
                          VPOS="2993"
                          HPOS="836"
                          CONTENT="vnum"/>
                  <SP HEIGHT="68" WIDTH="15" VPOS="2993" HPOS="953"/>
                  <String HEIGHT="68"
                          WIDTH="205"
                          VPOS="2993"
                          HPOS="909"
                          CONTENT="principium"/>
                  <SP HEIGHT="68" WIDTH="15" VPOS="2993" HPOS="1115"/>
                  <String HEIGHT="68"
                          WIDTH="147"
                          VPOS="2993"
                          HPOS="1071"
                          CONTENT="numeri"/>
                  <SP HEIGHT="68" WIDTH="15" VPOS="2993" HPOS="1217"/>
                  <String HEIGHT="68"
                          WIDTH="103"
                          VPOS="2993"
                          HPOS="1173"
                          CONTENT="non"/>
                  <SP HEIGHT="68" WIDTH="15" VPOS="2993" HPOS="1276"/>
                  <String HEIGHT="68"
                          WIDTH="205"
                          VPOS="2993"
                          HPOS="1232"
                          CONTENT="significat"/>
                  <SP HEIGHT="68" WIDTH="15" VPOS="2993" HPOS="1437"/>
                  <String HEIGHT="68"
                          WIDTH="117"
                          VPOS="2993"
                          HPOS="1393"
                          CONTENT="nisi"/>
                  <SP HEIGHT="68" WIDTH="15" VPOS="2993" HPOS="1511"/>
                  <String HEIGHT="68"
                          WIDTH="220"
                          VPOS="2993"
                          HPOS="1467"
                          CONTENT="substantiam"/>
                  <SP HEIGHT="68" WIDTH="15" VPOS="2993" HPOS="1687"/>
                  <String HEIGHT="68"
                          WIDTH="117"
                          VPOS="2993"
                          HPOS="1643"
                          CONTENT="rei:"/>
                  <SP HEIGHT="68" WIDTH="15" VPOS="2993" HPOS="1760"/>
                  <String HEIGHT="68" WIDTH="73" VPOS="2993" HPOS="1716" CONTENT="&amp;"/>
                  <SP HEIGHT="68" WIDTH="15" VPOS="2993" HPOS="1790"/>
                  <String HEIGHT="68"
                          WIDTH="88"
                          VPOS="2993"
                          HPOS="1731"
                          CONTENT="quia"/>
               </TextLine>
               <TextLine ID="r1l52"
                         BASELINE="3106"
                         HEIGHT="58"
                         WIDTH="1737"
                         VPOS="3048"
                         HPOS="95">
                  <String HEIGHT="58"
                          WIDTH="201"
                          VPOS="3048"
                          HPOS="77"
                          CONTENT="numerus"/>
                  <SP HEIGHT="58" WIDTH="18" VPOS="3048" HPOS="278"/>
                  <String HEIGHT="58"
                          WIDTH="256"
                          VPOS="3048"
                          HPOS="223"
                          CONTENT="componitur"/>
                  <SP HEIGHT="58" WIDTH="18" VPOS="3048" HPOS="479"/>
                  <String HEIGHT="58" WIDTH="110" VPOS="3048" HPOS="424" CONTENT="ex"/>
                  <SP HEIGHT="58" WIDTH="18" VPOS="3048" HPOS="534"/>
                  <String HEIGHT="58"
                          WIDTH="274"
                          VPOS="3048"
                          HPOS="479"
                          CONTENT="vnitatibus,"/>
                  <SP HEIGHT="58" WIDTH="18" VPOS="3048" HPOS="753"/>
                  <String HEIGHT="58"
                          WIDTH="274"
                          VPOS="3048"
                          HPOS="698"
                          CONTENT="crediderunt"/>
                  <SP HEIGHT="58" WIDTH="18" VPOS="3048" HPOS="973"/>
                  <String HEIGHT="58"
                          WIDTH="146"
                          VPOS="3048"
                          HPOS="918"
                          CONTENT="quod"/>
                  <SP HEIGHT="58" WIDTH="18" VPOS="3048" HPOS="1064"/>
                  <String HEIGHT="58"
                          WIDTH="183"
                          VPOS="3048"
                          HPOS="1009"
                          CONTENT="numeri"/>
                  <SP HEIGHT="58" WIDTH="18" VPOS="3048" HPOS="1192"/>
                  <String HEIGHT="58"
                          WIDTH="146"
                          VPOS="3048"
                          HPOS="1137"
                          CONTENT="sunt"/>
                  <SP HEIGHT="58" WIDTH="18" VPOS="3048" HPOS="1283"/>
                  <String HEIGHT="58"
                          WIDTH="274"
                          VPOS="3048"
                          HPOS="1229"
                          CONTENT="substantiae"/>
                  <SP HEIGHT="58" WIDTH="18" VPOS="3048" HPOS="1503"/>
                  <String HEIGHT="58"
                          WIDTH="183"
                          VPOS="3048"
                          HPOS="1448"
                          CONTENT="rerum:"/>
                  <SP HEIGHT="58" WIDTH="18" VPOS="3048" HPOS="1631"/>
                  <String HEIGHT="58" WIDTH="91" VPOS="3048" HPOS="1576" CONTENT="&amp;"/>
                  <SP HEIGHT="58" WIDTH="18" VPOS="3048" HPOS="1667"/>
                  <String HEIGHT="58"
                          WIDTH="146"
                          VPOS="3048"
                          HPOS="1613"
                          CONTENT="quod"/>
                  <SP HEIGHT="58" WIDTH="18" VPOS="3048" HPOS="1759"/>
                  <String HEIGHT="58"
                          WIDTH="146"
                          VPOS="3048"
                          HPOS="1686"
                          CONTENT="princi"/>
               </TextLine>
               <TextLine ID="r1l53"
                         BASELINE="3170"
                         HEIGHT="64"
                         WIDTH="1725"
                         VPOS="3106"
                         HPOS="99">
                  <String HEIGHT="64" WIDTH="122" VPOS="3106" HPOS="82" CONTENT="pia"/>
                  <SP HEIGHT="64" WIDTH="17" VPOS="3106" HPOS="204"/>
                  <String HEIGHT="64"
                          WIDTH="174"
                          VPOS="3106"
                          HPOS="151"
                          CONTENT="numeri"/>
                  <SP HEIGHT="64" WIDTH="17" VPOS="3106" HPOS="326"/>
                  <String HEIGHT="64"
                          WIDTH="174"
                          VPOS="3106"
                          HPOS="273"
                          CONTENT="essent"/>
                  <SP HEIGHT="64" WIDTH="17" VPOS="3106" HPOS="447"/>
                  <String HEIGHT="64"
                          WIDTH="227"
                          VPOS="3106"
                          HPOS="395"
                          CONTENT="principia"/>
                  <SP HEIGHT="64" WIDTH="17" VPOS="3106" HPOS="622"/>
                  <String HEIGHT="64"
                          WIDTH="174"
                          VPOS="3106"
                          HPOS="569"
                          CONTENT="rerum."/>
                  <SP HEIGHT="64" WIDTH="17" VPOS="3106" HPOS="744"/>
                  <String HEIGHT="64"
                          WIDTH="192"
                          VPOS="3106"
                          HPOS="691"
                          CONTENT="Tertium"/>
                  <SP HEIGHT="64" WIDTH="17" VPOS="3106" HPOS="883"/>
                  <String HEIGHT="64"
                          WIDTH="139"
                          VPOS="3106"
                          HPOS="831"
                          CONTENT="vero"/>
                  <SP HEIGHT="64" WIDTH="17" VPOS="3106" HPOS="970"/>
                  <String HEIGHT="64"
                          WIDTH="122"
                          VPOS="3106"
                          HPOS="918"
                          CONTENT="est"/>
                  <SP HEIGHT="64" WIDTH="17" VPOS="3106" HPOS="1040"/>
                  <String HEIGHT="64"
                          WIDTH="139"
                          VPOS="3106"
                          HPOS="988"
                          CONTENT="vnum"/>
                  <SP HEIGHT="64" WIDTH="17" VPOS="3106" HPOS="1127"/>
                  <String HEIGHT="64"
                          WIDTH="139"
                          VPOS="3106"
                          HPOS="1075"
                          CONTENT="quod"/>
                  <SP HEIGHT="64" WIDTH="17" VPOS="3106" HPOS="1214"/>
                  <String HEIGHT="64"
                          WIDTH="192"
                          VPOS="3106"
                          HPOS="1162"
                          CONTENT="diuidit"/>
                  <SP HEIGHT="64" WIDTH="17" VPOS="3106" HPOS="1354"/>
                  <String HEIGHT="64"
                          WIDTH="122"
                          VPOS="3106"
                          HPOS="1301"
                          CONTENT="ens"/>
                  <SP HEIGHT="64" WIDTH="17" VPOS="3106" HPOS="1423"/>
                  <String HEIGHT="64"
                          WIDTH="174"
                          VPOS="3106"
                          HPOS="1371"
                          CONTENT="contra"/>
                  <SP HEIGHT="64" WIDTH="17" VPOS="3106" HPOS="1545"/>
                  <String HEIGHT="64"
                          WIDTH="192"
                          VPOS="3106"
                          HPOS="1493"
                          CONTENT="multum:"/>
                  <SP HEIGHT="64" WIDTH="17" VPOS="3106" HPOS="1685"/>
                  <String HEIGHT="64" WIDTH="87" VPOS="3106" HPOS="1632" CONTENT="&amp;"/>
                  <SP HEIGHT="64" WIDTH="17" VPOS="3106" HPOS="1719"/>
                  <String HEIGHT="64"
                          WIDTH="122"
                          VPOS="3106"
                          HPOS="1667"
                          CONTENT="est"/>
                  <SP HEIGHT="64" WIDTH="17" VPOS="3106" HPOS="1789"/>
                  <String HEIGHT="64"
                          WIDTH="105"
                          VPOS="3106"
                          HPOS="1719"
                          CONTENT="pars"/>
               </TextLine>
               <TextLine ID="r1l54"
                         BASELINE="3209"
                         HEIGHT="54"
                         WIDTH="1733"
                         VPOS="3155"
                         HPOS="94">
                  <String HEIGHT="54"
                          WIDTH="186"
                          VPOS="3155"
                          HPOS="75"
                          CONTENT="illius"/>
                  <SP HEIGHT="54" WIDTH="19" VPOS="3155" HPOS="262"/>
                  <String HEIGHT="54"
                          WIDTH="168"
                          VPOS="3155"
                          HPOS="206"
                          CONTENT="vnius"/>
                  <SP HEIGHT="54" WIDTH="19" VPOS="3155" HPOS="374"/>
                  <String HEIGHT="54"
                          WIDTH="149"
                          VPOS="3155"
                          HPOS="318"
                          CONTENT="quod"/>
                  <SP HEIGHT="54" WIDTH="19" VPOS="3155" HPOS="467"/>
                  <String HEIGHT="54"
                          WIDTH="280"
                          VPOS="3155"
                          HPOS="411"
                          CONTENT="convertitur"/>
                  <SP HEIGHT="54" WIDTH="19" VPOS="3155" HPOS="690"/>
                  <String HEIGHT="54"
                          WIDTH="130"
                          VPOS="3155"
                          HPOS="634"
                          CONTENT="cum"/>
                  <SP HEIGHT="54" WIDTH="19" VPOS="3155" HPOS="765"/>
                  <String HEIGHT="54"
                          WIDTH="168"
                          VPOS="3155"
                          HPOS="709"
                          CONTENT="ente."/>
                  <SP HEIGHT="54" WIDTH="19" VPOS="3155" HPOS="877"/>
                  <String HEIGHT="54"
                          WIDTH="149"
                          VPOS="3155"
                          HPOS="821"
                          CONTENT="Vnde"/>
                  <SP HEIGHT="54" WIDTH="19" VPOS="3155" HPOS="970"/>
                  <String HEIGHT="54" WIDTH="93" VPOS="3155" HPOS="914" CONTENT="&amp;"/>
                  <SP HEIGHT="54" WIDTH="19" VPOS="3155" HPOS="1007"/>
                  <String HEIGHT="54"
                          WIDTH="186"
                          VPOS="3155"
                          HPOS="951"
                          CONTENT="multum"/>
                  <SP HEIGHT="54" WIDTH="19" VPOS="3155" HPOS="1138"/>
                  <String HEIGHT="54"
                          WIDTH="205"
                          VPOS="3155"
                          HPOS="1082"
                          CONTENT="diuisum"/>
                  <SP HEIGHT="54" WIDTH="19" VPOS="3155" HPOS="1287"/>
                  <String HEIGHT="54"
                          WIDTH="186"
                          VPOS="3155"
                          HPOS="1231"
                          CONTENT="contra"/>
                  <SP HEIGHT="54" WIDTH="19" VPOS="3155" HPOS="1417"/>
                  <String HEIGHT="54"
                          WIDTH="130"
                          VPOS="3155"
                          HPOS="1361"
                          CONTENT="hoc"/>
                  <SP HEIGHT="54" WIDTH="19" VPOS="3155" HPOS="1492"/>
                  <String HEIGHT="54"
                          WIDTH="168"
                          VPOS="3155"
                          HPOS="1436"
                          CONTENT="vnum,"/>
                  <SP HEIGHT="54" WIDTH="19" VPOS="3155" HPOS="1603"/>
                  <String HEIGHT="54"
                          WIDTH="168"
                          VPOS="3155"
                          HPOS="1547"
                          CONTENT="etiam"/>
                  <SP HEIGHT="54" WIDTH="19" VPOS="3155" HPOS="1715"/>
                  <String HEIGHT="54"
                          WIDTH="130"
                          VPOS="3155"
                          HPOS="1659"
                          CONTENT="est"/>
                  <SP HEIGHT="54" WIDTH="19" VPOS="3155" HPOS="1790"/>
                  <String HEIGHT="54"
                          WIDTH="112"
                          VPOS="3155"
                          HPOS="1715"
                          CONTENT="pars"/>
               </TextLine>
               <TextLine ID="r1l55"
                         BASELINE="3287"
                         HEIGHT="78"
                         WIDTH="1731"
                         VPOS="3209"
                         HPOS="98">
                  <String HEIGHT="78"
                          WIDTH="154"
                          VPOS="3209"
                          HPOS="81"
                          CONTENT="vnius"/>
                  <SP HEIGHT="78" WIDTH="17" VPOS="3209" HPOS="235"/>
                  <String HEIGHT="78"
                          WIDTH="137"
                          VPOS="3209"
                          HPOS="184"
                          CONTENT="quod"/>
                  <SP HEIGHT="78" WIDTH="17" VPOS="3209" HPOS="321"/>
                  <String HEIGHT="78"
                          WIDTH="257"
                          VPOS="3209"
                          HPOS="269"
                          CONTENT="convertitur"/>
                  <SP HEIGHT="78" WIDTH="17" VPOS="3209" HPOS="526"/>
                  <String HEIGHT="78"
                          WIDTH="120"
                          VPOS="3209"
                          HPOS="475"
                          CONTENT="cum"/>
                  <SP HEIGHT="78" WIDTH="17" VPOS="3209" HPOS="595"/>
                  <String HEIGHT="78"
                          WIDTH="154"
                          VPOS="3209"
                          HPOS="544"
                          CONTENT="ente."/>
                  <SP HEIGHT="78" WIDTH="17" VPOS="3209" HPOS="698"/>
                  <String HEIGHT="78"
                          WIDTH="120"
                          VPOS="3209"
                          HPOS="646"
                          CONTENT="Est"/>
                  <SP HEIGHT="78" WIDTH="17" VPOS="3209" HPOS="766"/>
                  <String HEIGHT="78"
                          WIDTH="137"
                          VPOS="3209"
                          HPOS="715"
                          CONTENT="enim"/>
                  <SP HEIGHT="78" WIDTH="17" VPOS="3209" HPOS="852"/>
                  <String HEIGHT="78"
                          WIDTH="137"
                          VPOS="3209"
                          HPOS="801"
                          CONTENT="vnum"/>
                  <SP HEIGHT="78" WIDTH="17" VPOS="3209" HPOS="938"/>
                  <String HEIGHT="78" WIDTH="103" VPOS="3209" HPOS="886" CONTENT="eo"/>
                  <SP HEIGHT="78" WIDTH="17" VPOS="3209" HPOS="989"/>
                  <String HEIGHT="78"
                          WIDTH="137"
                          VPOS="3209"
                          HPOS="938"
                          CONTENT="modo"/>
                  <SP HEIGHT="78" WIDTH="17" VPOS="3209" HPOS="1075"/>
                  <String HEIGHT="78"
                          WIDTH="120"
                          VPOS="3209"
                          HPOS="1023"
                          CONTENT="quo"/>
                  <SP HEIGHT="78" WIDTH="17" VPOS="3209" HPOS="1143"/>
                  <String HEIGHT="78"
                          WIDTH="120"
                          VPOS="3209"
                          HPOS="1092"
                          CONTENT="est"/>
                  <SP HEIGHT="78" WIDTH="17" VPOS="3209" HPOS="1212"/>
                  <String HEIGHT="78"
                          WIDTH="137"
                          VPOS="3209"
                          HPOS="1161"
                          CONTENT="ens."/>
                  <SP HEIGHT="78" WIDTH="17" VPOS="3209" HPOS="1298"/>
                  <String HEIGHT="78"
                          WIDTH="120"
                          VPOS="3209"
                          HPOS="1246"
                          CONTENT="Non"/>
                  <SP HEIGHT="78" WIDTH="17" VPOS="3209" HPOS="1366"/>
                  <String HEIGHT="78"
                          WIDTH="137"
                          VPOS="3209"
                          HPOS="1315"
                          CONTENT="enim"/>
                  <SP HEIGHT="78" WIDTH="17" VPOS="3209" HPOS="1452"/>
                  <String HEIGHT="78"
                          WIDTH="120"
                          VPOS="3209"
                          HPOS="1401"
                          CONTENT="est"/>
                  <SP HEIGHT="78" WIDTH="17" VPOS="3209" HPOS="1521"/>
                  <String HEIGHT="78"
                          WIDTH="274"
                          VPOS="3209"
                          HPOS="1469"
                          CONTENT="inconveniens"/>
                  <SP HEIGHT="78" WIDTH="17" VPOS="3209" HPOS="1743"/>
                  <String HEIGHT="78"
                          WIDTH="137"
                          VPOS="3209"
                          HPOS="1692"
                          CONTENT="quod"/>
                  <SP HEIGHT="78" WIDTH="17" VPOS="3209" HPOS="1829"/>
                  <String HEIGHT="78" WIDTH="69" VPOS="3209" HPOS="1760" CONTENT="il"/>
               </TextLine>
            </TextBlock>
         </PrintSpace>
      </Page>
   </Layout>
</alto>
