2323 3782
62 325 153 72 tauit
164 325 153 72 pater
266 325 136 72 meus
351 325 221 72 caelestis
520 325 289 72 eradicabitur.
758 325 119 72 Est
826 325 170 72 igitur
945 325 102 72 vt
996 325 170 72 dicunt
1115 325 170 72 aliqua
1234 325 221 72 plantatio
1403 325 136 72 quam
1488 325 119 72 non
1556 325 221 72 plantauit
1709 325 119 72 pater

65 393 200 71 caelestis,
222 393 114 71 quae
293 393 86 71 ab
336 393 114 71 ipso
408 393 100 71 est
465 393 214 71 eradicanda.
637 393 114 71 illa
708 393 129 71 autem
794 393 100 71 non
851 393 100 71 est
908 393 172 71 plantata
1037 393 114 71 nisi
1108 393 71 71 a
1137 393 100 71 deo
1194 393 114 71 malo
1266 393 100 71 pri
1323 393 172 71 caelesti
1452 393 200 71 contrario.
1609 393 114 71 ergo
1680 393 100 71 &c.
1738 393 71 71 ⁋
1766 393 114 71 ltem

51 438 207 62 secundae
206 438 207 62 Corinth.
361 438 138 62 iii.
447 438 155 62 dicit
551 438 241 62 Apostolus.
740 438 138 62 Deus
826 438 155 62 huius
930 438 172 62 seculi
1050 438 241 62 excaecauit
1240 438 172 62 mentes
1361 438 259 62 infidelium.
1567 438 138 62 ille
1654 438 155 62 autem
1740 438 86 62 (vt

66 493 184 64 dicunt)
200 493 117 64 non
267 493 117 64 est
334 493 134 64 nisi
417 493 134 64 deus
501 493 167 64 malus.
618 493 134 64 ergo
701 493 117 64 &c.
768 493 84 64 ⁋
801 493 134 64 ltem
885 493 150 64 loan.
985 493 167 64 xiiii.
1102 493 150 64 dicit
1202 493 217 64 Christus.
1369 493 134 64 Nunc
1453 493 200 64 princeps
1603 493 150 64 huius
1704 493 150 64 mundi
1787 493 67 64 qu

65 548 222 76 eiicietur
236 548 171 76 foras.
355 548 136 76 ille
440 548 154 76 autem
543 548 119 76 (vt
611 548 188 76 dicunt)
747 548 119 76 non
815 548 119 76 est
884 548 136 76 nisi
969 548 136 76 deus
1054 548 171 76 malus.
1174 548 136 76 ergo
1259 548 119 76 &c.
1327 548 85 76 ⁋
1361 548 102 76 In
1413 548 222 76 oppositum
1583 548 205 76 arguitur
1737 548 154 76 primo

68 600 121 63 sic
137 600 190 63 ratione
275 600 190 63 diuinae
414 600 294 63 perfectionis.
656 600 138 63 ille
742 600 156 63 solus
846 600 121 63 est
915 600 138 63 deus
1002 600 121 63 cui
1071 600 138 63 soli
1157 600 208 63 conuenit
1313 600 208 63 quicquid
1469 600 156 63 natum
1573 600 121 63 est
1642 600 121 63 deo
1694 600 138 63 conue-

58 658 154 69 nire.
161 658 137 69 vnus
246 658 154 69 solus
349 658 120 69 est
417 658 154 69 talis
520 658 120 69 cui
588 658 205 69 conuenit
743 658 205 69 quicquid
897 658 120 69 deo
965 658 154 69 natum
1068 658 120 69 est
1136 658 240 69 conuenire.
1325 658 137 69 ergo
1410 658 120 69 &c.
1479 658 154 69 Minor
1581 658 171 69 patet.
1684 658 154 69 quoniam

64 710 146 58 quae
155 710 128 58 deo
228 710 146 58 nata
319 710 146 58 sunt
410 710 255 58 conuenire,
610 710 164 58 omnia
720 710 128 58 per
793 710 328 58 supabundantiam
1066 710 219 58 dicuntur
1230 710 109 58 de
1284 710 128 58 eo.
1357 710 219 58 secundum
1521 710 146 58 enim
1612 710 182 58 beatum
1722 710 109 58 Dio-

58 765 100 54 ny,
115 765 114 54 Deus
186 765 100 54 non
243 765 100 54 est
301 765 129 54 bonus
386 765 100 54 sed
444 765 214 54 superbonus:
615 765 100 54 non
672 765 100 54 est
729 765 157 54 sapiens
844 765 100 54 sed
901 765 243 54 supersapiens:
1101 765 71 54 &
1129 765 100 54 sic
1187 765 86 54 de
1230 765 171 54 caeteris
1358 765 200 54 huiusmodi.
1515 765 114 54 quod
1587 765 129 54 autem
1673 765 100 54 per
1715 765 129 54 supabum

63 818 182 63 dantiam
196 818 182 63 dicitur
328 818 116 63 vni
394 818 132 63 soli
476 818 215 63 convenit.
642 818 132 63 ergo
724 818 116 63 &c.
790 818 83 63 ⁋
823 818 182 63 Secundo
955 818 116 63 sic
1022 818 182 63 ratione
1154 818 215 63 potentiae
1319 818 99 63 (&
1368 818 116 63 est
1435 818 149 63 ratio
1534 818 99 63 ex
1583 818 165 63 dictis
1682 818 149 63 Auicen.

53 866 109 66 i.
107 866 290 66 metaphysicae
343 866 163 66 suae)
452 866 200 66 diuersa
597 866 236 66 adinuicem
779 866 218 66 ordinata
942 866 200 66 oportet
1087 866 218 66 ordinari
1250 866 127 66 per
1323 866 200 66 aliquod
1468 866 163 66 vnum.
1577 866 127 66 cum
1650 866 145 66 enim
1740 866 127 66 di-

56 928 158 54 uersa
162 928 228 54 inquantum
337 928 228 54 huiusmodi
512 928 105 54 ex
564 928 193 54 seipsis
704 928 175 54 omnino
827 928 210 54 seiuncta
985 928 158 54 sunt,
1090 928 105 54 ex
1142 928 193 54 seipsis
1282 928 228 54 inquantum
1457 928 228 54 huiusmodi
1632 928 210 54 ordinata
1772 928 53 54 &

58 980 215 59 coniuncta
224 980 133 59 esse
307 980 116 59 non
373 980 182 59 possunt
506 980 133 59 nisi
589 980 116 59 per
655 980 199 59 accidens
804 980 133 59 quod
887 980 232 59 necessario
1069 980 215 59 reducitur
1235 980 99 59 ad
1284 980 182 59 aliquod
1417 980 116 59 per
1483 980 116 59 se.
1549 980 149 59 omnes
1649 980 166 59 partes
1748 980 83 59 vni

69 1035 153 58 uersi
171 1035 220 58 abinuicem
340 1035 204 58 diuersae
493 1035 153 58 sunt:
595 1035 85 58 &
629 1035 153 58 tamen
731 1035 170 58 ordine
849 1035 237 58 coniunctae
1036 1035 119 58 per
1104 1035 119 58 se,
1172 1035 85 58 &
1205 1035 305 58 essentialiter:
1460 1035 136 58 quia
1545 1035 187 58 quaedam
1680 1035 153 58 earum
1765 1035 68 58 mo

70 1086 166 65 uentur
187 1086 83 65 a
220 1086 216 65 quibusdam
386 1086 100 65 in
436 1086 133 65 suos
519 1086 166 65 fines:
635 1086 100 65 vt
685 1086 183 65 corpora
818 1086 216 65 inferiora
984 1086 83 65 a
1018 1086 283 65 superioribus,
1250 1086 83 65 &
1284 1086 133 65 illa
1367 1086 83 65 a
1400 1086 249 65 substantiis
1599 1086 233 65 separatis.
1766 1086 66 65 o-

51 1136 151 64 mnes
146 1136 151 64 ergo
240 1136 189 64 partes
372 1136 227 64 vniuersi
542 1136 264 64 ordinantur
750 1136 94 64 &
788 1136 302 64 coniunguntur
1033 1136 245 64 adinuicem
1222 1136 132 64 per
1297 1136 208 64 aliquod
1448 1136 170 64 vnum.
1562 1136 151 64 ille
1656 1136 132 64 est
1713 1136 113 64 quem

67 1191 203 56 vocamus
214 1191 166 56 deum,
325 1191 129 56 qui
399 1191 111 56 ad
454 1191 166 56 finem
565 1191 148 56 suum
658 1191 92 56 a
694 1191 111 56 se
750 1191 240 56 intentum,
935 1191 129 56 qui
1008 1191 148 56 ipse
1101 1191 148 56 est,
1193 1191 166 56 omnia
1304 1191 148 56 alia
1396 1191 166 56 mouet
1507 1191 203 56 tanquam
1655 1191 185 56 amatum
1766 1191 55 56 &

67 1244 290 68 desideratum,
303 1244 109 68 vt
357 1244 272 68 Philosophus
575 1244 163 68 vult.
683 1244 145 68 ergo
774 1244 145 68 deus
865 1244 145 68 vnus
956 1244 145 68 est.
1046 1244 91 68 ⁋
1082 1244 181 68 Tertio
1209 1244 109 68 ex
1264 1244 163 68 eodem
1373 1244 163 68 medio
1481 1244 199 68 ratione
1627 1244 181 68 morali
1735 1244 91 68 iu-

64 1295 120 65 xta
132 1295 222 65 doctrinam
303 1295 239 65 Philosophi
491 1295 103 65 in
542 1295 154 65 iiii.
645 1295 222 65 Politicae
816 1295 205 65 arguitur
970 1295 137 65 sic.
1055 1295 171 65 mundus
1175 1295 137 65 siue
1260 1295 222 65 vniuersum
1431 1295 308 65 perfectissimus
1687 1295 137 65 est,
1756 1295 68 65 vt

64 1354 169 57 probat
183 1354 271 57 Philosophus.
403 1354 102 57 i.
453 1354 135 57 cae.
538 1354 85 57 &
572 1354 152 57 mund.
673 1354 135 57 ergo
758 1354 152 57 debet
859 1354 135 57 esse
944 1354 322 57 ordinatissimus.
1215 1354 135 57 ordo
1299 1354 152 57 autem
1401 1354 169 57 mundi,
1519 1354 102 57 vt
1570 1354 135 57 vult
1655 1354 102 57 in
1706 1354 118 57 xi.
1756 1354 68 57 me

58 1408 276 60 taphysicae,
278 1408 129 60 est
352 1408 165 60 sicut
462 1408 239 60 exercitus
645 1408 110 60 ad
701 1408 239 60 principem
884 1408 92 60 &
921 1408 184 60 ducem.
1050 1408 147 60 ergo
1141 1408 165 60 debet
1252 1408 184 60 mundus
1380 1408 147 60 esse
1472 1408 239 60 ordinatus
1656 1408 110 60 ad
1692 1408 129 60 modum

62 1452 270 71 ordinatissimi
284 1452 254 71 principatus.
491 1452 238 71 Principatus
682 1452 143 71 autem
777 1452 95 71 in
824 1452 238 71 communitate
1015 1452 286 71 ordinatissimus
1253 1452 111 71 est
1317 1452 127 71 ille
1396 1452 111 71 qui
1460 1452 111 71 est
1523 1452 238 71 monarchicus
1714 1452 95 71 in
1746 1452 79 71 quo

62 1513 219 68 dominatur
230 1513 135 68 vnus
314 1513 168 68 solus,
432 1513 101 68 vt
483 1513 168 68 probat
600 1513 101 68 in
651 1513 151 68 iiii.
752 1513 235 68 politicae.
937 1513 135 68 ergo
1021 1513 135 68 ordo
1105 1513 151 68 mundi
1206 1513 151 68 debet
1307 1513 135 68 esse
1391 1513 101 68 ex
1441 1513 235 68 principatu
1626 1513 168 68 vnius.
1727 1513 101 68 ille

60 1565 154 73 autem
162 1565 120 73 qui
231 1565 154 73 mundo
333 1565 205 73 vniuerso
487 1565 256 73 principatur
692 1565 137 73 deus
778 1565 137 73 est.
863 1565 137 73 ergo
949 1565 120 73 &c.
1017 1565 85 73 ⁋
1051 1565 171 73 Quarto
1171 1565 103 73 ex
1222 1565 154 73 eodem
1325 1565 154 73 medio
1428 1565 205 73 arguitur
1581 1565 103 73 ex
1633 1565 171 73 dictis
1752 1565 103 73 Au
1787 1565 68 73 qu

66 1620 138 59 gust.
158 1620 123 59 iii.
234 1620 92 59 de
280 1620 123 59 lib.
357 1620 138 59 arbi.
449 1620 123 59 sic.
525 1620 153 59 melius
633 1620 107 59 est
694 1620 138 59 fieri
786 1620 107 59 per
847 1620 123 59 vnum
924 1620 123 59 quod
1000 1620 138 59 vnico
1092 1620 153 59 potest
1200 1620 153 59 fieri,
1307 1620 123 59 quam
1384 1620 199 59 pluribus.
1537 1620 153 59 Aliter
1644 1620 123 59 enim
1705 1620 123 59 fieri,

72 1672 113 56 est
136 1672 177 56 aliquid
265 1672 129 56 esse
345 1672 145 56 vanum
442 1672 80 56 &
474 1672 241 56 superfiuum.
667 1672 129 56 quod
748 1672 145 56 autem
844 1672 113 56 est
909 1672 161 56 melius
1021 1672 129 56 esse
1102 1672 129 56 quam
1182 1672 113 56 non
1247 1672 145 56 esse,
1343 1672 113 56 hoc
1408 1672 209 56 credendum
1569 1672 113 56 est
1633 1672 97 56 in
1681 1672 145 56 mundo
1762 1672 64 56 es

72 1719 119 76 se,
140 1719 102 76 vt
191 1719 170 76 dictum
310 1719 119 76 est
378 1719 119 76 per
446 1719 238 76 Augustinus
633 1719 136 76 ergo
718 1719 119 76 &c.
786 1719 85 76 ⁋
820 1719 170 76 Quinto
939 1719 119 76 sic
1006 1719 187 76 ratione
1142 1719 255 76 dignitatis.
1346 1719 102 76 in
1397 1719 204 76 quolibet
1550 1719 170 76 genere
1669 1719 153 76 rerum
1754 1719 102 76 ests

67 1781 203 61 aliquod
214 1781 185 61 primum
344 1781 259 61 principium
547 1781 148 61 quod
639 1781 129 61 est
713 1781 332 61 simplicissimum
990 1781 92 61 &
1027 1781 203 61 mensura
1175 1781 222 61 aliorum,
1341 1781 111 61 vt
1396 1781 111 61 in
1452 1781 222 61 melodiis
1618 1781 185 61 tonus.
1729 1781 92 61 si-

74 1831 122 64 cut
143 1831 139 64 vult
230 1831 296 64 Philosophous.
474 1831 157 64 iiii.
578 1831 296 64 metaphysicae,
821 1831 139 64 esse
908 1831 122 64 est
978 1831 139 64 vnum
1065 1831 157 64 genus
1169 1831 139 64 siue
1256 1831 209 64 intentio
1413 1831 122 64 vna
1482 1831 174 64 realis
1604 1831 104 64 in
1656 1831 122 64 qua
1708 1831 122 64 omnia

64 1894 270 59 conueniunt.
280 1894 198 59 oportet
425 1894 144 59 ergo
515 1894 180 59 ponere
641 1894 144 59 vnum
731 1894 180 59 primum
857 1894 126 59 ens
929 1894 325 59 simplicissimum
1200 1894 90 59 &
1236 1894 216 59 mensuram
1398 1894 108 59 in
1452 1894 144 59 esse
1543 1894 216 59 aliorum.
1705 1894 126 59 hoc
1759 1894 72 59 au

71 1944 125 59 tem
143 1944 143 59 deus
232 1944 143 59 est,
322 1944 107 59 vt
375 1944 161 59 dicit
483 1944 197 59 Commet.
626 1944 179 59 ibidem
751 1944 107 59 de
805 1944 161 59 primo
912 1944 107 59 in
966 1944 179 59 genere
1091 1944 286 59 substantiae,
1324 1944 107 59 ad
1378 1944 143 59 quam
1467 1944 251 59 reducuntur
1664 1944 161 59 omnia
1753 1944 72 59 ge

74 1994 140 62 nera
161 1994 280 62 accidentium.
388 1994 140 62 ergo
476 1994 122 62 &c.
546 1994 87 62 ⁋
581 1994 157 62 Sexto
686 1994 122 62 sic
756 1994 105 62 ex
808 1994 157 62 eodem
913 1994 157 62 medio
1018 1994 157 62 iuxta
1123 1994 175 62 dictum
1246 1994 157 62 beati
1351 1994 192 62 Dionys.
1491 1994 140 62 cap.
1578 1994 175 62 xiiii.
1701 1994 105 62 de
1736 1994 87 62 di.

62 2048 130 66 no.
137 2048 185 66 Semper
266 2048 241 66 multitudo
451 2048 130 66 est
526 2048 278 66 participans
748 2048 148 66 vno:
840 2048 130 66 sed
914 2048 167 66 omnis
1026 2048 241 66 multitudo
1211 2048 278 66 participans
1433 2048 130 66 vno
1507 2048 259 66 necessario
1692 2048 130 66 redu-

71 2086 146 90 citur
168 2086 97 90 ad
217 2086 97 90 id
265 2086 130 90 quid
346 2086 113 90 est
411 2086 130 90 vnum
492 2086 113 90 non
557 2086 276 90 participatum:
784 2086 113 90 sed
849 2086 113 90 per
914 2086 130 90 suam
995 2086 227 90 essentiam:
1173 2086 81 90 &
1206 2086 113 90 hoc
1270 2086 113 90 non
1335 2086 113 90 est
1400 2086 130 90 nisi
1481 2086 146 90 deus.
1578 2086 130 90 ergo
1659 2086 113 90 &c.
1724 2086 81 90 ⁋
1757 2086 113 90 Se-

72 2149 166 62 ptimo
182 2149 129 62 sic
256 2149 203 62 ratione
403 2149 295 62 operationis.
643 2149 129 62 vni
716 2149 166 62 motui
827 2149 240 62 respondet
1011 2149 147 62 vnus
1103 2149 184 62 motor.
1232 2149 221 62 secundum
1398 2149 295 62 Philosophum.
1638 2149 111 62 v.
1675 2149 147 62 physi.

74 2206 122 63 Sed
143 2206 174 63 tantum
265 2206 122 63 est
335 2206 139 63 vnus
422 2206 157 63 motus
527 2206 174 63 primus
649 2206 174 63 regula
771 2206 87 63 &
805 2206 192 63 mensura
945 2206 174 63 omnium
1067 2206 209 63 aliorum.
1224 2206 139 63 ergo
1311 2206 174 63 tantum
1433 2206 122 63 est
1502 2206 139 63 vnus
1589 2206 157 63 motor
1677 2206 139 63 primus

69 2255 202 64 secundum
221 2255 135 64 quod
305 2255 202 64 procedit
457 2255 270 64 demonstratio
677 2255 236 64 Philosophi
862 2255 118 64 in.
930 2255 152 64 viii.
1031 2255 186 64 physic.
1166 2255 135 64 ille
1250 2255 152 64 autem
1352 2255 118 64 non
1419 2255 118 64 est
1487 2255 135 64 nisi
1571 2255 152 64 deus.
1672 2255 135 64 ergo
1740 2255 84 64 &c.

74 2307 77 68 ⁋
104 2307 155 68 Octauo
213 2307 155 68 arguit
321 2307 124 68 Dam.
399 2307 124 68 lib.
476 2307 93 68 i.
523 2307 124 68 cap.
600 2307 93 68 v.
646 2307 170 68 ratione
770 2307 201 68 regiminis
925 2307 201 68 vniuersi,
1080 2307 124 68 sic.
1157 2307 93 68 si
1204 2307 155 68 essent
1312 2307 108 68 dii
1374 2307 155 68 multi,
1482 2307 155 68 essent
1591 2307 201 68 contrarii
1746 2307 77 68 &
1761 2307 62 68 re

72 2366 259 62 pugnantes:
275 2366 148 62 quia
367 2366 222 62 dignitas
534 2366 166 62 parem
645 2366 129 62 non
719 2366 222 62 patitur:
885 2366 92 62 &
922 2366 129 62 ita
996 2366 185 62 mundus
1125 2366 185 62 ordine
1255 2366 185 62 quieto
1384 2366 129 62 non
1458 2366 296 62 gubernaretur
1699 2366 111 62 ab
1736 2366 92 62 eis

67 2419 151 66 Nunc
161 2419 169 66 autem
274 2419 207 66 videmus
425 2419 132 66 eum
500 2419 188 66 quiete
632 2419 264 66 gubernari.
839 2419 151 66 ergo
933 2419 132 66 &c.
1008 2419 94 66 ⁋
1046 2419 113 66 Ad
1103 2419 132 66 hoc
1178 2419 151 66 sunt
1272 2419 301 66 auctoritates
1517 2419 188 66 sacrae
1630 2419 188 66 scriptu-

76 2480 122 57 rae.
152 2480 168 57 Deuter.
274 2480 122 57 iii.
350 2480 137 57 Neque
441 2480 107 57 est
502 2480 137 57 alius
594 2480 122 57 deus
670 2480 107 57 vel
731 2480 91 57 in
776 2480 137 57 caelo
868 2480 107 57 vel
929 2480 91 57 in
974 2480 152 57 terra.
1081 2480 122 57 ltem
1157 2480 168 57 ibidem.
1279 2480 122 57 vii.
1355 2480 122 57 Audi
1431 2480 152 57 Ifrael
1538 2480 168 57 dominus
1660 2480 122 57 deus
1721 2480 91 57 tuus

76 2517 133 83 deus
160 2517 133 83 vnus
243 2517 133 83 est.
326 2517 133 83 ltem
409 2517 150 83 Psal.
509 2517 150 83 xvii.
609 2517 133 83 Quis
692 2517 133 83 deus
775 2517 183 83 praeter
908 2517 133 83 deum
991 2517 200 83 nostrum:
1141 2517 150 83 ltem.
1241 2517 166 83 lxxxv.
1357 2517 100 83 Tu
1407 2517 100 83 es
1457 2517 133 83 deus
1540 2517 166 83 solus.
1657 2517 133 83 ltem
1723 2517 100 83 Esa.

78 2576 181 78 xliiii.
209 2576 165 78 Absque
324 2576 99 78 me
374 2576 115 78 non
439 2576 115 78 est
489 2576 115 78 deus.

69 2636 92 72 ⁋
105 2636 220 72 Dicendum
270 2636 110 72 ad
325 2636 147 72 hoc,
417 2636 147 72 quod
509 2636 110 72 ex
564 2636 128 72 iis
637 2636 147 72 quae
729 2636 165 72 dicta
839 2636 147 72 sunt
930 2636 110 72 in
985 2636 275 72 praecedenti
1205 2636 202 72 quaest.
1352 2636 128 72 non
1425 2636 128 72 est
1498 2636 183 72 soluta
1627 2636 147 72 ista
1700 2636 110 72 quae

75 2694 144 66 stio.
171 2694 208 66 licetenim
331 2694 128 66 deus
411 2694 112 66 sit
475 2694 128 66 vnus
555 2694 96 66 in
603 2694 160 66 natura
715 2694 80 66 &
747 2694 208 66 essentia,
907 2694 112 66 non
972 2694 96 66 ex
1020 2694 112 66 hoc
1084 2694 176 66 habetur
1212 2694 128 66 quod
1292 2694 112 66 sit
1356 2694 160 66 vnicus
1468 2694 80 66 &
1500 2694 160 66 tantum
1612 2694 128 66 vnus
1692 2694 96 66 in
1724 2694 96 66 sup-

65 2748 195 67 positis.
211 2748 146 67 Sicut
308 2748 97 67 ex
357 2748 114 67 hoc
422 2748 130 67 quod
503 2748 179 67 habemus
633 2748 130 67 quod
714 2748 130 67 homo
796 2748 114 67 sit
861 2748 146 67 vnus:
958 2748 130 67 quia
1039 2748 146 67 eadem
1137 2748 114 67 est
1202 2748 146 67 ratio
1299 2748 179 67 hominis
1429 2748 81 67 &
1462 2748 146 67 vnius
1559 2748 195 67 hominis:
1705 2748 114 67 non
1754 2748 65 67 ha

81 2800 148 59 bemus
179 2800 132 59 quod
261 2800 115 59 sit
327 2800 164 59 tantum
442 2800 132 59 vnus
524 2800 148 59 homo.
623 2800 279 59 Intelligendum
853 2800 164 59 igitur
968 2800 132 59 quod
1050 2800 132 59 vnum
1133 2800 115 59 cum
1198 2800 230 59 significat
1379 2800 263 59 indiuisionem
1593 2800 132 59 quae
1675 2800 115 59 est
1724 2800 99 59 nega

67 2855 119 59 tio
135 2855 85 59 &
169 2855 205 59 priuatio
323 2855 239 59 diuisionis
511 2855 256 59 simpliciter
716 2855 85 59 &
750 2855 239 59 communiter
937 2855 188 59 dictae,
1074 2855 205 59 secundum
1228 2855 137 59 quod
1313 2855 102 59 in
1364 2855 188 59 entibus
1501 2855 119 59 est
1569 2855 205 59 reperire
1706 2855 119 59 dupli

75 2910 132 69 cem
150 2910 282 69 diuisionem,
376 2910 226 69 secundum
546 2910 132 69 hoc
621 2910 151 69 vnum
715 2910 188 69 potest
847 2910 188 69 dicere
978 2910 226 69 duplicem
1148 2910 301 69 indiuisionem
1392 2910 245 69 oppositam
1580 2910 207 69 duplici
1712 2910 113 69 diui

69 2961 163 60 sioni
177 2961 235 60 existenti
358 2961 108 60 in
412 2961 217 60 entibus:
575 2961 90 60 &
611 2961 199 60 oportet
755 2961 126 60 nos
828 2961 126 60 sic
900 2961 253 60 procedere,
1099 2961 90 60 &
1135 2961 163 60 iuxta
1243 2961 217 60 rationem
1406 2961 253 60 diuisionis
1586 2961 235 60 inuestigare

69 3015 209 68 rationem
225 3015 296 68 indiuisionis:
469 3015 139 68 quia
557 3015 192 68 diuisio
696 3015 157 68 nobis
801 3015 174 68 notior
923 3015 122 68 est
992 3015 279 68 indiuisione:
1219 3015 87 68 &
1254 3015 227 68 multitudo
1428 3015 209 68 vnitate,
1585 3015 105 68 vt
1637 3015 174 68 dictum
1742 3015 87 68 est

66 3068 178 63 supra.
191 3068 125 63 Est
262 3068 160 63 autem
369 3068 107 63 in
422 3068 196 63 entibus
565 3068 125 63 vna
636 3068 196 63 diuisio
778 3068 231 63 aliquorum
957 3068 107 63 vt
1010 3068 178 63 omnino
1135 3068 267 63 separatorum
1348 3068 125 63 non
1419 3068 125 63 sub
1491 3068 178 63 aliqua
1615 3068 196 63 vnitate
1740 3068 89 63 con

71 3123 232 66 tentorum,
250 3123 107 66 vt
304 3123 125 66 est
375 3123 232 66 denarius.
554 3123 107 66 x.
607 3123 215 66 hominum,
768 3123 232 66 inquantum
947 3123 143 66 sunt
1036 3123 179 66 multi:
1162 3123 89 66 &
1197 3123 232 66 inquantum
1376 3123 197 66 numerus
1519 3123 215 66 denarius
1680 3123 125 66 est
1734 3123 89 66 mul

74 3173 193 68 titudo.
215 3173 105 68 x.
267 3173 228 68 vnitatum.
442 3173 140 68 Alia
530 3173 140 68 vero
617 3173 123 68 est
688 3173 193 68 diuisio
828 3173 228 68 aliquorum
1003 3173 105 68 vt
1055 3173 123 68 sub
1125 3173 193 68 vnitate
1266 3173 210 68 alicuius
1423 3173 175 68 formae
1546 3173 280 68 contentorum,
1756 3173 70 68 vt

71 3233 132 80 est
147 3233 227 80 denarius
317 3233 170 80 decem
430 3233 208 80 hominum
582 3233 246 80 inquantum
771 3233 151 80 sunt
865 3233 208 80 multum,
1017 3233 95 80 &
1055 3233 246 80 inquantum
1244 3233 227 80 secundum
1414 3233 303 80 Philosophum.
1660 3233 113 80 v.
1698 3233 132 80 meta.
