2313 3775
451 319 205 72 denarius
605 319 120 72 est
673 319 154 72 semel
776 319 171 72 decem,
895 319 120 72 non
964 319 171 72 decies
1083 319 154 72 vnum.
1186 319 103 72 vt
1237 319 120 72 est
1305 319 222 72 similiter
1476 319 137 72 omne
1562 319 154 72 totum
1664 319 103 72 ex
1715 319 205 72 pluribus
1869 319 205 72 partibus
2006 319 205 72 integratum

448 379 126 63 sub
520 379 126 63 vna
592 379 162 63 forma
700 379 252 63 contentum,
898 379 126 63 vel
970 379 234 63 naturali,
1150 379 216 63 secundum
1312 379 144 63 quod
1401 379 144 63 omne
1491 379 234 63 continuum
1671 379 108 63 vt
1725 379 162 63 omnis
1833 379 234 63 magnitudo
2013 379 90 63 &
2049 379 144 63 omne
2121 379 108 63 ani-

451 424 118 71 mal
519 424 237 71 compositum
705 424 101 71 ex
755 424 203 71 pluribus
907 424 186 71 membris
1042 424 118 71 est
1110 424 152 71 vnum:
1211 424 118 71 vel
1279 424 270 71 artificiali,
1499 424 203 71 secundum
1651 424 135 71 quod
1735 424 135 71 vnum
1820 424 118 71 est
1887 424 135 71 omne
1972 424 253 71 aggregatum:
2157 424 68 71 vt

461 483 115 73 est
526 483 131 73 omne
608 483 148 73 totum
707 483 181 73 glutino
838 483 115 73 vel
904 483 164 73 colla,
1019 483 148 73 sicut
1118 483 148 73 domus
1216 483 115 73 vel
1282 483 148 73 arca.
1380 483 181 73 Diuisio
1512 483 148 73 primo
1610 483 131 73 modo
1692 483 181 73 proprie
1824 483 263 73 significatur
2037 483 164 73 nomine
2136 483 82 73 mul

460 542 242 68 titudinis,
650 542 87 68 &
685 542 121 68 est
754 542 104 68 in
806 542 208 68 quolibet
962 542 173 68 numero
1083 542 225 68 inquantum
1256 542 121 68 est
1325 542 225 68 multitudo
1498 542 190 68 quaedam
1637 542 104 68 ex
1688 542 242 68 vnitatibus
1879 542 225 68 producta.
2052 542 208 68 secundum

456 587 133 65 quod
540 587 150 65 dicit
640 587 267 65 Philosophous
857 587 117 65 in.
924 587 150 65 iiii.
1024 587 184 65 Metaph.
1157 587 150 65 Multa
1257 587 133 65 sunt
1341 587 117 65 vna
1407 587 167 65 plura.
1524 587 83 65 &
1558 587 117 65 hoc
1624 587 133 65 modo
1708 587 150 65 multa
1808 587 217 65 inquantum
1975 587 217 65 huiusmodi
2125 587 100 65 nul-

459 637 99 76 lo
508 637 132 76 modo
590 637 247 76 participant
788 637 132 76 vno,
870 637 115 76 sed
936 637 148 76 solum
1035 637 230 76 reducuntur
1216 637 99 76 ad
1265 637 148 76 vnum,
1364 637 99 76 vt
1413 637 148 76 infra
1512 637 198 76 patebit.
1660 637 148 76 sicut
1759 637 148 76 neque
1858 637 247 76 participant
2055 637 148 76 ente.
2138 637 82 76 Non

462 694 136 69 enim
547 694 136 69 sunt
632 694 119 69 ens
700 694 119 69 aut
769 694 153 69 vnum,
871 694 119 69 sed
939 694 153 69 entia
1041 694 85 69 &
1075 694 136 69 vna.
1160 694 119 69 Nec
1228 694 153 69 cadit
1330 694 153 69 talis
1433 694 221 69 multitudo
1603 694 102 69 in
1654 694 221 69 diuisione
1824 694 153 69 entis
1927 694 119 69 aut
1995 694 170 69 vnius.
2097 694 119 69 Nulla

466 749 131 70 enim
547 749 147 70 esset
646 749 180 70 diuisio
776 749 180 70 dicere,
907 749 164 70 entium
1022 749 147 70 aliud
1120 749 115 70 est
1185 749 115 70 ens
1251 749 147 70 vnum,
1349 749 131 70 alia
1431 749 131 70 sunt
1513 749 147 70 entia
1611 749 164 70 multa.
1725 749 180 70 Diuisio
1856 749 180 70 secundo
1987 749 131 70 modo
2052 749 164 70 signifi-

459 798 150 65 catur
560 798 184 65 proprie
693 798 167 65 nomine
810 798 150 65 multi
910 798 267 65 singulariter
1127 798 167 65 dicti:
1244 798 84 65 &
1278 798 117 65 est
1345 798 100 65 in
1395 798 200 65 quolibet
1545 798 217 65 composito
1712 798 100 65 ex
1762 798 200 65 partibus
1912 798 217 65 inquantum
2079 798 117 65 sub
2129 798 84 65 vna

459 854 158 67 forma
565 854 281 67 continentur.
793 854 123 67 Est
863 854 140 67 enim
950 854 228 67 quodlibet
1126 854 140 67 tale
1213 854 175 67 multum
1336 854 193 67 ratione
1477 854 193 67 partium
1617 854 263 67 diuersarum,
1827 854 88 67 &
1862 854 140 67 vnum
1950 854 193 67 ratione
2073 854 140 67 formae

465 906 234 63 continentis
652 906 171 63 partes.
777 906 78 63 &
808 906 125 63 quod
886 906 125 63 tale
964 906 125 63 est:
1042 906 203 63 opponitur
1198 906 109 63 vni
1260 906 156 63 omnino
1370 906 203 63 simplici:
1525 906 78 63 &
1557 906 140 63 cadit
1650 906 94 63 in
1697 906 203 63 diuisione
1853 906 140 63 entis
1946 906 156 63 contra
2056 906 140 63 ipsum
2133 906 94 63 diui

455 964 137 64 sum.
540 964 137 64 vnum
626 964 137 64 enim
712 964 274 64 simplicitate
934 964 171 64 formae
1054 964 86 64 &
1088 964 205 64 carentia
1242 964 188 64 partium
1379 964 120 64 sub
1447 964 154 64 ipsa,
1550 964 154 64 dicit
1652 964 274 64 indiuisionem
1875 964 222 64 oppositam
2029 964 188 64 diuisioni

454 1021 270 62 multitudinis
673 1021 185 62 partium
808 1021 270 62 quaruncumque
1027 1021 118 62 sub
1094 1021 118 62 vna
1162 1021 152 62 forma
1263 1021 270 62 contentarum.
1482 1021 202 62 secundum
1633 1021 135 62 quod
1718 1021 152 62 dicit
1819 1021 185 62 Commen.
1953 1021 168 62 super.
2071 1021 118 62 xi.
2122 1021 101 62 Meta

458 1074 217 67 physicae.
625 1074 133 67 Vnum
708 1074 133 67 quod
791 1074 183 67 dicitur
925 1074 100 67 de
975 1074 217 67 continuo,
1141 1074 233 67 significat
1325 1074 183 67 aliquod
1458 1074 167 67 multum
1574 1074 100 67 in
1624 1074 200 67 potentia
1774 1074 83 67 &
1808 1074 133 67 vnum
1891 1074 100 67 in
1941 1074 167 67 actum.
2041 1074 183 67 Continuum

453 1129 138 63 enim
539 1129 242 63 diuisibile
729 1129 138 63 est:
816 1129 190 63 simplex
954 1129 156 63 autem
1058 1129 225 63 absolutum
1231 1129 294 63 indiuisibile.
1473 1129 86 63 &
1508 1129 242 63 opponuntur
1698 1129 138 63 haec
1785 1129 138 63 vnum
1871 1129 86 63 &
1906 1129 173 63 multum
2009 1129 208 63 priuatiue.

461 1179 130 68 Vnum
542 1179 147 68 autem
640 1179 179 68 commune
770 1179 130 68 quod
852 1179 244 68 conuertitur
1047 1179 114 68 cum
1112 1179 147 68 ente,
1210 1179 114 68 est
1275 1179 147 68 illud
1373 1179 130 68 quod
1454 1179 147 68 dicit
1552 1179 261 68 indiuisionem
1764 1179 212 68 oppositam
1927 1179 212 68 diuisioni
2090 1179 130 68 quam
2155 1179 65 68 di

456 1237 125 65 cit
528 1237 233 65 multitudo
707 1237 197 65 plurium
850 1237 305 65 disiunctorum,
1101 1237 90 65 &
1137 1237 233 65 inquantum
1316 1237 143 65 ipsa
1406 1237 233 65 multitudo
1585 1237 251 65 componitur
1782 1237 108 65 ex
1836 1237 233 65 huiusmodi
1997 1237 215 65 vnitatibus

455 1284 241 68 opponuntur
644 1284 138 68 vnum
730 1284 86 68 &
765 1284 155 68 multa
868 1284 224 68 relatiue,
1040 1284 155 68 sicut
1143 1284 189 68 mensura
1281 1284 86 68 &
1316 1284 258 68 mensuratum:
1522 1284 207 68 secundum
1677 1284 138 68 quod
1763 1284 155 68 dicit
1867 1284 293 68 Philosophous.
2090 1284 121 68 iiii.

458 1336 246 56 Metaphysicae.
660 1336 116 56 quod
732 1336 159 56 numerus
848 1336 101 56 est
906 1336 188 56 multitudo
1051 1336 188 56 mensurata
1195 1336 101 56 per
1253 1336 130 56 vnum.
1340 1336 72 56 &
1369 1336 87 56 de
1412 1336 116 56 tali
1484 1336 159 56 vnitate
1600 1336 101 56 est
1658 1336 101 56 hic
1716 1336 188 56 quaestio:
1860 1336 145 56 vtrum.
1962 1336 174 56 scilicet
2092 1336 116 56 deus
2150 1336 72 56 ita

455 1389 115 69 sit
520 1389 131 69 vnus
602 1389 131 69 quod
685 1389 115 69 non
750 1389 131 69 sint
832 1389 148 69 multi
931 1389 131 69 dii.
1013 1389 99 69 Et
1062 1389 164 69 restat
1177 1389 164 69 multum
1292 1389 197 69 quaerere
1440 1389 99 69 de
1489 1389 115 69 deo
1555 1389 148 69 vtrum
1654 1389 115 69 sit
1719 1389 131 69 vnus
1801 1389 263 69 simpliciter,
2015 1389 99 69 de
2064 1389 115 69 quo
2113 1389 99 69 habi

461 1442 110 56 tum
524 1442 110 56 est
587 1442 94 56 in
634 1442 173 56 quaest.
760 1442 189 56 praeced.
902 1442 79 56 &
934 1442 142 56 vtrum
1028 1442 110 56 sit
1091 1442 126 56 vnus
1170 1442 110 56 ita
1233 1442 126 56 quod
1312 1442 110 56 non
1374 1442 173 56 multus.
1500 1442 94 56 de
1548 1442 110 56 quo
1611 1442 205 56 habebitur
1768 1442 157 56 infra,
1878 1442 189 56 loquendo
2020 1442 94 56 de
2067 1442 126 56 eius
2130 1442 79 56 sim

465 1497 228 74 plicitate.
644 1497 81 74 &
676 1497 146 74 vtrum
774 1497 114 74 sit
839 1497 146 74 vnus,
937 1497 114 74 ita
1002 1497 130 74 quod
1083 1497 114 74 non
1148 1497 130 74 sint
1229 1497 179 74 plures:
1360 1497 98 74 de
1408 1497 114 74 quo
1474 1497 163 74 agitur
1587 1497 130 74 hic.
1669 1497 98 74 In
1718 1497 146 74 prima
1815 1497 130 74 enim
1897 1497 81 74 l
1929 1497 130 74 vnus
2010 1497 179 74 tenetur
2124 1497 98 74 abso

454 1553 152 57 lute.
555 1553 101 57 in
606 1553 185 57 secunda
740 1553 135 57 vero
825 1553 253 57 discretiue.
1027 1553 101 57 in
1077 1553 168 57 tertia
1195 1553 135 57 vero
1263 1553 269 57 participatiue.

506 1579 122 101 Ad
567 1579 305 101 quaestionem
811 1579 163 101 ergo
913 1579 163 101 hanc
1014 1579 122 101 an
1075 1579 142 101 sit
1156 1579 203 101 tantum
1299 1579 163 101 vnus
1400 1579 183 101 deus:
1522 1579 244 101 dicendum
1705 1579 142 101 est
1786 1579 244 101 absolute
1969 1579 163 101 quod
2071 1579 163 101 sic.
2152 1579 61 101 &

457 1667 118 70 hoc
524 1667 236 70 conuincunt
710 1667 185 70 aliquae
844 1667 101 70 ex
895 1667 236 70 rationibus
1080 1667 269 70 supradictis,
1299 1667 252 70 probantibus
1500 1667 135 70 quod
1585 1667 135 70 deus
1669 1667 135 70 est,
1753 1667 118 70 non
1820 1667 151 70 tamen
1921 1667 151 70 omnes
2022 1667 118 70 hoc
2073 1667 151 70 conuin-

467 1721 145 69 cunt.
564 1721 113 69 Per
628 1721 194 69 rationes
774 1721 129 69 enim
854 1721 161 69 Philo.
967 1721 113 69 ii.
1032 1721 178 69 Metaph.
1161 1721 97 69 ex
1209 1721 145 69 statu
1306 1721 161 69 causae
1419 1721 97 69 in
1467 1721 161 69 genere
1580 1721 161 69 causae
1693 1721 242 69 efficientis
1887 1721 81 69 &
1919 1721 194 69 formalis
2065 1721 129 69 bene
2145 1721 113 69 pro

461 1774 144 63 batur
557 1774 128 63 quod
637 1774 128 63 deus
717 1774 128 63 est,
797 1774 80 63 &
829 1774 112 63 ita
893 1774 128 63 quod
974 1774 128 63 vnus
1054 1774 128 63 est,
1134 1774 128 63 quia
1214 1774 112 63 non
1278 1774 112 63 est
1342 1774 112 63 ens
1406 1774 128 63 nisi
1486 1774 144 63 vnum,
1582 1774 192 63 secundum
1726 1774 128 63 quod
1807 1774 192 63 procedit
1951 1774 224 63 praecedens
2111 1774 96 63 quae

458 1827 145 62 stio:
554 1827 113 62 sed
619 1827 113 62 non
683 1827 177 62 probant
812 1827 129 62 quod
892 1827 161 62 tantum
1005 1827 129 62 vnus
1086 1827 129 62 est:
1166 1827 129 62 quia
1246 1827 113 62 cum
1311 1827 113 62 hoc
1375 1827 129 62 quod
1456 1827 193 62 rationes
1600 1827 145 62 illae
1697 1827 177 62 probant
1826 1827 129 62 omne
1906 1827 145 62 genus
2003 1827 161 62 causae
2099 1827 113 62 stare

463 1880 233 63 sigillatim
646 1880 100 63 in
696 1880 116 63 vno
763 1880 116 63 sui
829 1880 200 63 generis:
979 1880 116 63 non
1046 1880 200 63 probatur
1195 1880 133 63 quod
1278 1880 133 63 omne
1362 1880 150 63 genus
1461 1880 166 63 causae
1578 1880 133 63 stet
1661 1880 150 63 simul
1761 1880 100 63 in
1811 1880 166 63 aliquo
1927 1880 116 63 vno
1994 1880 83 63 &
2027 1880 116 63 non
2094 1880 100 63 in
2127 1880 83 63 plu

455 1939 156 67 ribus.
565 1939 141 67 Illud
658 1939 125 67 enim
737 1939 125 67 deus
815 1939 156 67 esset,
924 1939 78 67 &
955 1939 156 67 tantum
1065 1939 141 67 vnus.
1158 1939 109 67 Nec
1221 1939 141 67 etiam
1315 1939 172 67 videtur
1440 1939 109 67 hoc
1502 1939 172 67 probari
1627 1939 94 67 ex
1674 1939 281 67 demonstratione
1908 1939 234 67 Aristoteles
2080 1939 125 67 viiii.

464 1987 244 72 physicae.
652 1987 131 72 cum
727 1987 188 72 probat
859 1987 131 72 per
934 1987 282 72 reductionem
1159 1987 188 72 omnium
1291 1987 188 72 motuum
1422 1987 113 72 ad
1478 1987 150 72 vnum
1572 1987 169 72 motum
1685 1987 207 72 primum,
1835 1987 94 72 &
1873 1987 188 72 omnium
2004 1987 207 72 motorum
2136 1987 75 72 ad

455 2046 173 65 motorem
581 2046 157 65 omnium
691 2046 173 65 primum:
817 2046 126 65 quod
895 2046 94 65 de
943 2046 236 65 necessitate
1131 2046 110 65 sit
1194 2046 157 65 tantum
1304 2046 126 65 vnus
1383 2046 157 65 primus
1493 2046 157 65 motor,
1603 2046 110 65 qui
1666 2046 110 65 non
1729 2046 110 65 est
1792 2046 126 65 nisi
1870 2046 141 65 deus.
1964 2046 157 65 Dicere
2075 2046 126 65 enim
2137 2046 79 65 pos

448 2097 119 70 set
516 2097 254 70 aduersarius
719 2097 136 70 quod
804 2097 136 70 bene
889 2097 153 70 verum
991 2097 119 70 est
1058 2097 136 70 quod
1143 2097 136 70 vnum
1228 2097 119 70 est
1296 2097 170 70 primum
1414 2097 102 70 in
1465 2097 170 70 genere
1584 2097 237 70 mouentium.
1770 2097 119 70 Nam
1838 2097 102 70 si
1889 2097 170 70 essent
2008 2097 170 70 plures
2109 2097 119 70 simul

458 2148 225 70 mouentes,
631 2148 173 70 neuter
752 2148 156 70 esset
856 2148 225 70 perfectus
1029 2148 173 70 motor,
1150 2148 86 70 &
1184 2148 156 70 esset
1288 2148 190 70 aliquis
1426 2148 138 70 vnus
1513 2148 156 70 prior
1617 2148 138 70 eis:
1703 2148 138 70 quia
1790 2148 225 70 perfectum
1963 2148 173 70 semper
2066 2148 156 70 praece-

461 2201 122 67 dit
530 2201 262 67 imperfectum
740 2201 105 67 in
793 2201 227 67 diuersis.
968 2201 210 67 secundum
1125 2201 262 67 Philosophum
1335 2201 122 67 in.
1405 2201 122 67 xi.
1475 2201 192 67 Metaph.
1615 2201 105 67 et
1668 2201 122 67 sic
1738 2201 140 67 vnus
1825 2201 192 67 moueret
1965 2201 140 67 post
2035 2201 175 67 alterum-

453 2256 87 61 &
487 2256 122 61 ita
557 2256 174 61 essent
678 2256 174 61 plures
800 2256 261 61 successiue,
1008 2256 87 61 &
1043 2256 122 61 sic
1113 2256 174 61 neuter
1234 2256 156 61 esset
1339 2256 208 61 proprius
1495 2256 156 61 motor
1599 2256 156 61 neque
1703 2256 243 61 naturalis,
1894 2256 122 61 sed
1964 2256 139 61 ambo
2033 2256 174 61 acciden-

455 2314 165 59 tales.
571 2314 116 59 Non
637 2314 149 59 tamen
737 2314 99 59 ex
786 2314 116 59 hoc
852 2314 182 59 habetur
985 2314 132 59 quod
1068 2314 165 59 tantum
1183 2314 116 59 sit
1250 2314 132 59 vnum
1332 2314 165 59 primum
1448 2314 165 59 omnium
1564 2314 83 59 &
1597 2314 132 59 vnus
1680 2314 149 59 deus:
1779 2314 182 59 quoniam
1911 2314 132 59 ille
1994 2314 149 59 motor
2077 2314 132 59 potest

456 2361 144 72 dici
546 2361 144 72 esse
636 2361 180 72 primus
762 2361 180 72 ordine
887 2361 90 72 &
923 2361 270 72 perfectione
1139 2361 90 72 &
1175 2361 270 72 causalitate
1390 2361 216 72 mouendi:
1552 2361 126 72 non
1624 2361 162 72 tamen
1732 2361 270 72 causalitate
1947 2361 270 72 efficiendi:
2145 2361 72 72 vt

472 2413 147 57 licet
570 2413 147 57 omnes
668 2413 196 57 dicantur
815 2413 164 57 moueri
930 2413 98 57 ab
979 2413 115 57 vno
1045 2413 164 57 primo:
1159 2413 115 57 non
1225 2413 147 57 tamen
1323 2413 180 57 oportet
1454 2413 180 57 propter
1585 2413 115 57 hoc
1650 2413 164 57 dicere
1765 2413 131 57 quod
1847 2413 147 57 omnes
1945 2413 164 57 habent
2060 2413 131 57 esse
2142 2413 98 57 in

461 2469 151 66 forma
562 2469 84 66 &
595 2469 234 66 substantia
779 2469 117 66 sua
846 2469 100 66 ab
897 2469 134 66 illo
980 2469 117 66 vno
1047 2469 167 66 primo,
1164 2469 117 66 sed
1231 2469 151 66 forte
1332 2469 100 66 ab
1382 2469 151 66 alio.
1482 2469 84 66 &
1516 2469 117 66 sic
1583 2469 151 66 licet
1683 2469 134 66 ille
1767 2469 117 66 sit
1834 2469 167 66 primus
1951 2469 100 66 in
2001 2469 167 66 genere
2102 2469 117 66 cause

462 2520 206 65 mouentis:
621 2520 111 65 non
684 2520 175 65 oportet
811 2520 95 65 ex
859 2520 111 65 hoc
922 2520 127 65 quod
1002 2520 111 65 sit
1065 2520 159 65 primus
1176 2520 95 65 in
1224 2520 159 65 genere
1335 2520 159 65 causae
1446 2520 254 65 efficientis,
1652 2520 111 65 nec
1716 2520 143 65 forte
1811 2520 95 65 in
1859 2520 159 65 genere
1970 2520 159 65 causae
2065 2520 143 65 finalis

454 2579 235 54 similiter
635 2579 253 54 oportebit:
833 2579 108 54 vt
888 2579 199 54 dicatur
1032 2579 145 54 quod
1123 2579 145 54 etsi
1213 2579 217 54 mouentia
1376 2579 90 54 &
1412 2579 145 54 mota
1502 2579 253 54 diuersorum
1701 2579 199 54 generum
1846 2579 199 54 moueant
1990 2579 90 54 &
2008 2579 199 54 moueantur

474 2631 174 71 propter
601 2631 127 71 vnum
680 2631 174 71 primum,
806 2631 127 71 quod
885 2631 111 71 hoc
949 2631 111 71 sit
1012 2631 174 71 propter
1138 2631 127 71 vnum
1218 2631 174 71 primum,
1344 2631 111 71 sed
1407 2631 174 71 propter
1534 2631 190 71 diuersa:
1676 2631 79 71 &
1708 2631 142 71 tamen
1803 2631 206 71 quodlibet
1961 2631 174 71 illorum
2087 2631 95 71 si
2119 2631 95 71 pona

461 2685 111 66 tur
525 2685 174 66 primum,
651 2685 238 66 necessarium
841 2685 111 66 est
905 2685 158 66 ponere
1016 2685 143 66 ipsum
1111 2685 127 66 esse
1190 2685 143 66 deum.
1285 2685 143 66 Dicta
1380 2685 127 66 ergo
1459 2685 254 66 demonstratio
1665 2685 158 66 Philo.
1776 2685 111 66 ex.
1840 2685 143 66 viii.
1935 2685 206 66 physicae.
2093 2685 111 66 non
2141 2685 79 66 con

467 2747 176 60 uincit
591 2747 246 60 propositum
784 2747 141 60 nisi
872 2747 158 60 valde
978 2747 246 60 implicite.
1171 2747 211 60 Procedit
1329 2747 141 60 enim
1417 2747 229 60 solummodo
1593 2747 123 60 via
1664 2747 176 60 motus,
1787 2747 141 60 quam
1875 2747 158 60 solam
1980 2747 158 60 habet
2068 2747 141 60 natura

455 2792 115 68 lis
520 2792 246 68 Philosophus
717 2792 263 68 considerare:
931 2792 131 68 quia
1013 2792 246 68 impossibile
1210 2792 115 68 est
1276 2792 214 68 declarari
1440 2792 99 68 in
1489 2792 246 68 naturalibus
1686 2792 131 68 alia
1769 2792 115 68 via
1834 2792 246 68 substantiam
2015 2792 197 68 abstractam

472 2845 121 72 esse
548 2845 121 72 nisi
624 2845 91 72 ex
669 2845 137 72 motu.
760 2845 76 72 &
791 2845 91 72 si
836 2845 121 72 sint
912 2845 137 72 aliae
1003 2845 137 72 viae,
1094 2845 137 72 illae
1185 2845 228 72 monstrantur
1368 2845 91 72 in
1413 2845 228 72 philosophia
1595 2845 152 72 prima.
1702 2845 91 72 vt
1747 2845 137 72 dicit
1838 2845 197 72 Commneto.
1990 2845 152 72 super.
2097 2845 106 72 xi.
2142 2845 76 72 Via

451 2902 156 58 autem
554 2902 156 58 motus
658 2902 225 58 inquantum
831 2902 225 58 huiusmodi
1004 2902 121 58 non
1073 2902 207 58 probatur
1229 2902 138 58 esse
1315 2902 138 58 vnum
1402 2902 173 58 primum
1523 2902 138 58 nisi
1609 2902 104 58 in
1661 2902 190 58 ratione
1799 2902 225 58 mouentis:
1972 2902 121 58 non
2041 2902 156 58 autem
2145 2902 104 58 in

457 2954 169 63 ratione
579 2954 230 63 efficientis
764 2954 107 63 vel
825 2954 153 63 finis.
932 2954 107 63 Nec
994 2954 138 63 etiam
1086 2954 292 63 demonstrationes
1331 2954 169 63 secundi
1454 2954 138 63 Meta.
1546 2954 246 63 singulariter
1746 2954 184 63 acceptae
1884 2954 107 63 hoc
1945 2954 230 63 convincunt:
2129 2954 107 63 sed

464 3007 91 73 si
509 3007 137 73 omnes
601 3007 137 73 simul
692 3007 213 73 conssentur
859 3007 91 73 in
904 3007 137 73 vnum,
996 3007 122 73 bene
1072 3007 213 73 convincunt
1239 3007 228 73 propositum.
1421 3007 76 73 &
1451 3007 122 73 ideo
1527 3007 228 73 Philosophus
1710 3007 106 73 in.
1770 3007 122 73 xii.
1846 3007 137 73 Meta.
1938 3007 213 73 reuertitur
2105 3007 137 73 super

452 3064 138 61 suam
538 3064 328 61 demonstrationen
815 3064 190 61 habitam
953 3064 104 61 in
1005 3064 155 61 viii.
1108 3064 225 61 Physicae.
1281 3064 86 61 &
1316 3064 207 61 adiungit
1471 3064 138 61 sibi
1557 3064 155 61 illas
1661 3064 104 61 de
1713 3064 190 61 secundo
1851 3064 155 61 Meta.
1955 3064 225 61 reducendo
2110 3064 104 61 tria

460 3120 176 54 genera
584 3120 211 54 causarum
742 3120 106 54 in
795 3120 159 54 vnam,
901 3120 211 54 probando
1059 3120 141 54 quod
1147 3120 159 54 agens
1253 3120 88 54 &
1288 3120 159 54 finis
1394 3120 141 54 sunt
1482 3120 141 54 idem
1570 3120 123 54 cum
1640 3120 176 54 forma:
1764 3120 211 54 probando
1922 3120 123 54 per
1993 3120 123 54 hoc
2063 3120 123 54 non
2116 3120 88 54 so-

460 3171 120 55 lum
529 3171 137 55 esse
614 3171 137 55 vnum
700 3171 172 55 primum
820 3171 240 55 principium
1009 3171 172 55 omnium
1129 3171 137 55 quod
1215 3171 137 55 deus
1301 3171 137 55 est,
1387 3171 103 55 in
1439 3171 206 55 singulis
1593 3171 223 55 generibus
1765 3171 223 55 causarum:
1936 3171 120 55 sed
2005 3171 103 55 in
2039 3171 155 55 omnibus

451 3220 166 93 simul,
568 3220 83 93 &
601 3220 116 93 sic
667 3220 133 93 quod
750 3220 116 93 sit
816 3220 166 93 tantum
933 3220 133 93 vnus
1015 3220 149 93 deus:
1115 3220 83 93 &
1148 3220 166 93 tantum
1264 3220 133 93 vnum
1347 3220 249 93 principium.
1546 3220 166 93 Probat
1663 3220 133 93 enim
1745 3220 133 93 quod
1828 3220 149 93 agens
1928 3220 133 93 idem
2011 3220 116 93 est
2077 3220 116 93 cum
2127 3220 83 93 sor
