2479 3781
448 288 160 83 viam:
555 288 213 83 superest
715 288 178 83 igitur
839 288 107 83 vt
892 288 107 83 in
945 288 160 83 istam
1052 288 178 83 partem
1176 288 142 83 sine
1265 288 266 83 dubitatione
1478 288 266 83 contulerit:
1691 288 89 83 &
1727 288 178 83 statim
1851 288 107 83 in
1904 288 160 83 illum
2011 288 231 83 anfractum

459 369 178 59 leporem
588 369 259 59 persequitur.
799 369 97 59 Et
847 369 129 59 quod
928 369 146 59 canis
1025 369 129 59 iste
1106 369 97 59 in
1154 369 113 59 hoc
1219 369 194 59 obseruat
1365 369 146 59 artis
1462 369 275 59 syllogisticae
1688 369 178 59 regulam
1818 369 162 59 statim
1931 369 129 59 Amb.
2012 369 194 59 exponit.
2141 369 65 59 de

458 419 147 61 Nonne
556 419 147 61 totos
654 419 131 61 dies
736 419 213 61 conterunt
900 419 229 61 philosophi
1080 419 278 61 propositiones
1309 419 131 61 sibi
1391 419 246 61 diuidentes:
1588 419 82 61 &
1620 419 98 61 ex
1670 419 164 61 tribus
1784 419 115 61 cum
1850 419 131 61 vnam
1932 419 147 61 earum
2030 419 147 61 veram
2112 419 98 61 esse

462 471 169 63 necesse
584 471 123 63 sit,
661 471 123 63 duas
738 471 138 63 earum
830 471 92 63 in
876 471 200 63 principio
1030 471 246 63 interficiunt
1229 471 169 63 tanquam
1352 471 184 63 mendacio
1490 471 261 63 conuenientes:
1705 471 77 63 &
1736 471 107 63 sic
1797 471 92 63 in
1844 471 92 63 ea
1890 471 123 63 quae
1966 471 169 63 relicta
2089 471 107 63 est
2135 471 77 63 vim

466 526 198 63 veritatis
618 526 122 63 esse
694 526 213 63 definiunt:
861 526 137 63 Canis
953 526 122 63 ergo
1029 526 137 63 facit
1120 526 122 63 quod
1196 526 137 63 artis
1287 526 259 63 syllogisticae
1500 526 122 63 est,
1576 526 152 63 omnino
1683 526 122 63 sine
1759 526 122 63 arte
1835 526 76 63 &
1865 526 122 63 sine
1941 526 213 63 principiis
2094 526 106 63 artis

461 578 85 61 ab
503 578 114 61 ipso
574 578 199 61 perceptis:
730 578 114 61 puer
801 578 128 61 autem
886 578 312 61 praedictusimiliter
1156 578 114 61 sine
1227 578 114 61 arte
1298 578 85 61 ex
1341 578 142 61 primis
1440 578 128 61 tamen
1525 578 199 61 principiis
1681 578 128 61 artis
1766 578 85 61 ab
1809 578 114 61 ipso
1880 578 199 61 perceptis.
2036 578 85 61 Et
2078 578 99 61 sic
2121 578 85 61 velt

467 633 104 61 ter
527 633 208 61 quaecumque
690 633 164 61 agentia
809 633 104 61 per
869 633 223 61 cognitionem
1047 633 74 61 &
1077 633 178 61 secundum
1211 633 223 61 cognitionem
1389 633 208 61 quancumque
1553 633 104 61 tam
1612 633 208 61 sensitiuam
1776 633 119 61 quam
1850 633 268 61 intellectiuam,
2058 633 149 61 secundum

463 691 175 59 regulas
590 691 143 59 artis
686 691 271 59 syllogisticae
909 691 175 59 faciunt
1036 691 223 59 quaecumque
1212 691 175 59 faciunt
1339 691 111 59 vel
1403 691 239 59 artificiose
1594 691 96 59 vt
1642 691 207 59 noscentes
1801 691 143 59 artem
1896 691 159 59 illam,
2008 691 111 59 vel
2072 691 111 59 non
2135 691 111 59 ar-

457 736 213 65 tificiose
620 736 98 65 vt
669 736 115 65 non
735 736 213 65 noscentes
898 736 147 65 artem
996 736 164 65 illam:
1111 736 115 65 qui
1176 736 131 65 etsi
1258 736 98 65 in
1307 736 196 65 faciendo
1455 736 180 65 regulam
1585 736 147 65 artis
1684 736 115 65 non
1749 736 164 65 habent
1863 736 98 65 in
1913 736 98 65 se
1962 736 98 65 vt
2011 736 131 65 puer
2092 736 147 65 neque

467 792 134 68 etiam
556 792 163 68 aliquid
675 792 134 68 artis
764 792 208 68 percipiunt
928 792 89 68 vt
972 792 149 68 bruta:
1076 792 134 68 tamen
1165 792 104 68 non
1225 792 119 68 nisi
1299 792 104 68 per
1358 792 134 68 artem
1447 792 208 68 regulantur
1611 792 208 68 existentem
1774 792 89 68 in
1819 792 119 68 luce
1893 792 178 68 aeterna:
2027 792 119 68 quae
2086 792 119 68 omnium

461 845 189 68 agentium
603 845 110 68 per
666 845 236 68 cognitionem
855 845 189 68 actiones
997 845 173 68 dirigit
1123 845 110 68 vel
1186 845 142 68 ipsis
1280 845 205 68 agentibus
1438 845 252 68 impressionem
1643 845 142 68 artis
1737 845 284 68 percipientibus
1974 845 110 68 vel
2037 845 110 68 non
2084 845 126 68 perci-

459 900 209 67 pientibus.
623 900 179 67 secundum
758 900 119 67 quod
832 900 134 67 dicit
922 900 209 67 Augustinus
1086 900 90 67 de
1131 900 119 67 vera
1205 900 164 67 reliolo
1325 900 104 67 vbi
1384 900 104 67 cum
1444 900 179 67 ostendit
1578 900 104 67 sic
1638 900 119 67 esse
1713 900 90 67 in
1757 900 179 67 rationem
1892 900 224 67 habentibus,
2056 900 149 67 ostendit

467 955 77 64 &
497 955 107 64 sic
559 955 122 64 esse
635 955 92 64 in
681 955 138 64 aliis
773 955 92 64 d.
819 955 107 64 Hoc
880 955 77 64 &
910 955 184 64 caeteris
1048 955 230 64 animantibus
1232 955 122 64 quae
1308 955 168 64 ratione
1431 955 184 64 carentia
1568 955 138 64 sensu
1660 955 138 64 tamen
1752 955 107 64 non
1813 955 153 64 carent
1920 955 230 64 animaduerti
2089 955 122 64 potest

457 1007 167 66 nuiium
574 1007 134 66 enim
658 1007 150 66 horum
758 1007 117 66 est
825 1007 134 66 quod
909 1007 117 66 non
975 1007 100 66 in
1025 1007 134 66 sono
1109 1007 117 66 vel
1176 1007 100 66 in
1226 1007 184 66 caetero
1360 1007 134 66 motu
1443 1007 150 66 atque
1544 1007 234 66 operatione
1727 1007 217 66 membrorum
1894 1007 217 66 numerosum
2062 1007 184 66 aliquid

459 1058 82 67 &
491 1058 98 67 in
541 1058 115 67 suo
606 1058 164 67 genere
721 1058 213 67 moderatum
884 1058 164 67 gerat:
999 1058 115 67 non
1065 1058 164 67 aliqua
1179 1058 213 67 scientia,
1343 1058 115 67 sed
1409 1058 147 67 tamen
1507 1058 180 67 intimis
1638 1058 180 67 naturae
1769 1058 197 67 terminis
1916 1058 98 67 ab
1965 1058 131 67 illa
2031 1058 180 67 incommuta

462 1115 162 58 bili
563 1115 263 58 numerorum
765 1115 162 58 lege
846 1115 243 58 moderatis.

801 1164 124 69 Irca
878 1164 170 69 quintum
1002 1164 186 69 arguitur
1141 1164 124 69 quod
1219 1164 108 69 non
1281 1164 201 69 contingit
1436 1164 170 69 hominem
1559 1164 139 69 scire
1652 1164 108 69 per
1714 1164 170 69 seipsum
1838 1164 217 69 acquirendo
2009 1164 201 69 scientiam
2148 1164 62 69 si

790 1220 88 61 ne
834 1220 175 61 doctore.
966 1220 131 61 Primo
1053 1220 117 61 sic.
1126 1220 88 61 in
1170 1220 88 61 eo
1214 1220 117 61 quid
1287 1220 117 61 homo
1360 1220 146 61 potest
1462 1220 102 61 per
1520 1220 88 61 se
1564 1220 190 61 acquirere
1710 1220 161 61 frustra
1827 1220 161 61 quaerit
1943 1220 175 61 auxilium
2060 1220 146 61 alterius

799 1273 117 55 Nunc
872 1273 131 55 autem
960 1273 117 55 homo
1032 1273 87 55 vt
1076 1273 131 55 sciat
1164 1273 102 55 non
1222 1273 160 55 frustra
1338 1273 160 55 quaerit
1455 1273 175 55 alterius
1586 1273 175 55 auxilium
1717 1273 87 55 vt
1761 1273 146 55 paret.
1863 1273 117 55 ergo
1935 1273 102 55 &c.
2023 1273 160 55 Secundo
2125 1273 87 55 sic.

801 1326 74 65 m
831 1326 235 65 Philosophum.
1022 1326 103 65 ix.
1081 1326 206 65 metaphysi.
1242 1326 132 65 nihil
1331 1326 176 65 procedit
1463 1326 88 65 de
1507 1326 176 65 potentia
1639 1326 88 65 ad
1684 1326 132 65 actum
1772 1326 118 65 nisi
1845 1326 103 65 per
1904 1326 162 65 aliquid
2007 1326 206 65 praeexistens

803 1381 120 58 actu
878 1381 120 58 tale
953 1381 135 58 quale
1043 1381 105 58 est
1103 1381 135 58 illud
1193 1381 90 58 in
1238 1381 195 58 potentia,
1388 1381 135 58 quare
1478 1381 105 58 cum
1537 1381 120 58 homo
1612 1381 90 58 vt
1657 1381 150 58 dictum
1762 1381 105 58 est
1822 1381 90 58 in
1867 1381 210 58 quaestione
2032 1381 180 58 proxima,
2152 1381 60 58 ex

806 1432 84 61 se
848 1432 127 61 solum
932 1432 98 61 est
989 1432 84 61 in
1031 1432 169 61 potentia
1157 1432 155 61 sciens,
1270 1432 98 61 non
1326 1432 141 61 potest
1425 1432 127 61 fieri
1509 1432 84 61 in
1551 1432 112 61 actu
1621 1432 141 61 sciens
1720 1432 112 61 nisi
1790 1432 98 61 per
1846 1432 127 61 aliud
1931 1432 141 61 sciens
2029 1432 84 61 in
2071 1432 127 61 actu.
2142 1432 70 61 hoc

776 1491 132 56 autem
864 1491 102 56 est
923 1491 146 56 doctor
1025 1491 175 56 aliquis.
1156 1491 117 56 ergo
1230 1491 102 56 &c.
1317 1491 146 56 Tertio
1420 1491 117 56 sic.
1493 1491 175 56 secundum
1624 1491 205 56 philosopum
1785 1491 88 56 in
1829 1491 132 56 elen.
1917 1491 161 56 Oportet
2034 1491 102 56 eum
2077 1491 132 56 credere

473 1541 115 58 qui
538 1541 181 58 discit.
670 1541 98 58 Em
719 1541 148 58 autem
817 1541 230 58 Augustinus
998 1541 98 58 de
1047 1541 181 58 moribus
1178 1541 164 58 eccle.
1293 1541 131 58 quod
1375 1541 197 58 credimus
1523 1541 181 58 debetur
1654 1541 263 58 auctoritati.
1867 1541 164 58 nuilus
1982 1541 131 58 ergo
2048 1541 164 58 addiscit

459 1593 122 61 nisi
535 1593 168 61 credens
657 1593 244 61 auctoritati.
855 1593 107 61 hoc
916 1593 137 61 autem
1008 1593 107 61 est
1069 1593 198 61 acquirere
1221 1593 198 61 scientiam
1373 1593 107 61 non
1434 1593 122 61 nisi
1511 1593 91 61 ab
1556 1593 152 61 aliquo
1663 1593 183 61 docente.
1800 1593 122 61 ergo
1877 1593 107 61 &c.
1968 1593 198 61 Oppositum
2105 1593 107 61 argui

470 1649 103 63 tur
529 1649 132 63 primo
617 1649 103 63 sic
676 1649 220 63 Philosophus
852 1649 147 63 dicit.
955 1649 88 63 i.
999 1649 250 63 metaphysicae.
1205 1649 103 63 Ars
1264 1649 103 63 sit
1323 1649 103 63 cum
1381 1649 88 63 ex
1425 1649 147 63 multis
1528 1649 220 63 experimento
1705 1649 220 63 intellectis
1881 1649 103 63 vna
1940 1649 103 63 fit
1999 1649 220 63 vniversalis
2160 1649 59 63 de

469 1700 195 61 similibus
619 1700 195 61 acceptio.
770 1700 75 61 &
800 1700 165 61 ibidem.
920 1700 226 61 Experientia
1100 1700 135 61 artem
1191 1700 150 61 fecit.
1296 1700 105 61 Sed
1356 1700 241 61 experientiam
1551 1700 90 61 de
1597 1700 135 61 rebus
1687 1700 210 61 scibilibus
1852 1700 150 61 potest
1957 1700 120 61 homo
2033 1700 150 61 capere
2138 1700 105 61 per

460 1755 92 61 se
506 1755 123 61 sine
583 1755 123 61 omni
660 1755 185 61 doctore.
799 1755 77 61 &
830 1755 200 61 similiter
984 1755 185 61 naturali
1122 1755 170 61 ratione
1246 1755 154 61 potest
1354 1755 200 61 colligere
1508 1755 231 61 vniuersalem
1693 1755 92 61 de
1739 1755 200 61 similibus
1893 1755 247 61 acceptionem:
2094 1755 123 61 quia
2155 1755 62 61 sm

465 1810 240 59 Commenta.
649 1810 166 59 super
759 1810 221 59 prologum
925 1810 111 59 de
980 1810 184 59 anima,
1109 1810 276 59 Intellectus
1331 1810 166 59 facit
1441 1810 350 59 vniuersalitatem
1736 1810 111 59 in
1791 1810 184 59 rebus.
1920 1810 147 59 ergo
1994 1810 92 59 &c.

509 1861 124 78 Ad
571 1861 310 78 intellectum
819 1861 186 78 huius
943 1861 310 78 quaestionis
1191 1861 248 78 notandum
1377 1861 145 78 est
1459 1861 124 78 in
1521 1861 269 78 principio
1728 1861 165 78 quod
1831 1861 186 78 omnis
1955 1861 248 78 cognitio
2121 1861 103 78 est

460 1926 107 67 per
521 1926 276 67 assimilationem
751 1926 245 67 cognoscentis
950 1926 92 67 ad
996 1926 199 67 cognitum.
1149 1926 123 67 vnde
1226 1926 184 67 dicebant
1364 1926 153 67 quidam
1471 1926 306 67 philosophantium,
1732 1926 92 67 vt
1778 1926 169 67 recitat
1900 1926 230 67 Philosophus
2084 1926 92 67 in
2115 1926 107 67 primo

470 1980 100 67 de
520 1980 167 67 anima:
638 1980 134 67 quod
721 1980 251 67 intellectus
922 1980 234 67 compositus
1107 1980 151 67 esset
1207 1980 100 67 ex
1257 1980 184 67 omnibus
1391 1980 201 67 quatenus
1542 1980 151 67 omnia
1643 1980 268 67 cognosceret.
1860 1980 117 67 Sed
1927 1980 117 67 hoc
1994 1980 117 67 est
2045 1980 167 67 impossi-

466 2031 123 67 bile
543 2031 92 67 sm
589 2031 123 67 quod
666 2031 154 67 contra
773 2031 108 67 eos
835 2031 154 67 ibidem
943 2031 215 67 determinat
1112 2031 246 67 Philosophus,
1312 2031 92 67 vt
1358 2031 108 67 per
1420 2031 139 67 rerum
1512 2031 231 67 substantiam
1697 2031 108 67 eis
1758 2031 246 67 assimiletur,
1958 2031 108 67 non
2020 2031 123 67 enim
2081 2031 139 67 oportet

450 2083 105 57 vt
503 2083 123 57 sit
573 2083 193 57 naturae
713 2083 158 57 ignis
819 2083 105 57 ad
871 2083 123 57 hoc
941 2083 105 57 vt
994 2083 228 57 cognoscat
1169 2083 175 57 ignem:
1292 2083 158 57 neque
1397 2083 193 57 naturae
1537 2083 158 57 aquae
1643 2083 105 57 ad
1695 2083 123 57 hoc
1765 2083 105 57 vt
1818 2083 228 57 cognoscat
1993 2083 175 57 aquam:
2116 2083 88 57 &
2133 2083 88 57 sic

477 2137 89 59 de
522 2137 193 59 caeteris.
670 2137 104 59 Sed
729 2137 133 59 solum
818 2137 163 59 oportet
937 2137 89 59 vt
981 2137 222 59 assimiletur
1159 2137 104 59 eis
1218 2137 207 59 informatus
1381 2137 104 59 per
1440 2137 133 59 earum
1529 2137 178 59 species.
1663 2137 119 59 vnde
1737 2137 89 59 sm
1781 2137 119 59 quod
1855 2137 222 59 determinat.
2033 2137 104 59 ii.
2092 2137 89 59 &.
2122 2137 89 59 iii.

471 2190 94 68 de
518 2190 157 68 anima,
628 2190 173 68 oportet
754 2190 236 68 intellectum
942 2190 126 68 esse
1021 2190 204 68 potentiam
1178 2190 188 68 passiuam
1319 2190 173 68 speciei
1445 2190 251 68 susceptiuam:
1649 2190 79 68 &
1680 2190 94 68 se
1727 2190 157 68 habere
1837 2190 94 68 ad
1884 2190 283 68 intelligibilia
2104 2190 110 68 sicut

470 2242 165 60 sensum
585 2242 99 60 ad
634 2242 247 60 sensibilia:
832 2242 82 60 &
865 2242 132 60 ideo
947 2242 99 60 ab
996 2242 181 60 omnibus
1128 2242 132 60 esse
1211 2242 198 60 immixtum
1359 2242 82 60 &
1392 2242 148 60 nulli
1490 2242 165 60 habere
1606 2242 198 60 quicquam
1754 2242 181 60 conmune
1886 2242 99 60 vt
1935 2242 148 60 omnia
2017 2242 198 60 intelligat

473 2296 89 71 vt
518 2296 89 71 de
562 2296 89 71 se
606 2296 104 71 sit
666 2296 222 71 intellectus
843 2296 133 71 omnes
932 2296 148 71 formae
1036 2296 118 71 quae
1110 2296 222 71 recipiuntur
1287 2296 89 71 in
1332 2296 89 71 eo
1376 2296 104 71 non
1435 2296 148 71 actum,
1539 2296 104 71 sed
1598 2296 192 71 potentia.
1746 2296 74 71 &
1776 2296 104 71 sic
1835 2296 222 71 intellectus
2013 2296 89 71 de
2057 2296 89 71 se
2102 2296 148 71 quodam

472 2355 124 65 modo
549 2355 108 65 est
611 2355 139 65 omnia
703 2355 294 65 intelligibilia.
951 2355 108 65 Sed
1012 2355 124 65 actu
1090 2355 139 65 nihil
1182 2355 139 65 eorum
1275 2355 108 65 est
1337 2355 185 65 antequam
1476 2355 232 65 intelligat:
1662 2355 108 65 sed
1723 2355 139 65 sicut
1816 2355 155 65 tabula
1924 2355 124 65 apta
2002 2355 216 65 scripturae
2156 2355 62 65 ni

464 2406 110 58 hil
527 2406 157 58 habens
637 2406 125 58 actu
715 2406 188 58 scriptum
856 2406 94 58 in
903 2406 110 58 ea.
965 2406 110 58 Est
1028 2406 125 58 ergo
1106 2406 94 58 de
1153 2406 94 58 se
1200 2406 94 58 in
1247 2406 188 58 potentia
1388 2406 219 58 essentiali
1560 2406 219 58 receptiua:
1733 2406 125 58 quae
1811 2406 110 58 per
1874 2406 94 58 se
1921 2406 110 58 non
1983 2406 125 58 exit
2061 2406 94 58 in
2093 2406 125 58 actum:

457 2457 102 60 sed
515 2457 102 60 per
573 2457 131 60 illud
660 2457 116 60 quod
732 2457 160 60 recipit
848 2457 87 60 de
892 2457 145 60 specie
993 2457 290 60 intelligibilium.
1240 2457 131 60 lpsae
1327 2457 131 60 etiam
1414 2457 160 60 species
1530 2457 218 60 intellectus
1704 2457 145 60 quibus
1805 2457 87 60 in
1849 2457 131 60 rebus
1936 2457 232 60 sensibilibus
2110 2457 102 60 infor

460 2509 124 59 mari
537 2509 139 59 debet
630 2509 139 59 extra
722 2509 232 59 intellectum
908 2509 108 59 non
970 2509 124 59 sunt
1047 2509 278 59 intelligibiles
1279 2509 93 59 in
1325 2509 139 59 actu,
1418 2509 108 59 sed
1480 2509 93 59 in
1526 2509 186 59 potentia
1665 2509 155 59 solum:
1774 2509 77 59 &
1805 2509 124 59 ideo
1882 2509 108 59 nec
1944 2509 93 59 de
1990 2509 93 59 se
2036 2509 170 59 possunt
2145 2509 77 59 fie

464 2564 91 59 ri
509 2564 91 59 in
555 2564 136 59 actum
645 2564 91 59 vt
691 2564 166 59 moueant
812 2564 227 59 intellectum
993 2564 197 59 passiuum.
1145 2564 166 59 Oportet
1266 2564 121 59 ergo
1341 2564 151 59 ponere
1447 2564 182 59 virtutem
1584 2564 136 59 aliam
1674 2564 212 59 existentem
1841 2564 91 59 in
1886 2564 121 59 actu
1962 2564 121 59 quae
2022 2564 197 59 intelligibi

459 2617 106 71 lia
520 2617 91 71 in
565 2617 182 71 potentia
702 2617 137 71 facit
793 2617 273 71 intelligibilia
1020 2617 91 71 in
1066 2617 152 71 actum,
1172 2617 91 71 vt
1218 2617 167 71 possint
1339 2617 121 71 actu
1415 2617 152 71 mouere
1521 2617 228 71 intellectum
1703 2617 197 71 passiuum.
1855 2617 121 71 Haec
1931 2617 137 71 autem
2022 2617 106 71 est
2082 2617 106 71 vis
2128 2617 91 71 quan

470 2673 194 66 appellamus
622 2673 208 66 intellectum
789 2673 166 66 agentem:
913 2673 97 66 qui
969 2673 152 66 ponitur
1080 2673 138 66 altera
1176 2673 166 66 potentia
1301 2673 138 66 animae
1398 2673 97 66 cum
1453 2673 194 66 possibili:
1606 2673 83 66 vt
1647 2673 194 66 possibilis
1800 2673 208 66 intellectus
1966 2673 83 66 se
2007 2673 138 66 habeat
2104 2673 83 66 ad
2132 2673 97 66 intel

472 2724 209 58 ligibilia
633 2724 145 58 sicut
729 2724 225 58 perspicuum
906 2724 97 58 in
955 2724 145 58 medio
1051 2724 80 58 &
1083 2724 161 58 organo
1196 2724 97 58 ad
1244 2724 193 58 colores:
1389 2724 80 58 &
1421 2724 145 58 agens
1518 2724 97 58 ad
1566 2724 145 58 omnia
1663 2724 129 58 ista
1743 2724 145 58 sicut
1840 2724 129 58 lux.
1920 2724 97 58 vt
1969 2724 145 58 sicut
2065 2724 113 58 lux
2113 2724 113 58 facit

474 2776 163 71 colores
593 2776 119 71 esse
667 2776 89 71 in
712 2776 119 71 actu
786 2776 89 71 vt
830 2776 163 71 moueant
949 2776 148 71 medium
1053 2776 74 71 &
1083 2776 163 71 oculum:
1201 2776 104 71 sic
1261 2776 223 71 intellectus
1439 2776 134 71 agens
1528 2776 134 71 facit
1617 2776 267 71 intelligibilia
1839 2776 119 71 esse
1913 2776 89 71 in
1958 2776 134 71 actum
2047 2776 89 71 vt
2077 2776 148 71 moueanti

468 2834 210 55 tellectum
630 2834 227 55 possibilem
808 2834 81 55 &
840 2834 129 55 fiat
921 2834 243 55 intellectus
1115 2834 129 55 vnum
1196 2834 97 55 in
1245 2834 129 55 actu
1326 2834 227 55 compositum
1504 2834 97 55 ex
1552 2834 227 55 intellectu
1730 2834 81 55 &
1763 2834 291 55 intelligibili,
2006 2834 146 55 sicut
2103 2834 97 55 ex
2135 2834 81 55 ma-

469 2884 147 75 teria
567 2884 82 75 &
599 2884 163 75 forma.
714 2884 245 75 Intellectus
910 2884 147 75 autem
1008 2884 229 75 possibilis
1188 2884 114 75 sic
1253 2884 229 75 informatus
1433 2884 163 75 specie
1548 2884 311 75 intelligibilium
1809 2884 163 75 statim
1924 2884 98 75 in
1973 2884 163 75 lumine
2071 2884 147 75 intelle

463 2935 131 64 ctus
545 2935 180 64 agentis
676 2935 131 64 sine
758 2935 131 64 omni
840 2935 180 64 notitia
971 2935 180 64 actuali
1102 2935 115 64 vel
1168 2935 213 64 habituali
1332 2935 197 64 generali
1479 2935 115 64 vel
1545 2935 197 64 speciali
1692 2935 262 64 praecedente:
1905 2935 115 64 sed
1971 2935 230 64 potentiali
2135 2935 82 64 so-

465 2987 125 62 lum:
544 2987 94 62 de
590 2987 109 62 qua
653 2987 172 62 notitia
778 2987 219 62 potentiali
950 2987 141 62 dicit
1044 2987 141 62 Glos.
1138 2987 141 62 super
1232 2987 141 62 illud
1326 2987 94 62 ad
1372 2987 125 62 Heb.
1451 2987 94 62 i.
1498 2987 109 62 Cum
1560 2987 109 62 sit
1623 2987 203 62 splendor.
1779 2987 125 62 Deus
1857 2987 235 62 inseminauit
2045 2987 156 62 animae
2139 2987 78 62 ini

459 3046 117 63 tia
526 3046 250 63 intellectus
726 3046 83 63 &
759 3046 250 63 sapientiae:
960 3046 250 63 Naturaliter
1160 3046 200 63 concipit
1310 3046 167 63 primas
1427 3046 250 63 intentiones
1627 3046 317 63 intelligibilium
1893 3046 283 63 incomplexorum
2110 3046 117 63 primo

463 3096 274 67 cognoscendo
682 3096 220 67 terminos
847 3096 91 67 &
883 3096 256 67 quiditates
1085 3096 183 67 rerum.
1213 3096 91 67 &
1249 3096 128 67 sic
1323 3096 165 67 primo
1432 3096 256 67 informatur
1634 3096 183 67 mentis
1762 3096 311 67 intelligentia
2018 3096 183 67 primis
2128 3096 91 67 re-

462 3150 107 74 rum
523 3150 245 74 conceptibus:
722 3150 92 74 vt
768 3150 275 74 expressissimis
997 3150 291 74 similitudinibus
1241 3150 199 74 veritatis
1394 3150 138 74 rerum
1486 3150 92 74 in
1532 3150 168 74 actuali
1654 3150 275 74 consideratione
1884 3150 153 74 mentis
1991 3150 229 74 descriptis,
2159 3150 61 74 vt

450 3201 142 93 sunt
539 3201 267 93 intentiones
753 3201 160 93 entis
860 3201 89 93 &
895 3201 160 93 vnius
1002 3201 178 93 numeri
1127 3201 89 93 &
1163 3201 285 93 magnitudinis
1394 3201 89 93 &
1430 3201 249 93 caeterorum
1626 3201 303 93 incomplexorum
1875 3201 142 93 quae
1964 3201 142 93 sunt
2053 3201 160 93 prima
2142 3201 89 93 na
