2314 3777
466 326 134 83 ipso
550 326 134 83 esse
634 326 101 83 in
685 326 134 83 deo,
769 326 118 83 hoc
836 326 219 83 accidens,
1004 326 151 83 neque
1105 326 151 83 esset
1206 326 168 83 ipsius
1323 326 118 83 dei
1391 326 269 83 indiuiduatio
1609 326 84 83 &
1643 326 252 83 distinctio,
1844 326 118 83 sed
1912 326 134 83 esse
1996 326 134 83 eius
2063 326 168 83 proprium

466 396 121 69 quo
535 396 156 69 habet
639 396 138 69 esse
725 396 121 69 hoc
795 396 208 69 aliquid,
950 396 242 69 dependeret
1141 396 104 69 ab
1193 396 156 69 alio.
1296 396 87 69 &
1331 396 121 69 ita
1400 396 173 69 neuter
1521 396 190 69 ipsorum
1660 396 121 69 qui
1729 396 190 69 ponitur
1868 396 138 69 esse
1954 396 156 69 deus,
2058 396 104 69 ex
2110 396 104 69 se
2144 396 87 69 est

458 448 181 70 necesse
589 448 148 70 esse,
688 448 115 70 sed
754 448 148 70 habet
853 448 132 70 esse
935 448 115 70 sui
1001 448 165 70 causam
1116 448 99 70 ab
1166 448 148 70 alio:
1265 448 115 70 cum
1331 448 148 70 nihil
1429 448 165 70 habeat
1545 448 132 70 esse
1627 448 132 70 nisi
1709 448 99 70 in
1759 448 214 70 supposito
1924 448 181 70 existat
2055 448 82 70 &
2088 448 115 70 hoc
2138 448 82 70 ali

474 503 163 62 quid.
582 503 108 62 Si
637 503 163 62 autem
745 503 163 62 illud
853 503 271 62 determinans
1070 503 253 62 requiritur
1269 503 108 62 ad
1323 503 289 62 complementum
1558 503 145 62 esse
1649 503 307 62 substantialem
1902 503 108 62 in
1956 503 145 62 deo:
2046 503 90 62 &
2082 503 127 62 per
2137 503 90 62 hoc

470 559 110 61 dat
533 559 95 61 ei
581 559 126 61 quod
659 559 110 61 sit
722 559 110 61 hoc
786 559 189 61 aliquid:
927 559 110 61 hoc
990 559 110 61 non
1053 559 158 61 potest
1164 559 126 61 esse
1243 559 126 61 nisi
1321 559 126 61 quia
1400 559 110 61 aut
1463 559 221 61 includitur
1637 559 95 61 in
1684 559 126 61 ipso
1763 559 95 61 vt
1810 559 189 61 animatum
1952 559 95 61 in
1999 559 189 61 animali:
2141 559 110 61 aut

464 616 137 63 quia
550 616 275 63 specificatur
773 616 120 63 per
841 616 154 63 ipsum
944 616 189 63 tanquam
1081 616 120 63 per
1150 616 292 63 differentiam,
1390 616 103 63 vt
1442 616 172 63 animal
1562 616 120 63 per
1631 616 240 63 rationale.
1819 616 103 63 Si
1871 616 154 63 primo
1974 616 154 63 modo,
2077 616 137 63 tunc
2162 616 103 63 in

473 662 260 66 differenter
681 662 156 66 illud
784 662 208 66 conuenit
940 662 191 66 ambobus
1079 662 156 66 diis,
1183 662 156 66 sicut
1287 662 87 66 &
1321 662 156 66 ipsum
1425 662 156 66 esse:
1529 662 87 66 &
1564 662 121 66 ita
1633 662 121 66 per
1702 662 156 66 illud
1806 662 121 66 non
1876 662 312 66 distingueretur
2118 662 104 66 vnus

462 726 152 59 eorum
564 726 102 59 ab
615 726 136 59 alio
699 726 102 59 in
750 726 102 59 eo
801 726 136 59 quod
886 726 119 59 est
953 726 119 59 hoc
1021 726 186 59 aliquid
1157 726 152 59 sicut
1258 726 152 59 neque
1360 726 119 59 per
1428 726 152 59 ipsum
1529 726 152 59 esse.
1631 726 203 59 Secundus
1784 726 152 59 modus
1885 726 169 59 omnino
2004 726 152 59 stare
2105 726 119 59 non
2156 726 68 59 po

467 771 151 68 test.
568 771 118 68 Cum
635 771 135 68 enim
719 771 252 68 differentia
921 771 118 68 non
988 771 118 68 est
1056 771 101 68 de
1106 771 185 68 ratione
1241 771 202 68 generis,
1392 771 118 68 sed
1459 771 151 68 ratio
1560 771 185 68 generis
1695 771 101 68 de
1745 771 101 68 se
1796 771 202 68 completa
1947 771 118 68 est
2014 771 118 68 quo
2081 771 101 68 ad
2115 771 101 68 esse

457 820 186 68 generis
592 820 135 68 ante
676 820 202 68 aduentum
828 820 287 68 differentiae:
1064 820 152 68 licet
1165 820 135 68 sine
1250 820 253 68 differentia
1452 820 118 68 non
1520 820 169 68 possit
1638 820 236 68 subsistere
1823 820 101 68 in
1874 820 152 68 actu:
1975 820 152 68 quare
2076 820 118 68 cum
2127 820 101 68 ipsa

468 876 174 63 diuina
589 876 209 63 essentia
746 876 139 63 quae
833 876 192 63 ponitur
972 876 174 63 habere
1094 876 209 63 rationem
1251 876 192 63 generis
1390 876 122 63 sit
1460 876 157 63 ipsum
1564 876 139 63 esse
1651 876 104 63 in
1704 876 157 63 actu,
1808 876 139 63 quia
1895 876 122 63 est
1965 876 139 63 esse
2052 876 157 63 purum
2139 876 87 63 per

472 930 223 63 essentiam
643 930 120 63 non
712 930 274 63 participatum
934 930 103 63 vt
986 930 188 63 habitum
1123 930 120 63 est
1191 930 171 63 supra,
1311 930 137 63 illa
1397 930 257 63 differentia
1602 930 223 63 adueniens
1774 930 120 63 non
1842 930 171 63 potest
1962 930 137 63 ipsi
2031 930 188 63 essentiae

469 982 138 69 dare
555 982 156 69 actum
659 982 207 69 essendi.
814 982 104 69 Si
866 982 138 69 enim
953 982 156 69 daret
1056 982 156 69 esse,
1160 982 277 69 acquireretur
1385 982 121 69 ei,
1454 982 86 69 &
1489 982 121 69 non
1558 982 156 69 esset
1662 982 156 69 ipsum
1765 982 156 69 esse.
1869 982 121 69 Cum
1938 982 138 69 ergo
2025 982 104 69 vt
2059 982 173 69 probatum

473 1037 117 69 est
540 1037 167 69 natura
657 1037 167 69 diuina
775 1037 100 69 vt
825 1037 117 69 sit
892 1037 117 69 hoc
959 1037 184 69 aliquid
1093 1037 151 69 nullo
1193 1037 251 69 determinari
1394 1037 184 69 potest,
1528 1037 84 69 &
1561 1037 151 69 tamen
1662 1037 134 69 ipsa
1746 1037 151 69 habet
1846 1037 134 69 esse
1930 1037 100 69 in
1980 1037 151 69 actu,
2080 1037 100 69 vt
2114 1037 117 69 proba

468 1090 114 59 tum
533 1090 114 59 est
598 1090 163 59 supra:
712 1090 81 59 &
744 1090 146 59 nihil
842 1090 179 59 existit
972 1090 98 59 in
1020 1090 130 59 actu
1102 1090 130 59 nisi
1183 1090 114 59 sit
1248 1090 114 59 hoc
1313 1090 195 59 aliquid:
1459 1090 130 59 ipsa
1540 1090 163 59 diuina
1654 1090 195 59 essentia
1800 1090 228 59 necessario
1979 1090 98 59 de
2028 1090 98 59 se
2077 1090 98 59 vt
2109 1090 114 59 essen

475 1150 115 56 tia
540 1150 132 56 est:
623 1150 115 56 est
688 1150 115 56 hoc
754 1150 197 56 aliquid:
902 1150 115 56 nec
968 1150 165 56 potest
1083 1150 165 56 igitur
1199 1150 197 56 pluribus
1347 1150 230 56 convenire.
1528 1150 115 56 Non
1594 1150 165 56 potest
1709 1150 148 56 autem
1808 1150 132 56 esse
1890 1150 132 56 deus
1972 1150 132 56 nisi
2054 1150 115 56 cui
2104 1150 115 56 conue

455 1198 116 59 nit
522 1198 166 59 diuina
638 1198 216 59 essentia,
804 1198 166 59 plures
920 1198 133 59 ergo
1003 1198 133 59 deos
1086 1198 133 59 esse
1169 1198 116 59 est
1235 1198 266 59 impossibile.
1484 1198 166 59 Quarto
1600 1198 100 59 ex
1650 1198 149 59 eodem
1750 1198 133 59 sic,
1833 1198 232 59 necessitas
2015 1198 183 59 essendi
2148 1198 116 59 non

463 1248 208 54 conuenit
619 1248 139 54 nisi
705 1248 191 54 signato
844 1248 225 54 inquantum
1017 1248 225 54 signatum:
1190 1248 121 54 cum
1260 1248 121 54 sit
1329 1248 156 54 ratio
1433 1248 139 54 suae
1520 1248 347 54 indiuiduationis:
1814 1248 139 54 quae
1901 1248 121 54 non
1970 1248 121 54 est
2022 1248 208 54 communica-

462 1302 162 65 bilis,
575 1302 114 65 nec
640 1302 162 65 potest
754 1302 162 65 alteri
868 1302 227 65 convenire:
1047 1302 130 65 quia
1128 1302 260 65 singularitas
1339 1302 114 65 rei
1404 1302 81 65 &
1436 1302 146 65 ratio
1534 1302 309 65 indiuiduationis
1794 1302 130 65 eius
1875 1302 97 65 si
1924 1302 162 65 alteri
2021 1302 195 65 conveniret

473 1354 138 64 tunc
559 1354 121 64 non
628 1354 155 64 esset
731 1354 293 64 singularitas,
973 1354 121 64 vel
1042 1354 155 64 simul
1145 1354 155 64 esset
1248 1354 276 64 singularitas
1473 1354 86 64 &
1507 1354 121 64 non
1576 1354 293 64 singularitas,
1817 1354 86 64 &
1852 1354 172 64 essent
1955 1354 276 64 contradictoria

474 1405 150 62 simul
575 1405 100 62 in
625 1405 167 62 eodem.
742 1405 100 62 Et
792 1405 134 62 ideo
876 1405 150 62 dicit
976 1405 251 62 Philosophus
1177 1405 117 62 in.
1243 1405 134 62 vii.
1327 1405 184 62 Metaph.
1461 1405 251 62 Impossibile
1661 1405 117 62 est
1728 1405 134 62 quod
1812 1405 234 62 substantia
1996 1405 201 62 alicuius
2130 1405 100 62 sint

462 1467 121 63 quae
537 1467 181 63 dicuntur
673 1467 242 63 vniuersalia.
870 1467 211 63 Substantia
1036 1467 121 63 enim
1111 1467 136 63 prima
1202 1467 121 63 quae
1277 1467 106 63 est
1338 1467 227 63 cuiuslibet,
1519 1467 166 63 propria
1640 1467 106 63 est
1700 1467 196 63 cuilibet,
1851 1467 76 63 &
1882 1467 106 63 non
1942 1467 106 63 est
2002 1467 196 63 alterius:
2138 1467 91 63 vni-

468 1517 207 55 niuersale
627 1517 143 55 autem
723 1517 175 55 commune
851 1517 127 55 est:
930 1517 223 55 necessitas
1105 1517 127 55 ergo
1185 1517 175 55 essendi
1313 1517 127 55 quae
1392 1517 127 55 deus
1472 1517 112 55 est
1536 1517 112 55 non
1600 1517 159 55 potest
1711 1517 159 55 alteri
1823 1517 223 55 convenire.
1998 1517 191 55 Probatio
2125 1517 96 55 maio

454 1571 118 61 ris
522 1571 135 61 est,
606 1571 185 61 quoniam
741 1571 135 61 quod
825 1571 101 61 de
875 1571 101 61 se
926 1571 118 61 non
993 1571 118 61 est
1061 1571 118 61 hoc
1128 1571 202 61 signatum
1280 1571 118 61 non
1347 1571 118 61 est
1414 1571 101 61 de
1465 1571 101 61 se
1515 1571 135 61 actu
1600 1571 219 61 existens:
1768 1571 135 61 quia
1852 1571 135 61 actu
1937 1571 202 61 existens
2088 1571 118 61 non
2139 1571 84 61 est

459 1617 131 66 nisi
541 1617 197 66 signatum
688 1617 82 66 &
721 1617 246 66 distinctum.
918 1617 98 66 Si
967 1617 131 66 ergo
1049 1617 230 66 necessitas
1230 1617 180 66 essendi
1361 1617 115 66 non
1427 1617 148 66 esset
1525 1617 98 66 de
1574 1617 98 66 se
1623 1617 197 66 signatum
1771 1617 98 66 in
1820 1617 230 66 supposito,
2001 1617 115 66 non
2066 1617 148 66 esset
2148 1617 66 66 de

459 1675 93 57 se
506 1675 187 57 existens
646 1675 93 57 in
693 1675 140 57 actu:
786 1675 140 57 quare
879 1675 202 57 oporteret
1035 1675 124 57 quod
1112 1675 93 57 ei
1159 1675 249 57 acquireretur
1361 1675 93 57 ab
1408 1675 140 57 alio,
1501 1675 78 57 a
1532 1675 109 57 quo
1594 1675 218 57 designatio
1765 1675 109 57 sui
1827 1675 124 57 esse
1905 1675 171 57 fieret,
2029 1675 78 57 &
2061 1675 109 57 sic
2107 1675 109 57 ipsum

463 1731 124 59 esse
541 1731 124 59 eius
619 1731 93 59 ab
665 1731 124 59 alio
743 1731 233 59 dependeret,
929 1731 78 59 &
960 1731 109 59 non
1022 1731 140 59 esset
1115 1731 171 59 necesse
1239 1731 140 59 esse.
1332 1731 140 59 Quare
1425 1731 109 59 cum
1487 1731 124 59 vera
1565 1731 109 59 dei
1627 1731 155 59 natura
1735 1731 93 59 id
1782 1731 124 59 quod
1859 1731 109 59 est
1921 1731 109 59 non
1983 1731 109 59 sit
2045 1731 124 59 nisi
2107 1731 109 59 neces

464 1782 103 63 se
515 1782 154 63 esse,
618 1782 103 63 vt
670 1782 189 63 habitum
807 1782 120 63 est
875 1782 171 63 supra:
995 1782 137 63 ipsa
1081 1782 120 63 non
1150 1782 206 63 convenit
1304 1782 137 63 nisi
1390 1782 223 63 supposito
1561 1782 189 63 signato
1698 1782 223 63 inquantum
1870 1782 206 63 signatum
2024 1782 137 63 est,
2110 1782 103 63 vt
2144 1782 86 63 per

468 1832 137 69 idem
553 1832 137 69 deus
639 1832 120 69 sit
707 1832 137 69 deus
793 1832 86 69 &
827 1832 137 69 iste
913 1832 154 69 deus.
1015 1832 137 69 Tale
1101 1832 154 69 autem
1204 1832 154 69 nullo
1306 1832 137 69 modo
1392 1832 291 69 plurificabile
1631 1832 137 69 est.
1717 1832 154 69 Sicut
1819 1832 103 69 si
1871 1832 171 69 sortes
1990 1832 154 69 eodem
2076 1832 154 69 signato

464 1884 111 65 quo
527 1884 111 65 est
591 1884 158 65 sortes
701 1884 142 65 esset
796 1884 142 65 homo:
891 1884 142 65 sicut
985 1884 95 65 id
1033 1884 126 65 quid
1112 1884 111 65 est
1175 1884 158 65 sortes
1285 1884 111 65 re,
1349 1884 111 65 non
1412 1884 158 65 potest
1522 1884 126 65 esse
1601 1884 158 65 plures
1712 1884 174 65 sortes:
1838 1884 111 65 ita
1901 1884 158 65 natura
2012 1884 111 65 qua
2075 1884 111 65 est
2138 1884 111 65 ho-

464 1942 112 66 mo
520 1942 130 66 non
595 1942 186 66 posset
725 1942 149 66 esse
818 1942 186 66 plures
949 1942 223 66 homines.
1116 1942 149 66 ergo
1209 1942 130 66 &c.
1321 1942 186 66 Quinto
1451 1942 205 66 virtute
1600 1942 205 66 eiusdem
1749 1942 168 66 medii
1861 1942 186 66 arguit
1992 1942 223 66 Ricardus
2141 1942 74 66 in

458 1996 148 66 primo
556 1996 99 66 de
605 1996 131 66 Tri.
687 1996 131 66 sic.
770 1996 115 66 Non
835 1996 148 66 aliud
934 1996 115 66 est
999 1996 164 66 deitas
1114 1996 131 66 quam
1197 1996 131 66 illa
1279 1996 230 66 substantia
1459 1996 115 66 dei
1525 1996 164 66 vnius:
1640 1996 99 66 si
1689 1996 131 66 ergo
1771 1996 148 66 aliud
1870 1996 99 66 in
1919 1996 230 66 substantia
2083 1996 148 66 haberet

466 2055 201 61 deitatem,
620 2055 170 61 habebit
743 2055 77 61 &
774 2055 139 61 illam
867 2055 247 61 substantiam,
1067 2055 77 61 &
1098 2055 108 61 sic
1160 2055 123 61 idem
1237 2055 123 61 erit
1314 2055 93 61 in
1360 2055 216 61 substantia
1530 2055 139 61 plura
1622 2055 77 61 &
1653 2055 139 61 vnum:
1746 2055 123 61 quod
1823 2055 108 61 est
1885 2055 247 61 impossibile.
2085 2055 123 61 ergo
2147 2055 77 61 &c.

497 2104 142 55 Sexto
591 2104 158 55 arguit
702 2104 95 55 in
749 2104 158 55 eodem.
860 2104 95 55 c.
907 2104 158 55 xviii.
1017 2104 126 55 sic.
1096 2104 158 55 Deitas
1207 2104 110 55 aut
1270 2104 110 55 est
1333 2104 237 55 conicabilis
1522 2104 189 55 pluribus
1664 2104 221 55 substantia
1837 2104 189 55 diuersis
1979 2104 110 55 aut
2027 2104 189 55 inconicabi

465 2154 124 65 lis.
542 2154 93 65 si
588 2154 279 65 inconicabilis,
821 2154 139 65 solum
914 2154 124 65 vnus
991 2154 124 65 deus
1068 2154 124 65 est.
1146 2154 93 65 si
1192 2154 248 65 conicabilis,
1394 2154 108 65 aut
1456 2154 93 65 in
1502 2154 170 65 vnitate
1626 2154 248 65 substantiae,
1827 2154 77 65 &
1858 2154 108 65 non
1920 2154 108 65 est
1982 2154 124 65 nisi
2060 2154 124 65 vnus
2122 2154 108 65 deus,

472 2207 93 61 vt
518 2207 93 61 in
564 2207 186 61 personis
704 2207 170 61 diuinis
827 2207 170 61 tribus:
951 2207 108 61 aut
1013 2207 93 61 in
1059 2207 232 61 diuersitate
1245 2207 247 61 substantiae.
1446 2207 124 61 quod
1523 2207 93 61 si
1570 2207 124 61 sic,
1647 2207 108 61 cum
1709 2207 155 61 deitas
1817 2207 108 61 non
1879 2207 108 61 sit
1941 2207 124 61 nisi
2018 2207 124 61 illa
2080 2207 139 61 substam

467 2265 127 70 tia
539 2265 163 70 vnius
648 2265 145 70 dei,
739 2265 91 70 &
775 2265 254 70 substantia
975 2265 127 70 vna
1047 2265 127 70 non
1120 2265 181 70 potest
1247 2265 272 70 communicari
1464 2265 218 70 pluribus
1628 2265 218 70 diuersis
1791 2265 109 70 in
1845 2265 272 70 substantia,
2063 2265 145 70 nisi
2135 2265 91 70 vna

457 2315 254 61 substantia
657 2315 127 61 sit
729 2315 163 61 simul
838 2315 127 61 vna
911 2315 91 61 &
947 2315 200 61 plures,
1092 2315 127 61 hoc
1165 2315 163 61 autem
1274 2315 127 61 est
1347 2315 291 61 impossibile:
1583 2315 127 61 non
1655 2315 145 61 ergo
1746 2315 182 61 deitas
1873 2315 127 61 est
1928 2315 291 61 communicabilis

475 2370 208 64 pluribus
631 2370 295 64 differentibus
874 2370 104 64 in
926 2370 260 64 substantia,
1134 2370 121 64 sed
1203 2370 156 64 solum
1307 2370 191 64 eisdem.
1446 2370 156 64 tales
1550 2370 156 64 autem
1654 2370 191 64 propter
1793 2370 208 64 vnitatem
1949 2370 260 64 substantiae
2140 2370 87 64 non

468 2425 131 56 sunt
549 2425 131 56 nisi
631 2425 131 56 vnus
713 2425 147 56 deus.
811 2425 131 56 ergo
892 2425 114 56 &c.
990 2425 180 56 Septimo
1121 2425 163 56 arguit
1235 2425 98 56 in
1284 2425 163 56 eodem.
1398 2425 98 56 c.
1447 2425 98 56 x.
1496 2425 98 56 &.
1545 2425 163 56 xiiii.
1660 2425 114 56 sed
1725 2425 131 56 alia
1806 2425 114 56 via
1872 2425 131 56 sic.
1953 2425 131 56 ldem
2035 2425 131 56 sunt
2117 2425 98 56 in
2149 2425 82 56 deo

467 2480 177 66 nostro
591 2480 159 66 summa
697 2480 229 66 potentia,
873 2480 159 66 summa
979 2480 247 66 sapientia.
1173 2480 88 66 &
1209 2480 159 66 summa
1315 2480 229 66 essentia.
1491 2480 194 66 aliquid
1632 2480 141 66 ergo
1721 2480 212 66 diuersum
1880 2480 106 66 ab
1933 2480 106 66 eo
1986 2480 106 66 in
2038 2480 124 66 sua
2091 2480 124 66 summa

464 2529 215 63 essentia
625 2529 125 63 non
697 2529 179 63 potest
822 2529 143 63 esse
912 2529 161 63 summa
1019 2529 215 63 potentia
1180 2529 89 63 &
1216 2529 161 63 summa
1323 2529 251 63 sapientia,
1520 2529 125 63 sed
1592 2529 125 63 non
1663 2529 125 63 est
1735 2529 143 63 deus
1824 2529 143 63 nisi
1914 2529 125 63 sit
1985 2529 161 63 summa
2075 2529 143 63 poten-

464 2586 134 63 tia,
548 2586 151 63 summa
648 2586 234 63 sapientia.
833 2586 134 63 ergo
916 2586 117 63 &c.
1017 2586 167 63 Octauo
1134 2586 167 63 arguit
1251 2586 100 63 ad
1301 2586 134 63 idem
1385 2586 134 63 Dam.
1469 2586 151 63 libid
1569 2586 117 63 es.
1636 2586 268 63 sententiarum
1854 2586 184 63 suarum.
1988 2586 100 63 c.
2038 2586 100 63 v.
2071 2586 151 63 ratione

458 2644 189 63 diuinae
595 2644 275 63 perfectionis
819 2644 137 63 sic.
904 2644 103 63 Si
956 2644 172 63 multos
1076 2644 223 63 diceremus
1248 2644 155 63 deos,
1351 2644 189 63 necesse
1488 2644 155 63 esset
1591 2644 155 63 inter
1695 2644 120 63 eos
1763 2644 275 63 differentiam
1987 2644 275 63 considerare,

471 2696 135 58 quae
555 2696 152 58 esset
657 2696 186 58 aliquid
792 2696 270 58 perfectionis
1011 2696 101 58 in
1061 2696 118 58 vno
1129 2696 84 58 &
1163 2696 118 58 non
1230 2696 101 58 in
1281 2696 152 58 alio,
1382 2696 84 58 &
1416 2696 118 58 sic
1483 2696 101 58 in
1534 2696 169 58 neutro
1652 2696 118 58 vel
1719 2696 118 58 non
1787 2696 101 58 in
1837 2696 169 58 altero
1955 2696 152 58 esset
2056 2696 152 58 summa
2141 2696 84 58 per

456 2742 179 78 fectio:
586 2742 130 78 quia
667 2742 98 78 id
716 2742 130 78 quod
798 2742 147 78 esset
895 2742 261 78 perfectionis
1107 2742 98 78 in
1156 2742 114 78 vno
1221 2742 114 78 quo
1286 2742 212 78 differret
1449 2742 98 78 ab
1498 2742 179 78 altero,
1628 2742 114 78 non
1694 2742 147 78 esset
1791 2742 98 78 in
1840 2742 147 78 illo.
1938 2742 130 78 Deus
2019 2742 147 78 autem
2101 2742 130 78 omnino

462 2799 135 64 debet
552 2799 120 64 esse
627 2799 195 64 perfectus
778 2799 75 64 &
808 2799 240 64 indeficiens.
1003 2799 120 64 ergo
1078 2799 105 64 &c.
1168 2799 90 64 Et
1213 2799 105 64 hoc
1273 2799 105 64 est
1333 2799 120 64 quod
1409 2799 180 64 facilius
1544 2799 195 64 arguitur.
1694 2799 105 64 ix.
1754 2799 120 64 sic.
1829 2799 90 64 Si
1874 2799 150 64 plures
1980 2799 150 64 essent
2085 2799 120 64 dii,
2145 2799 75 64 cum

457 2852 156 66 neuter
567 2852 141 66 esset
661 2852 141 66 ratio
755 2852 172 66 essendi
880 2852 172 66 alterum
1005 2852 141 66 neque
1099 2852 125 66 eius
1177 2852 125 66 quod
1255 2852 110 66 est
1318 2852 94 66 in
1365 2852 141 66 ipso,
1459 2852 172 66 bonitas
1584 2852 141 66 vnius
1678 2852 141 66 eorum
1771 2852 156 66 alteri
1881 2852 172 66 deesset
2006 2852 172 66 omnino,
2131 2852 78 66 &
2147 2852 78 66 ita

456 2906 124 66 non
527 2906 159 66 esset
633 2906 195 66 aliquid
775 2906 159 66 eorum
881 2906 124 66 quo
952 2906 159 66 nihil
1059 2906 177 66 melius
1183 2906 248 66 excogitari
1378 2906 195 66 posset,
1519 2906 142 66 quia
1608 2906 177 66 melius
1732 2906 159 66 esset
1838 2906 177 66 habens
1962 2906 230 66 bonitatem
2122 2906 106 66 inte

461 2964 169 70 gratam
579 2964 101 70 ex
630 2964 219 70 vtriusque
798 2964 219 70 bonitate,
967 2964 118 70 non
1034 2964 118 70 est
1102 2964 152 70 autem
1203 2964 135 70 deus
1287 2964 135 70 nisi
1371 2964 118 70 quo
1439 2964 169 70 melius
1557 2964 152 70 nihil
1658 2964 169 70 potest
1776 2964 253 70 excogitari.
1978 2964 135 70 ergo
2062 2964 118 70 &c.
2147 2964 84 70 De-

455 3013 136 69 cimo
540 3013 187 69 ratione
676 3013 221 69 potentiae
846 3013 136 69 sic.
931 3013 85 69 &
965 3013 119 69 est
1033 3013 153 69 ratio
1135 3013 170 69 Ricar.
1254 3013 153 69 primo
1355 3013 102 69 de
1406 3013 136 69 Tri.
1491 3013 102 69 c.
1542 3013 153 69 vlti.
1644 3013 119 69 Non
1712 3013 119 69 est
1780 3013 136 69 deus
1865 3013 136 69 nisi
1950 3013 119 69 sit
2001 3013 221 69 omnipotens,

461 3065 114 59 sed
526 3065 114 59 non
591 3065 163 59 potest
706 3065 131 59 esse
787 3065 229 59 omnipotens
967 3065 131 59 nisi
1049 3065 147 59 vnus.
1147 3065 131 59 ergo
1228 3065 114 59 &c.
1294 3065 147 59 Maior
1392 3065 163 59 patet:
1506 3065 131 59 quia
1588 3065 98 59 in
1637 3065 114 59 deo
1702 3065 180 59 nullius
1833 3065 212 59 potentiae
1996 3065 114 59 est
2045 3065 180 59 defectus.

457 3116 162 77 Minorem
575 3116 147 77 probat
678 3116 162 77 ibidem:
796 3116 118 77 quia
869 3116 103 77 qui
928 3116 118 77 vere
1001 3116 206 77 omnipotens
1163 3116 103 77 est
1222 3116 147 77 facile
1325 3116 162 77 efficit
1443 3116 88 77 vt
1487 3116 176 77 singulum
1619 3116 206 77 caeterorum
1781 3116 132 77 nihil
1869 3116 162 77 possit,
1987 3116 118 77 quod
2060 3116 147 77 facere
2148 3116 74 77 non

454 3173 162 69 posset
567 3173 97 69 si
615 3173 145 69 alter
712 3173 129 69 deus
793 3173 226 69 omnipotens
971 3173 162 69 esset:
1084 3173 129 69 quia
1165 3173 129 69 tunc
1245 3173 178 69 quantum
1375 3173 129 69 vnus
1456 3173 162 69 posset
1569 3173 162 69 agere,
1682 3173 162 69 tantum
1795 3173 145 69 alter
1892 3173 162 69 posset
2005 3173 162 69 contra
2102 3173 129 69 agere.

450 3229 147 72 ergo
542 3229 129 72 &c.
652 3229 221 72 Vndecimo
818 3229 184 72 arguit
946 3229 147 72 Dam.
1038 3229 129 72 sic
1112 3229 129 72 vbi
1186 3229 166 72 supra
1296 3229 110 72 ex
1351 3229 184 72 diuina
1480 3229 221 72 incircu:
1646 3229 276 72 scriptione.
1866 3229 110 72 Si
1922 3229 166 72 multi
2032 3229 147 72 sunt
2106 3229 110 72 dii.
