2299 3778
40 318 176 82 nullus
163 318 158 82 eorum
269 318 140 82 erit
356 318 176 82 vbique
479 318 88 82 &
514 318 369 82 incircunscriptus:
830 318 140 82 quia
918 318 140 82 vnus
1006 318 158 82 eorum
1111 318 123 82 non
1181 318 140 82 erit
1269 318 105 82 in
1322 318 193 82 altero.
1462 318 246 82 consequens
1655 318 123 82 est
1708 318 123 82 impos

51 390 183 64 sibile
179 390 110 64 in
234 390 147 64 deo.
326 390 147 64 ergo
417 390 128 64 &c.
491 390 92 64 ⁋
527 390 238 64 Duodecimo
711 390 128 64 sic
784 390 183 64 arguit
912 390 183 64 ibidem
1041 390 110 64 ex
1096 390 220 64 regimine
1261 390 220 64 vniuersi
1426 390 92 64 &
1462 390 183 64 ordine
1591 390 220 64 Anselmus
1756 390 110 64 in

45 445 167 57 mondo.
162 445 117 57 ca.
229 445 133 57 iii.
312 445 133 57 sic.
395 445 133 57 Omne
479 445 133 57 quod
562 445 133 57 est,
645 445 117 57 per
712 445 183 57 aliquod
845 445 117 57 ens
912 445 133 57 est,
995 445 133 57 quia
1078 445 117 57 per
1145 445 167 57 nihil,
1262 445 150 57 nihil
1362 445 150 57 habet
1461 445 150 57 esse.
1561 445 83 57 &
1595 445 150 57 illud
1678 445 150 57 oportet

46 501 131 58 esse
127 501 131 58 vnum
209 501 114 58 per
274 501 131 58 quid
356 501 131 58 sunt
438 501 163 58 cuncta
552 501 131 58 quae
634 501 147 58 sunt:
732 501 131 58 quod
813 501 114 58 non
879 501 131 58 est,
960 501 131 58 nisi
1042 501 131 58 deus
1124 501 114 58 sit
1189 501 114 58 non
1254 501 310 58 plurificabilis.
1516 501 131 58 ergo
1597 501 114 58 &c.
1646 501 180 58 Assumptum

41 556 174 66 probat
163 556 227 66 trimembri
337 556 244 66 diuisione:
529 556 140 66 quia
616 556 105 66 si
669 556 174 66 essent
791 556 157 66 plura
895 556 122 66 per
965 556 140 66 quae
1052 556 157 66 entia
1157 556 209 66 haberent
1314 556 157 66 esse,
1419 556 122 66 aut
1489 556 140 66 illa
1576 556 244 66 referuntur
1750 556 70 66 ad

63 614 138 64 vnum
149 614 190 64 aliquod
287 614 121 64 per
356 614 155 64 quiod
459 614 155 64 sunt,
563 614 86 64 &
597 614 138 64 tunc
684 614 121 64 non
753 614 138 64 sunt
839 614 155 64 omnia
942 614 121 64 per
1011 614 172 64 plura:
1132 614 121 64 sed
1201 614 172 64 potius
1322 614 121 64 per
1391 614 155 64 illud
1494 614 155 64 vnum.
1598 614 121 64 Aut
1667 614 138 64 illa
1736 614 86 64 plu

42 662 102 57 ra
93 662 136 57 sunt
178 662 187 57 singula
314 662 119 57 per
382 662 102 57 se
433 662 255 57 existentia:
637 662 85 57 &
671 662 136 57 tunc
756 662 119 57 cum
824 662 102 57 in
875 662 170 57 natura
995 662 221 57 existendi
1165 662 119 57 per
1233 662 102 57 se
1284 662 255 57 conveniunt,
1488 662 136 57 ergo
1573 662 119 57 est
1641 662 170 57 aliqua
1743 662 85 57 vis

44 714 89 65 &
80 714 178 65 natura
204 714 231 65 existendi
382 714 125 65 per
453 714 125 65 se,
524 714 142 65 quam
613 714 249 65 communiter
809 714 178 65 habent
934 714 107 65 vt
987 714 125 65 per
1058 714 107 65 se
1111 714 160 65 sint.
1218 714 178 65 Verius
1343 714 142 65 ergo
1432 714 125 65 per
1503 714 196 65 idipsum
1645 714 142 65 vnum
1716 714 107 65 sunt

49 767 138 77 quam
135 767 121 77 per
204 767 155 77 plura
308 767 138 77 quae
394 767 138 77 sine
480 767 138 77 illo
567 767 138 77 esse
653 767 121 77 vel
722 767 155 77 stare
826 767 121 77 non
895 767 207 77 possunt.
1050 767 121 77 Aut
1119 767 138 77 illa
1205 767 155 77 plura
1309 767 121 77 per
1378 767 104 77 se
1430 767 224 77 abinuicem
1603 767 173 77 habent
1706 767 121 77 esse,

49 819 136 61 quod
134 819 153 61 nulla
236 819 187 61 patitur
372 819 170 61 ratio.
491 819 187 61 quoniam
626 819 272 61 irrationalis
847 819 221 61 cogitatio
1017 819 136 61 est:
1102 819 102 61 vt
1153 819 170 61 aliqua
1272 819 119 61 res
1340 819 119 61 sit
1407 819 119 61 per
1475 819 153 61 illud
1577 819 119 61 cui
1645 819 119 61 dat
1696 819 119 61 esse.

37 872 87 61 ⁋
71 872 277 61 Decimotertio
297 872 173 61 arguit
418 872 156 61 idem,
522 872 87 61 &
557 872 156 61 eodem
661 872 139 61 modo
747 872 104 61 in
799 872 104 61 c.
851 872 156 61 iiii.
955 872 139 61 sic.
1042 872 243 61 Quaecumque
1233 872 104 61 se
1285 872 173 61 habent
1406 872 225 61 adinuicem
1579 872 208 61 secundum
1718 872 104 61 gra-

42 928 123 65 dum
113 928 88 65 &
148 928 194 65 ordinem
289 928 264 65 dignitatis,
500 928 176 65 habent
623 928 194 65 aliquid
764 928 141 65 quod
852 928 194 65 omnibus
993 928 123 65 eis
1063 928 282 65 supereminens
1292 928 141 65 est.
1380 928 88 65 &
1415 928 246 65 pertractat
1609 928 141 65 quod
1697 928 123 65 hoc
1750 928 70 65 ne

52 980 139 57 cesse
144 980 108 57 est
206 980 123 57 esse
283 980 154 57 tantum
390 980 139 57 vnum,
483 980 108 57 ita
544 980 123 57 quod
621 980 108 57 non
683 980 154 57 possit
791 980 246 57 plurificari,
991 980 169 57 quoniam
1114 980 92 57 si
1160 980 185 57 ponantur
1299 980 139 57 plura
1391 980 154 57 talia,
1499 980 108 57 cum
1560 980 108 57 non
1622 980 169 57 possunt
1730 980 92 57 esse

42 1035 231 66 inaequalia:
226 1035 123 66 quia
303 1035 123 66 tunc
380 1035 123 66 vnum
457 1035 169 66 illorum
580 1035 261 66 praecelleret,
795 1035 215 66 necessario
964 1035 123 66 ergo
1041 1035 123 66 sunt
1118 1035 200 66 aequalia.
1272 1035 77 66 &
1302 1035 108 66 hoc
1364 1035 108 66 non
1425 1035 154 66 potest
1533 1035 123 66 esse
1610 1035 123 66 nisi
1687 1035 108 66 per
1733 1035 92 66 idem

45 1079 118 71 quod
119 1079 103 71 est
178 1079 132 71 eorum
266 1079 191 71 essentia,
413 1079 103 71 aut
472 1079 162 71 aliquod
590 1079 147 71 aliud.
693 1079 88 71 Si
737 1079 132 71 primo
825 1079 132 71 modo,
914 1079 103 71 cum
972 1079 132 71 eorum
1061 1079 177 71 essentia
1193 1079 103 71 sit
1252 1079 103 71 vna
1311 1079 162 71 quantum
1429 1079 103 71 est
1488 1079 88 71 de
1532 1079 103 71 se,
1591 1079 103 71 non
1635 1079 191 71 diuersifica

54 1145 102 63 ta
105 1145 102 63 in
156 1145 119 63 vno
223 1145 85 63 &
257 1145 102 63 in
308 1145 186 63 altero,
444 1145 152 63 illud
545 1145 237 63 necessario
732 1145 119 63 est
800 1145 152 63 vnum.
901 1145 102 63 Si
952 1145 186 63 secundo
1088 1145 152 63 modo,
1189 1145 136 63 tunc
1274 1145 136 63 ipsa
1359 1145 102 63 in
1409 1145 203 63 essentia
1562 1145 119 63 sua
1630 1145 169 63 minora
1731 1145 102 63 sunt

48 1196 132 70 quam
131 1196 165 70 illud.
247 1196 132 70 ergo
329 1196 116 70 eis
395 1196 182 70 aliquod
528 1196 132 70 vnum
610 1196 264 70 supereminet.
825 1196 149 70 Plura
924 1196 165 70 igitur
1040 1196 132 70 esse
1122 1196 116 70 non
1188 1196 198 70 possunt,
1337 1196 165 70 quibus
1453 1196 149 70 nihil
1552 1196 116 70 est
1601 1196 215 70 supeminens.

52 1254 87 61 ⁋
86 1254 104 61 Ad
139 1254 139 61 idem
226 1254 139 61 sunt
313 1254 209 61 rationes
469 1254 209 61 Auicicen
626 1254 191 61 quatuor
765 1254 104 61 in
817 1254 261 61 metaphysica
1026 1254 122 61 sua
1095 1254 313 61 efficacissimae
1356 1254 139 61 quas
1443 1254 191 61 ponemus
1582 1254 104 61 in
1635 1254 226 61 soluendo.

51 1301 104 86 ⁋
93 1301 249 86 Dicendum
279 1301 124 86 ad
342 1301 166 86 hoc,
445 1301 166 86 quod
549 1301 124 86 ex
611 1301 290 86 rationibus
839 1301 311 86 probantibus
1088 1301 311 86 simpliciter
1337 1301 166 86 quod
1441 1301 166 86 deus
1544 1301 166 86 est,
1648 1301 104 86 &
1669 1301 145 86 etiam

46 1378 91 59 ex
91 1378 228 59 probantibus
274 1378 122 59 quod
350 1378 106 59 sit
411 1378 152 59 tantum
517 1378 137 59 vnus,
608 1378 106 59 non
669 1378 167 59 habetur
791 1378 122 59 quod
867 1378 167 59 necesse
989 1378 106 59 est
1049 1378 122 59 quod
1125 1378 106 59 sit
1186 1378 152 59 tantum
1293 1378 137 59 vnus:
1384 1378 91 59 vt
1430 1378 228 59 impossibile
1612 1378 106 59 sit
1673 1378 122 59 quod
1734 1378 91 59 sint

50 1420 182 74 plures,
183 1420 133 74 nisi
266 1420 149 74 forte
365 1420 166 74 gratia
481 1420 215 74 materiae.
647 1420 99 74 In
697 1420 215 74 creaturis
863 1420 133 74 enim
945 1420 199 74 secundum
1095 1420 249 74 theologicam
1294 1420 298 74 intelligentiam
1542 1420 116 74 res
1609 1420 199 74 existens
1758 1420 99 74 in

35 1471 154 76 actu,
138 1471 103 76 ab
189 1471 137 76 alio
274 1471 154 76 habet
377 1471 137 76 esse
463 1471 103 76 in
514 1471 137 76 actu
599 1471 274 76 simpliciter,
822 1471 86 76 &
856 1471 103 76 ab
907 1471 137 76 alio
993 1471 137 76 esse
1078 1471 137 76 hoc,
1164 1471 86 76 &
1198 1471 103 76 ab
1249 1471 137 76 alio
1335 1471 137 76 esse
1421 1471 120 76 hoc
1489 1471 205 76 aliquid.
1643 1471 137 76 Quia
1711 1471 103 76 enim

51 1529 156 73 habet
154 1529 138 73 esse
241 1529 104 73 in
293 1529 156 73 actu,
396 1529 156 73 habet
500 1529 225 73 inquantum
673 1529 121 73 est
742 1529 207 73 effectus
898 1529 156 73 primi
1002 1529 173 73 entis.
1123 1529 138 73 quod
1209 1529 138 73 vero
1295 1529 156 73 habet
1399 1529 138 73 esse
1486 1529 138 73 hoc,
1572 1529 156 73 habet
1676 1529 86 73 a
1693 1529 121 73 natu-

44 1577 96 79 ra
92 1577 209 79 essentiae
253 1577 144 79 suae,
349 1577 209 79 inquantum
510 1577 112 79 est
574 1577 225 79 exemplatum
750 1577 177 79 diuinae
879 1577 209 79 rationis:
1039 1577 128 79 vnde
1120 1577 144 79 habet
1216 1577 128 79 quod
1296 1577 177 79 dicatur
1425 1577 128 79 esse
1505 1577 225 79 substantia
1682 1577 112 79 vel
1730 1577 96 79 acci

47 1630 170 70 dens,
161 1630 151 70 homo
255 1630 132 70 vel
331 1630 208 70 asinus.
482 1630 151 70 quod
577 1630 151 70 vero
672 1630 170 70 habet
785 1630 151 70 esse
880 1630 132 70 hoc
955 1630 227 70 aliquid,
1126 1630 170 70 habet
1239 1630 95 70 a
1277 1630 189 70 natura
1410 1630 246 70 suppositi
1580 1630 246 70 determinan-

43 1690 121 74 tis
112 1690 207 74 naturam,
267 1690 103 74 in
319 1690 121 74 quo
387 1690 172 74 diuina
508 1690 190 74 actione
646 1690 224 74 essentiae
818 1690 241 74 acquiritur
1008 1690 138 74 esse
1094 1690 276 74 existentiae.
1318 1690 190 74 Quomodo
1456 1690 155 74 autem
1559 1690 121 74 hoc
1628 1690 155 74 fiat,
1732 1690 121 74 aut

51 1748 102 66 per
110 1748 174 66 materiam
240 1748 174 66 secundum
371 1748 232 66 philosophum,
560 1748 102 66 aut
618 1748 102 66 per
676 1748 131 66 alias
763 1748 247 66 dispositiones
966 1748 232 66 hypostaticas
1155 1748 174 66 secundum
1286 1748 203 66 Damascenus
1445 1748 102 66 non
1504 1748 102 66 est
1562 1748 203 66 praesentis
1707 1748 116 66 inqui-

44 1795 202 78 sitionis.
199 1795 93 78 Et
245 1795 140 78 licet
338 1795 217 78 concordant
509 1795 233 78 philosophis
695 1795 124 78 quod
772 1795 93 78 in
819 1795 186 78 creatura
958 1795 186 78 qualibet
1098 1795 171 78 ratione
1222 1795 202 78 differunt
1377 1795 124 78 esse
1454 1795 248 78 simpliciter,
1656 1795 78 78 &
1687 1795 124 78 esse
1749 1795 78 78 hoc

47 1863 80 56 &
79 1863 129 56 esse
159 1863 113 56 hoc
224 1863 193 56 aliquid,
369 1863 113 56 non
433 1863 145 56 tamen
529 1863 225 56 concordant
706 1863 96 56 in
755 1863 129 56 hoc,
835 1863 129 56 quod
915 1863 113 56 res
980 1863 96 56 ab
1028 1863 129 56 alio
1108 1863 161 56 habeat
1221 1863 129 56 esse
1301 1863 241 56 simpliciter
1494 1863 96 56 in
1543 1863 145 56 actu,
1639 1863 80 56 &
1671 1863 129 56 esse
1736 1863 80 56 hoc

52 1896 183 80 secundum
189 1896 213 80 essentiam.
356 1896 122 80 Ambo
432 1896 122 80 enim
509 1896 152 80 dicunt
615 1896 107 80 rem
676 1896 152 80 habere
783 1896 76 80 a
813 1896 137 80 forma
904 1896 122 80 sua,
981 1896 244 80 considerando
1179 1896 183 80 scilicet
1316 1896 152 80 causam
1422 1896 122 80 suam
1498 1896 183 80 proximam
1635 1896 107 80 non
1681 1896 137 80 primam:

45 1960 83 75 vt
87 1960 139 75 dictum
184 1960 97 75 est
239 1960 139 75 supra.
337 1960 83 75 Et
378 1960 111 75 ideo
448 1960 97 75 tam
503 1960 167 75 secundum
628 1960 208 75 philosophos
795 1960 111 75 quam
864 1960 167 75 secundum
989 1960 180 75 theologos
1128 1960 83 75 in
1169 1960 180 75 creaturis
1308 1960 83 75 ex
1350 1960 83 75 eo
1392 1960 111 75 quod
1461 1960 153 75 aliquid
1572 1960 167 75 probatur
1697 1960 111 75 esse
1752 1960 56 75 in

43 2008 136 78 actu
128 2008 272 78 simpliciter,
349 2008 153 78 licet
451 2008 102 78 ex
501 2008 119 78 hoc
569 2008 204 78 habeatur
722 2008 136 78 quod
807 2008 119 78 sit
875 2008 136 78 vnum
960 2008 102 78 in
1011 2008 221 78 supposito
1181 2008 153 78 sicut
1283 2008 119 78 est
1351 2008 136 78 ens,
1435 2008 102 78 ad
1486 2008 153 78 modum
1588 2008 119 78 quo
1639 2008 170 78 probauit

57 2059 131 66 deum
138 2059 131 66 esse
220 2059 131 66 vnum
302 2059 196 66 quaestio
449 2059 147 66 prima
546 2059 147 66 supra
644 2059 196 66 exequuta
791 2059 98 66 de
840 2059 180 66 vnitate
971 2059 131 66 dei,
1053 2059 180 66 quoniam
1183 2059 229 66 substantia
1363 2059 245 66 cuiuslibet,
1559 2059 180 66 propria
1689 2059 114 66 est
1738 2059 82 66 cui

45 2114 155 79 libet,
153 2114 77 79 &
184 2114 108 79 non
246 2114 108 79 est
308 2114 186 79 alterius
447 2114 124 79 nisi
525 2114 217 79 suiipsius,
695 2114 77 79 &
726 2114 155 79 illius
835 2114 139 79 cuius
928 2114 124 79 est,
1005 2114 77 79 &
1036 2114 108 79 non
1098 2114 108 79 est
1160 2114 93 79 in
1207 2114 201 79 pluribus:
1362 2114 93 79 vt
1408 2114 139 79 dicit
1501 2114 232 79 philosophus
1687 2114 93 79 in
1718 2114 93 79 vii.

44 2179 156 66 meta.
148 2179 260 66 vniuersalia
355 2179 139 66 enim
442 2179 121 66 (vt
511 2179 173 66 probat
632 2179 190 66 ibidem)
771 2179 121 66 non
840 2179 139 66 sunt
927 2179 260 66 substantiae
1135 2179 173 66 rerum,
1256 2179 139 66 nisi
1342 2179 208 66 quatenus
1498 2179 139 66 sunt
1568 2179 242 66 particularia

47 2221 99 66 in
97 2221 248 66 suppositis:
296 2221 116 66 Non
362 2221 149 66 tamen
461 2221 99 66 ex
511 2221 116 66 hoc
577 2221 182 66 habetur
710 2221 215 66 probatum,
875 2221 132 66 quod
958 2221 116 66 sit
1024 2221 166 66 tantum
1140 2221 132 66 vnum
1223 2221 99 66 in
1272 2221 232 66 supposito,
1454 2221 99 66 ad
1504 2221 149 66 modum
1603 2221 116 66 quo
1670 2221 166 66 proba-

51 2277 109 78 uit
114 2277 187 78 quaestio
254 2277 172 78 proxima
379 2277 219 78 praecedens
551 2277 125 78 quod
629 2277 156 78 tantum
739 2277 109 78 sit
801 2277 125 78 vnus
879 2277 141 78 deus,
973 2277 78 78 &
1004 2277 141 78 multo
1098 2277 141 78 minus
1192 2277 125 78 quod
1270 2277 172 78 necesse
1395 2277 109 78 sit
1457 2277 125 78 quod
1535 2277 109 78 sit
1598 2277 156 78 tantum
1692 2277 109 78 vnum.

49 2326 98 69 ad
98 2326 146 69 modum
195 2326 114 69 quo
260 2326 179 69 quaerit
390 2326 130 69 ista
472 2326 211 69 quaestio,
634 2326 98 69 an
683 2326 114 69 sit
748 2326 163 69 tantum
862 2326 130 69 vnus
943 2326 146 69 deus,
1041 2326 114 69 ita
1106 2326 130 69 quod
1187 2326 114 69 non
1252 2326 179 69 possint
1382 2326 130 69 esse
1464 2326 179 69 plures.
1594 2326 98 69 In
1626 2326 179 69 creaturis

57 2399 139 59 enim
143 2399 174 59 potest
265 2399 156 59 forma
369 2399 260 59 determinata
577 2399 226 59 supposito
751 2399 104 59 de
803 2399 104 59 se
855 2399 139 59 esse
942 2399 260 59 vniuersalis
1150 2399 87 59 &
1184 2399 295 59 indeterminata
1427 2399 208 59 secundum
1583 2399 243 59 supposita,
1757 2399 52 59 &

49 2441 125 69 esse
127 2441 93 69 in
174 2441 187 69 pluribus
314 2441 234 69 suppositis.
501 2441 187 69 secundum
641 2441 125 69 quod
719 2441 140 69 dicit
812 2441 249 69 philosophus.
1015 2441 125 69 Quod
1093 2441 218 69 vniuersale
1264 2441 125 69 est,
1342 2441 171 69 commune
1466 2441 125 69 est.
1544 2441 109 69 Non
1607 2441 125 69 enim
1669 2441 140 69 dicitur

55 2487 253 78 vniuersale,
257 2487 135 78 nisi
341 2487 135 78 quod
426 2487 253 78 naturaliter
628 2487 118 78 est
695 2487 185 78 plurium
830 2487 168 78 rerum,
947 2487 84 78 &
981 2487 185 78 commune
1116 2487 202 78 plurium.
1267 2487 118 78 Sed
1335 2487 101 78 si
1385 2487 202 78 sequatur
1537 2487 101 78 in
1587 2487 168 78 aliquo
1705 2487 135 78 quod

56 2556 111 69 cum
120 2556 95 69 eo
167 2556 127 69 quod
246 2556 174 69 ponatur
373 2556 143 69 esse,
469 2556 79 69 &
500 2556 127 69 vnum
580 2556 95 69 in
627 2556 222 69 supposito,
802 2556 111 69 sit
865 2556 159 69 tantum
976 2556 143 69 vnum:
1071 2556 79 69 &
1103 2556 111 69 hoc
1167 2556 111 69 ita
1230 2556 127 69 quod
1309 2556 238 69 impossibile
1500 2556 111 69 sit
1563 2556 127 69 esse
1642 2556 143 69 plura
1722 2556 79 69 se-

45 2595 162 60 cundum
158 2595 227 60 supposita,
337 2595 113 60 hoc
401 2595 146 60 solum
499 2595 146 60 tenet
596 2595 162 60 gratia
710 2595 211 60 materiae,
872 2595 113 60 aut
937 2595 195 60 scilicet
1082 2595 130 60 quia
1163 2595 130 60 ipsa
1245 2595 146 60 forma
1342 2595 113 60 est
1407 2595 97 60 de
1455 2595 97 60 se
1504 2595 243 60 subsistens,
1699 2595 81 60 &
1715 2595 97 60 ideo

49 2663 120 67 non
118 2663 138 67 nata
204 2663 138 67 esse
290 2663 138 67 nisi
376 2663 120 67 hoc
445 2663 206 67 aliquid,
599 2663 120 67 nec
668 2663 258 67 considerari
875 2663 138 67 nisi
961 2663 120 67 sub
1030 2663 189 67 ratione
1167 2663 327 67 singularitatis,
1443 2663 120 67 non
1511 2663 120 67 sub
1580 2663 172 67 aliqua
1684 2663 120 67 ratio

43 2700 105 80 ne
95 2700 226 80 communis:
269 2700 122 80 aut
339 2700 139 80 quia
426 2700 139 80 etsi
513 2700 139 80 ipsa
600 2700 157 80 forma
705 2700 105 80 de
757 2700 105 80 se
809 2700 139 80 nata
896 2700 157 80 esset
1001 2700 279 80 multiplicari
1227 2700 122 80 per
1297 2700 244 80 supposita,
1488 2700 139 80 quia
1576 2700 157 80 tamen
1663 2700 139 80 conti-

53 2751 110 73 net
116 2751 142 73 totam
211 2751 126 73 suam
290 2751 205 73 materiam,
447 2751 95 73 in
495 2751 110 73 qua
558 2751 126 73 nata
636 2751 110 73 est
700 2751 142 73 esse,
794 2751 110 73 ita
857 2751 126 73 quod
936 2751 110 73 non
999 2751 126 73 nata
1078 2751 110 73 est
1141 2751 252 73 multiplicari
1346 2751 110 73 per
1409 2751 205 73 supposita
1567 2751 189 73 secundum
1693 2751 110 73 diui-

49 2806 153 82 sionem
156 2806 229 82 quantitatis
339 2806 122 82 vllo
415 2806 137 82 modo,
507 2806 137 82 sicut
598 2806 137 82 totam
690 2806 122 82 suam
766 2806 183 82 materiam
903 2806 214 82 possibilem
1071 2806 92 82 ad
1117 2806 122 82 suam
1193 2806 168 82 formam,
1316 2806 183 82 secundum
1453 2806 244 82 philosophum,
1636 2806 168 82 continent

54 2866 181 70 corpora
185 2866 231 70 caelestia:
367 2866 115 70 qui
433 2866 132 70 enim
515 2866 148 70 dicit
614 2866 181 70 caelum,
746 2866 148 70 dicit
845 2866 165 70 formam
961 2866 165 70 solum,
1076 2866 115 70 qui
1142 2866 132 70 vero
1225 2866 148 70 dicit
1324 2866 115 70 hoc
1390 2866 181 70 caelum,
1522 2866 148 70 dicit
1621 2866 165 70 formam
1736 2866 99 70 in

54 2919 182 78 materia,
190 2919 76 78 &
221 2919 137 78 tamen
312 2919 106 78 non
373 2919 152 78 potest
479 2919 182 78 secundum
615 2919 228 78 philosophum
797 2919 91 78 in
843 2919 137 78 eadem
934 2919 152 78 specie
1040 2919 121 78 esse
1116 2919 137 78 aliud
1207 2919 167 78 caelum,
1329 2919 121 78 quia
1404 2919 137 78 totam
1495 2919 121 78 suam
1571 2919 182 78 materiam
1693 2919 106 78 conti

54 2970 113 71 net
118 2970 306 71 indiuisibiliter
376 2970 145 71 forma
473 2970 145 71 primo
570 2970 129 71 modo
651 2970 242 71 subsistens:
844 2970 161 71 dicunt
957 2970 226 71 philosophi
1135 2970 129 71 quod
1215 2970 113 71 non
1280 2970 113 71 est
1344 2970 97 71 in
1393 2970 161 71 natura
1506 2970 113 71 sua
1570 2970 194 71 communis
1699 2970 113 71 pluri

55 3020 138 71 bus:
141 3020 121 71 sed
210 3020 225 71 solummodo
383 3020 260 71 singularis.
591 3020 208 71 species,
747 3020 156 71 nullo
851 3020 138 71 modo
937 3020 260 71 vniuersalis
1145 3020 138 71 apta
1231 3020 294 71 multiplicari.
1473 3020 104 71 Si
1525 3020 138 71 enim
1612 3020 173 71 plures
1716 3020 87 71 es-

50 3074 130 83 set:
131 3074 98 83 vt
180 3074 196 83 homines:
327 3074 147 83 foret
425 3074 163 83 specie
539 3074 147 83 vnum,
637 3074 163 83 numero
751 3074 130 83 vero
832 3074 163 83 plura:
947 3074 82 83 &
979 3074 114 83 ita
1045 3074 98 83 vt
1093 3074 147 83 dicit
1191 3074 245 83 philosophus
1387 3074 98 83 in
1436 3074 130 83 xii.
1517 3074 179 83 haberet
1632 3074 179 83 materiam.

52 3134 145 69 quia
142 3134 253 69 quaecumque
341 3134 145 69 sunt
432 3134 163 69 plura
540 3134 199 69 numero,
685 3134 181 69 habent
811 3134 235 69 materiam.
992 3134 163 69 Eorma
1101 3134 163 69 autem
1209 3134 271 69 subsistens,
1426 3134 145 69 quia
1517 3134 109 69 in
1571 3134 109 69 se
1625 3134 127 69 est
1679 3134 127 69 ende-

61 3182 175 67 lechia
183 3182 87 67 &
218 3182 157 67 actus
323 3182 122 67 (vt
393 3182 157 67 dicit
497 3182 192 67 ibidem)
637 3182 122 67 non
707 3182 157 67 habet
812 3182 227 67 materiam.
987 3182 157 67 Eorma
1092 3182 227 67 similiter
1266 3182 227 67 continens
1441 3182 157 67 totam
1546 3182 140 67 suam
1616 3182 192 67 materiam,

50 3244 144 77 licet
146 3244 305 77 multiplicabilis
403 3244 144 77 esset
499 3244 177 77 quantum
628 3244 112 77 est
692 3244 96 77 ex
740 3244 144 77 parte
836 3244 177 77 formae,
965 3244 209 77 inquantum
1125 3244 144 77 tamen
1221 3244 112 77 est
1285 3244 96 77 in
1334 3244 177 77 materia
1462 3244 112 77 sua
1526 3244 144 77 tota,
1622 3244 128 77 quae
1703 3244 112 77 non
1751 3244 64 77 po
