2326 3762
463 287 120 88 test
538 287 256 88 multiplicari,
749 287 120 88 quia
824 287 105 88 nec
884 287 151 88 diuidi
990 287 181 88 secundum
1125 287 241 88 quantitatem,
1321 287 135 88 nullo
1411 287 120 88 modo
1486 287 181 88 secundum
1622 287 226 88 philosophum
1803 287 105 88 est
1863 287 286 88 multiplicabilis
2104 287 105 88 per
2149 287 90 88 plu-

462 348 94 77 ra
509 348 219 77 supposita.
681 348 109 77 Per
743 348 125 77 quod
821 348 234 77 philosophus
1009 348 156 77 probat
1118 348 94 77 in
1165 348 94 77 i.
1212 348 125 77 cae.
1290 348 78 77 &
1321 348 140 77 mund.
1415 348 156 77 mundum
1524 348 125 77 esse
1602 348 125 77 vnum
1680 348 219 77 perfectum,
1852 348 78 77 &
1883 348 109 77 non
1945 348 140 77 posse
2039 348 125 77 esse
2102 348 140 77 plures.

464 415 114 63 Sed
529 415 212 63 quocumque
692 415 131 63 modo
774 415 131 63 ista
855 415 98 63 se
904 415 179 63 habeant
1035 415 98 63 in
1084 415 228 63 creaturis,
1263 415 131 63 quae
1345 415 98 63 ad
1394 415 196 63 praesens
1540 415 114 63 non
1606 415 131 63 sunt
1687 415 277 63 perscrutanda,
1916 415 114 63 ita
1981 415 114 63 est
2030 415 212 63 proculdubio

469 455 95 73 in
517 455 126 73 deo,
595 455 126 73 quod
674 455 95 73 in
722 455 95 73 eo
769 455 126 73 idem
848 455 126 73 sunt
927 455 158 73 omnino
1037 455 126 73 esse
1116 455 237 73 simpliciter
1305 455 79 73 &
1337 455 126 73 esse
1416 455 126 73 hoc,
1495 455 126 73 quia
1573 455 95 73 vt
1621 455 158 73 dictum
1731 455 110 73 est
1794 455 158 73 supra,
1905 455 95 73 in
1952 455 110 73 deo
2015 455 126 73 idem
2094 455 126 73 sunt
2157 455 79 73 es-

467 519 158 59 sentia
578 519 79 59 &
609 519 142 59 esse.
704 519 126 59 ldem
783 519 142 59 etiam
878 519 111 59 cum
941 519 126 59 esse
1020 519 237 59 simpliciter
1209 519 79 59 &
1241 519 126 59 esse
1320 519 126 59 hoc,
1399 519 111 59 est
1462 519 95 59 in
1510 519 126 59 ipso
1588 519 126 59 esse
1667 519 111 59 hoc
1731 519 190 59 aliquid,
1873 519 126 59 quia
1952 519 142 59 sicut
2046 519 95 59 in
2094 519 111 59 deo
2157 519 111 59 non

479 562 166 73 differt
600 562 181 73 essentia
735 562 90 73 ab
780 562 136 73 esse,
871 562 106 73 sic
931 562 106 73 nec
992 562 121 73 esse
1067 562 106 73 hoc
1127 562 166 73 aliquid
1248 562 90 73 ab
1293 562 121 73 esse
1369 562 121 73 hoc:
1444 562 90 73 vt
1489 562 136 73 infra
1580 562 211 73 videbitur.
1745 562 90 73 Et
1791 562 106 73 sic
1851 562 166 73 ratione
1972 562 181 73 materiae
2107 562 136 73 omnes
2183 562 60 73 ra

465 622 137 68 tiones
561 622 178 68 probantes
698 622 110 68 deum
767 622 123 68 esse,
849 622 151 68 probant
959 622 110 68 quod
1027 622 96 68 est
1082 622 123 68 vnus:
1165 622 69 68 &
1192 622 165 68 rationes
1315 622 137 68 omnes,
1411 622 96 68 tam
1466 622 82 68 ad
1507 622 206 68 quaestionem
1672 622 82 68 an
1713 622 110 68 deus
1782 622 137 68 habeat
1878 622 123 68 esse:
1960 622 110 68 quam
2028 622 82 68 ad
2056 622 178 68 quaestionem

470 671 87 77 an
513 671 145 77 habeat
614 671 116 77 esse
686 671 116 77 vnus
759 671 159 77 ratione
874 671 188 77 materiae:
1019 671 159 77 probant
1134 671 202 77 consiliter
1293 671 116 77 quod
1366 671 101 77 sit
1423 671 145 77 tantum
1524 671 130 77 vnus,
1611 671 72 77 &
1640 671 130 77 omnes
1727 671 130 77 illae
1813 671 87 77 ad
1857 671 188 77 quemlibet
2001 671 159 77 illorum
2102 671 145 77 articulo

468 723 115 68 rum
533 723 181 68 probant
665 723 132 68 quod
748 723 115 68 non
814 723 181 68 possunt
946 723 132 68 esse
1028 723 181 68 plures.
1160 723 99 68 Et
1210 723 99 68 ex
1259 723 115 68 hoc
1325 723 132 68 quod
1407 723 99 68 in
1457 723 115 68 deo
1523 723 132 68 idem
1605 723 132 68 sunt
1688 723 148 68 esse,
1787 723 82 68 &
1820 723 132 68 esse
1902 723 132 68 hoc,
1985 723 82 68 &
2018 723 132 68 esse
2100 723 115 68 hoc
2150 723 82 68 ali

468 784 162 67 quid,
576 784 270 67 proculdubio
792 784 108 67 in
846 784 126 67 deo
918 784 126 67 non
991 784 126 67 est
1063 784 180 67 ponere
1189 784 216 67 rationem
1351 784 270 67 vniuersalis
1567 784 90 67 &
1603 784 288 67 particularis
1838 784 216 67 contenti
2000 784 126 67 sub
2072 784 162 67 forma
2162 784 90 67 vni

471 833 206 64 uersali:
625 833 103 64 vt
677 833 154 64 infra
780 833 240 64 videbitur.
968 833 120 64 Sed
1037 833 137 64 deus
1123 833 223 64 solummodo
1294 833 206 64 rationem
1449 833 154 64 habet
1552 833 137 64 eius
1638 833 137 64 quod
1723 833 309 64 indiuidualiter
1981 833 154 64 habet
2084 833 137 64 esse
2152 833 86 64 hoc

479 885 179 73 aliquid
609 885 98 73 in
658 885 228 73 supposito,
837 885 81 73 &
870 885 130 73 vnum
951 885 179 73 numero,
1082 885 114 73 non
1147 885 130 73 dico
1228 885 147 73 vnus:
1326 885 98 73 vt
1375 885 147 73 infra
1473 885 228 73 videbitur,
1652 885 179 73 quoniam
1783 885 130 73 esse
1864 885 147 73 purum
1962 885 130 73 quod
2043 885 130 73 deus
2125 885 130 73 est,
2190 885 49 73 &

471 938 133 72 quod
555 938 117 72 est
621 938 233 72 necessitas
804 938 200 72 essendi,
954 938 117 72 non
1021 938 200 72 convenit
1171 938 133 72 nisi
1254 938 183 72 signato
1387 938 217 72 inquantum
1554 938 200 72 signatum
1704 938 133 72 est,
1787 938 83 72 &
1821 938 117 72 hoc
1887 938 117 72 sub
1954 938 183 72 ratione
2070 938 167 72 simplici

472 994 133 65 sine
556 994 133 65 omni
639 994 317 65 determinatione,
906 994 83 65 &
939 994 283 65 contractione.
1172 994 183 65 Propter
1305 994 133 65 quod
1389 994 133 65 deus
1472 994 100 65 in
1522 994 100 65 se
1572 994 150 65 habet
1672 994 167 65 omnium
1789 994 283 65 perfectiones,
2022 994 83 65 &
2055 994 100 65 ad
2105 994 117 65 eum
2155 994 100 65 redu

481 1051 155 64 cuntur
589 1051 139 64 omnia
681 1051 124 64 alia
759 1051 170 64 tanquam
882 1051 93 64 ab
929 1051 124 64 ipso
1006 1051 263 64 participantia
1222 1051 124 64 quod
1299 1051 93 64 in
1346 1051 93 64 se
1392 1051 247 64 perfectionis
1593 1051 170 64 habent.
1717 1051 185 64 secundum
1856 1051 124 64 quod
1933 1051 93 64 ex
1979 1051 108 64 his
2026 1051 216 64 processerunt

470 1100 153 72 omnia
572 1100 222 72 argumenta
743 1100 102 72 ad
794 1100 153 72 istam
896 1100 170 72 partem
1015 1100 153 72 supra
1117 1100 204 72 inducta:
1271 1100 102 72 vt
1322 1100 153 72 patet
1424 1100 273 72 inspicienti.
1646 1100 102 72 Et
1697 1100 136 72 ideo
1782 1100 204 72 absolute
1935 1100 256 72 concedendum
2140 1100 136 72 quod

467 1154 145 72 deus
557 1154 127 72 est
630 1154 145 72 vnus
720 1154 109 72 in
775 1154 217 72 essentia
938 1154 91 72 &
974 1154 272 72 indiuiduali
1191 1154 199 72 natura.
1336 1154 127 72 Non
1409 1154 145 72 dico
1499 1154 109 72 in
1554 1154 254 72 supposito,
1753 1154 181 72 etenim
1880 1154 145 72 deus
1970 1154 163 72 licet
2079 1154 127 72 sit
2133 1154 109 72 plu-

477 1203 108 73 res
538 1203 93 73 in
585 1203 231 73 suppositis:
770 1203 170 73 propter
893 1203 185 73 vnitatem
1032 1203 139 73 tamen
1125 1203 201 73 essentiae
1279 1203 262 73 indiuisibilis
1495 1203 93 73 in
1541 1203 123 73 eis,
1618 1203 108 73 non
1680 1203 108 73 est
1742 1203 123 73 nisi
1819 1203 123 73 vnus
1896 1203 123 73 deus
1973 1203 93 73 in
2020 1203 154 73 illis:
2128 1203 93 73 vt
2174 1203 108 73 in-

484 1261 114 73 fra
549 1261 179 73 amplius
679 1261 196 73 patebit.
826 1261 114 73 ita
891 1261 130 73 quod
973 1261 244 73 impossibile
1168 1261 114 73 est
1233 1261 130 73 esse
1315 1261 179 73 plures,
1445 1261 147 73 neque
1543 1261 114 73 per
1608 1261 277 73 successionem:
1837 1261 98 73 vt
1885 1261 130 73 quod
1967 1261 114 73 vno
2032 1261 196 73 corrupto
2163 1261 81 73 al-

476 1319 109 66 ter
539 1319 94 66 ex
586 1319 219 66 substantia
758 1319 188 66 deitatis
898 1319 219 66 generetur:
1070 1319 125 66 quia
1148 1319 125 66 ipse
1226 1319 125 66 vnus
1305 1319 109 66 est
1367 1319 172 66 necesse
1492 1319 141 66 esse,
1586 1319 94 66 vt
1633 1319 172 66 habitum
1758 1319 109 66 est
1820 1319 156 66 supra,
1930 1319 125 66 quod
2008 1319 109 66 non
2070 1319 156 66 potest
2164 1319 78 66 non

477 1366 133 62 esse
561 1366 100 62 vt
611 1366 217 62 videbitur
777 1366 167 62 infra:
894 1366 150 62 neque
994 1366 167 62 simul:
1110 1366 133 62 quia
1194 1366 283 62 inconicabilis
1427 1366 117 62 est
1493 1366 167 62 natura
1610 1366 217 62 deitatis:
1777 1366 117 62 nec
1843 1366 200 62 rationem
1993 1366 250 62 vniuersalis
2176 1366 67 62 ha

474 1423 133 57 bet:
558 1423 117 57 sed
624 1423 233 57 indiuidui,
807 1423 83 57 &
841 1423 133 57 eius
924 1423 133 57 quod
1007 1423 117 57 est
1074 1423 117 57 hoc
1141 1423 200 57 aliquid:
1291 1423 100 57 vt
1341 1423 167 57 dictum
1457 1423 133 57 est.
1540 1423 117 57 Non
1607 1423 133 57 enim
1690 1423 150 57 habet
1790 1423 200 57 rationem
1940 1423 250 57 vniuersalis
2123 1423 117 57 sicut

481 1477 207 75 generis:
636 1477 103 75 vt
688 1477 207 75 possimus
843 1477 172 75 dicere
964 1477 138 75 quod
1050 1477 138 75 deus
1136 1477 121 75 est
1205 1477 138 75 vnus
1291 1477 190 75 genere,
1429 1477 172 75 plures
1550 1477 155 75 autem
1654 1477 190 75 specie:
1792 1477 138 75 quia
1878 1477 241 75 quaecumque
2068 1477 103 75 se
2102 1477 138 75 habent

481 1538 100 59 vt
531 1538 182 59 species
664 1538 116 59 sub
730 1538 182 59 genere,
863 1538 116 59 per
929 1538 265 59 differentias
1145 1538 182 59 additas
1278 1538 182 59 generum
1410 1538 282 59 contrahuntur.
1643 1538 100 59 Et
1693 1538 133 59 ideo
1775 1538 182 59 oportet
1908 1538 133 59 quod
1991 1538 133 59 sint
2058 1538 182 59 composita

469 1582 95 65 ex
517 1582 95 65 eo
565 1582 127 65 quod
644 1582 111 65 est
708 1582 95 65 in
755 1582 207 65 potentia,
915 1582 80 65 &
946 1582 95 65 ex
994 1582 95 65 eo
1042 1582 127 65 quod
1121 1582 111 65 est
1185 1582 95 65 in
1233 1582 143 65 actu:
1328 1582 95 65 vt
1376 1582 143 65 infra
1471 1582 191 65 dicetur.
1615 1582 143 65 Genus
1710 1582 127 65 enim
1790 1582 207 65 imponitur
1949 1582 95 65 ab
1996 1582 95 65 eo
2044 1582 127 65 quod
2124 1582 111 65 est
2187 1582 95 65 in

476 1637 157 69 specie
586 1637 236 69 potentiale,
775 1637 79 69 &
806 1637 236 69 differentia
995 1637 94 69 ab
1042 1637 94 69 eo
1089 1637 126 69 quod
1167 1637 110 69 est
1230 1637 94 69 in
1277 1637 126 69 ipsa
1356 1637 188 69 actuale:
1497 1637 94 69 vt
1544 1637 173 69 habetur
1670 1637 110 69 ex.
1733 1637 126 69 vii.
1811 1637 141 69 meta,
1905 1637 126 69 Deus
1984 1637 141 69 autem
2078 1637 110 69 non
2125 1637 126 69 potest

476 1693 136 68 esse
561 1693 136 68 nisi
646 1693 153 68 purus
747 1693 153 68 actus
849 1693 322 68 simplicissimus.
1120 1693 119 68 Nec
1188 1693 153 68 habet
1290 1693 136 68 deus
1374 1693 203 68 rationem
1527 1693 203 68 speciei:
1680 1693 102 68 vt
1730 1693 203 68 possimus
1883 1693 170 68 dicere
2002 1693 136 68 quod
2086 1693 136 68 deus
2154 1693 85 68 est

478 1741 134 70 vnus
562 1741 185 70 specie,
697 1741 168 70 plures
814 1741 134 70 vero
898 1741 185 70 numero,
1033 1741 134 70 siue
1117 1741 118 70 per
1184 1741 219 70 materiam,
1352 1741 134 70 siue
1436 1741 118 70 per
1503 1741 252 70 accidentia,
1705 1741 118 70 non
1772 1741 118 70 per
1840 1741 219 70 materiam,
2008 1741 134 70 quia
2092 1741 134 70 ipse
2159 1741 84 70 est

475 1796 155 83 purus
578 1796 155 83 actus
681 1796 86 83 &
716 1796 258 83 endelechia,
922 1796 138 83 quae
1008 1796 120 83 non
1077 1796 155 83 habet
1180 1796 224 83 materiam:
1352 1796 103 83 vt
1404 1796 155 83 infra
1507 1796 206 83 dicetur,
1662 1796 155 83 neque
1765 1796 120 83 per
1834 1796 258 83 accidentia,
2041 1796 138 83 quia
2127 1796 103 83 in
2161 1796 86 83 deo

482 1851 165 58 nullum
598 1851 149 58 cadit
697 1851 215 58 accidens:
863 1851 99 58 vt
912 1851 149 58 infra
1012 1851 198 58 dicetur,
1161 1851 83 58 &
1194 1851 132 58 quia
1276 1851 132 58 tunc
1359 1851 116 58 non
1425 1851 149 58 esset
1524 1851 116 58 per
1590 1851 99 58 se
1640 1851 182 58 necesse
1772 1851 149 58 esse:
1872 1851 99 58 vt
1921 1851 198 58 inductum
2070 1851 116 58 est
2120 1851 132 58 supra.

480 1904 106 59 Et
533 1904 141 59 ideo
621 1904 141 59 quia
710 1904 176 59 deitas
833 1904 123 59 non
904 1904 123 59 est
974 1904 265 59 suppositum,
1186 1904 159 59 neque
1292 1904 123 59 hoc
1362 1904 194 59 aliquid
1503 1904 123 59 per
1574 1904 194 59 aliquam
1715 1904 229 59 huiusmodi
1891 1904 317 59 contractionem,
2156 1904 123 59 sed

483 1963 105 68 per
543 1963 90 68 id
588 1963 120 68 quod
664 1963 105 68 est
724 1963 90 68 in
769 1963 90 68 se
814 1963 90 68 in
859 1963 105 68 sua
919 1963 151 68 natura
1025 1963 75 68 &
1055 1963 196 68 essentia,
1205 1963 211 68 Augustinus
1371 1963 135 68 viii.
1461 1963 90 68 de
1506 1963 211 68 trinitate.
1672 1963 211 68 comparando
1838 1963 120 68 deum
1913 1963 90 68 ad
1958 1963 120 68 illa
2033 1963 120 68 quae
2109 1963 120 68 sunt
2169 1963 75 68 hoc

478 2012 208 70 aliquid
629 2012 132 70 per
705 2012 245 70 huiusmodi
893 2012 340 70 contractionem,
1176 2012 189 70 dicit.
1308 2012 170 70 Bonum
1422 2012 151 70 hoc,
1516 2012 170 70 bonum
1629 2012 189 70 illud.
1761 2012 170 70 tolle
1875 2012 151 70 hoc,
1969 2012 94 70 &
2007 2012 189 70 illud,
2139 2012 94 70 &
2158 2012 94 70 vi-

472 2065 97 66 de
520 2065 146 66 ipsum
618 2065 146 66 bonum
715 2065 97 66 si
763 2065 162 66 potes.
877 2065 130 66 tunc
958 2065 146 66 ipsum
1055 2065 130 66 deum
1136 2065 194 66 videbis.
1282 2065 97 66 Et
1330 2065 113 66 sic
1395 2065 194 66 secundum
1541 2065 162 66 eandem
1655 2065 178 66 naturam
1784 2065 194 66 conmunem
1930 2065 162 66 deitas
2043 2065 162 66 alteri
2157 2065 97 66 in
2189 2065 65 66 na

480 2118 127 57 tura
560 2118 191 57 conicari
703 2118 112 57 non
767 2118 175 57 potest.
894 2118 96 57 Et
942 2118 127 57 ideo
1022 2118 127 57 quod
1102 2118 223 57 conicatur,
1277 2118 112 57 hoc
1341 2118 112 57 est
1404 2118 191 57 secundum
1548 2118 159 57 eandem
1659 2118 175 57 naturam
1787 2118 207 57 totaliter
1946 2118 80 57 &
1978 2118 96 57 in
2026 2118 223 57 suppositis
2185 2118 64 57 re

475 2171 198 69 latiuis
619 2171 216 69 diuinis,
781 2171 126 69 aut
852 2171 234 69 analogiam
1032 2171 252 69 diuersarum
1230 2171 234 69 naturarum
1409 2171 108 69 ad
1463 2171 198 69 naturam
1607 2171 198 69 diuinam
1751 2171 108 69 in
1805 2171 216 69 diuersis
1966 2171 252 69 suppositis
2146 2171 108 69 abso

484 2228 158 70 lutis,
595 2228 206 70 inquantum
753 2228 190 70 scilicet
896 2228 95 70 id
943 2228 127 70 quod
1022 2228 95 70 in
1070 2228 127 70 solo
1149 2228 111 70 deo
1212 2228 111 70 est
1276 2228 111 70 per
1339 2228 222 70 essentiam,
1513 2228 95 70 in
1561 2228 142 70 aliis
1656 2228 206 70 inuenitur
1814 2228 111 70 per
1877 2228 317 70 participationem,
2146 2228 95 70 vt
2194 2228 95 70 in

488 2280 243 68 creaturis.
678 2280 104 68 Et
730 2280 104 68 ex
782 2280 121 68 hoc
852 2280 121 68 est
921 2280 139 68 quod
1007 2280 156 68 omnis
1111 2280 225 68 multitudo
1285 2280 260 68 creaturarum
1493 2280 104 68 ad
1545 2280 191 68 diuinam
1683 2280 208 68 vnitatem
1839 2280 156 68 habet
1943 2280 191 68 reduci.
2082 2280 208 68 secundum

474 2342 147 60 quod
566 2342 110 60 ex
621 2342 129 60 hoc
694 2342 92 60 a
731 2342 257 60 posteriori
933 2342 294 60 processerunt
1172 2342 202 60 quaedam
1319 2342 239 60 argumenta
1503 2342 239 60 probantia
1686 2342 147 60 deum
1778 2342 147 60 esse
1870 2342 165 60 vnum,
1980 2342 92 60 &
2017 2342 184 60 tantum
2127 2342 129 60 vnum.

475 2387 188 64 Nullum
607 2387 169 64 tamen
719 2387 169 64 eorum
832 2387 225 64 probauit
1001 2387 188 64 gratia
1132 2387 207 64 formae,
1283 2387 150 64 quod
1376 2387 131 64 non
1451 2387 207 64 possunt
1602 2387 150 64 esse
1696 2387 207 64 plures.
1846 2387 113 64 ex
1902 2387 207 64 vnitate
2052 2387 150 64 enim
2146 2387 94 64 &
2165 2387 75 64 or

482 2443 135 66 dine
567 2443 152 66 mundi
668 2443 118 66 non
736 2443 169 66 potest
854 2443 186 66 probari
989 2443 135 66 deus
1073 2443 118 66 non
1141 2443 152 66 posse
1242 2443 270 66 plurificari,
1462 2443 135 66 nisi
1546 2443 101 66 ex
1597 2443 287 66 suppositione,
1834 2443 135 66 quod
1918 2443 203 66 scilicet
2070 2443 169 66 mundus
2172 2443 84 66 non

495 2495 163 69 possit
609 2495 261 69 plurificari.
821 2495 131 69 Vnde
903 2495 245 69 philosophus
1098 2495 228 69 concederet
1278 2495 131 69 deum
1360 2495 147 69 posse
1457 2495 261 69 plurificari,
1670 2495 98 69 si
1719 2495 212 69 possibile
1882 2495 147 69 esset
1980 2495 163 69 mundum
2094 2495 131 69 siue
2159 2495 98 69 pri-

486 2548 103 58 mun
545 2548 147 58 caelum
648 2548 234 58 plurificari.
838 2548 176 58 secundum
970 2548 117 58 quod
1043 2548 132 58 dicit
1131 2548 103 58 in.
1190 2548 117 58 xii.
1263 2548 88 58 Si
1307 2548 147 58 plures
1410 2548 147 58 essent
1512 2548 147 58 caeli,
1615 2548 88 58 vt
1659 2548 176 58 homines,
1791 2548 132 58 foret
1879 2548 191 58 principum
2025 2548 117 58 quod
2098 2548 103 58 est
2142 2548 103 58 circa

491 2603 255 57 vnumquodque
695 2603 170 57 specie
814 2603 153 57 vnum,
916 2603 170 57 numero
1035 2603 153 57 autem
1137 2603 170 57 plura.
1256 2603 170 57 Caelum
1376 2603 153 57 autem
1478 2603 153 57 sumit
1580 2603 119 57 ibi
1648 2603 119 57 pro
1716 2603 170 57 mundo.
1835 2603 204 57 secundum
1988 2603 136 57 enim
2073 2603 136 57 quod
2158 2603 119 57 di-

489 2653 124 61 cit
560 2653 124 61 ibi
631 2653 194 61 Commen.
772 2653 177 61 innuit
896 2653 141 61 quod
984 2653 177 61 mundus
1108 2653 124 61 est
1178 2653 141 61 vnus
1267 2653 124 61 non
1337 2653 194 61 plures.
1479 2653 124 61 Per
1549 2653 230 61 principia
1726 2653 159 61 circa
1832 2653 283 61 vnumquodque,
2044 2653 212 61 intelligit

495 2709 176 66 secundum
627 2709 161 66 Commen.
744 2709 147 66 primam
847 2709 190 66 essentia.
994 2709 176 66 scilicet
1125 2709 132 66 deum.
1213 2709 117 66 Vnde
1287 2709 220 66 philosophus
1462 2709 147 66 ibidem
1565 2709 88 66 ex
1609 2709 161 66 vnitate
1726 2709 103 66 dei
1785 2709 103 66 qua
1843 2709 103 66 est
1902 2709 103 66 ita
1961 2709 117 66 vnus
2034 2709 117 66 quod
2107 2709 103 66 non
2151 2709 88 66 pos-

482 2763 135 59 sunt
567 2763 135 59 esse
651 2763 186 59 plures,
787 2763 203 59 vnitatem
939 2763 169 59 mundi,
1058 2763 119 59 ita
1125 2763 135 59 quod
1210 2763 119 59 non
1278 2763 186 59 possint
1413 2763 135 59 esse
1498 2763 186 59 plures,
1633 2763 220 59 concludit
1803 2763 186 59 dicens.
1938 2763 135 59 Vnum
2023 2763 169 59 numero
2141 2763 85 59 &
2158 2763 85 59 ra-

477 2817 161 61 tione
584 2817 125 61 est
656 2817 179 61 primum
781 2817 179 61 mouens
906 2817 214 61 immobile
1067 2817 143 61 ens,
1156 2817 89 61 &
1192 2817 161 61 motum
1299 2817 143 61 ergo
1388 2817 179 61 semper
1513 2817 214 61 continue
1674 2817 143 61 vnum
1764 2817 179 61 solum.
1889 2817 179 61 Gratia
2014 2817 161 61 autem
2103 2817 143 61 formae

485 2881 212 61 arguendi
645 2881 159 61 solum
751 2881 142 61 illa
839 2881 230 61 argumenta
1017 2881 195 61 probant
1158 2881 142 61 deum
1247 2881 124 61 non
1318 2881 159 61 posse
1424 2881 283 61 plurificari,
1654 2881 142 61 quae
1742 2881 124 61 hoc
1813 2881 230 61 probabant
1990 2881 195 61 ratione
2114 2881 142 61 simpli

495 2924 184 55 citatis
629 2924 84 55 &
662 2924 284 55 gubernationis
897 2924 84 55 &
930 2924 268 55 perfectionis
1147 2924 150 55 eius,
1248 2924 84 55 &
1281 2924 234 55 huiusmodi,
1465 2924 167 55 quorum
1582 2924 150 55 media
1682 2924 234 55 sumebantur
1866 2924 100 55 ex
1917 2924 150 55 parte
2017 2924 217 55 entitatis
2167 2924 84 55 dei

492 2976 122 66 quae
568 2976 184 66 secundum
706 2976 184 66 rationem
844 2976 168 66 nostram
966 2976 245 66 intelligendi
1165 2976 199 66 praecedit
1318 2976 122 66 eius
1394 2976 199 66 vnitatem.
1547 2976 92 66 Et
1593 2976 107 66 sic
1654 2976 245 66 processerunt
1853 2976 138 66 quasi
1945 2976 76 66 a
1976 2976 153 66 priori
2083 2976 76 66 &
2113 2976 76 66 a
2129 2976 122 66 causa.

492 3031 94 65 Ex
539 3031 156 65 quibus
649 3031 141 65 etiam
742 3031 219 65 rationibus
914 3031 172 65 habetur
1039 3031 187 65 probatio
1179 3031 234 65 necessaria,
1367 3031 156 65 primum
1476 3031 219 65 principium
1648 3031 125 65 esse
1726 3031 94 65 id
1773 3031 125 65 quod
1851 3031 109 65 est
1913 3031 172 65 necesse
2038 3031 125 65 esse
2116 3031 109 65 per
2163 3031 78 65 se-

487 3085 130 53 alia
568 3085 113 53 via
633 3085 130 53 quam
714 3085 81 53 a
746 3085 227 53 posteriori
924 3085 97 53 ex
973 3085 227 53 creaturis.
1151 3085 130 53 Quod
1232 3085 227 53 intellexit
1410 3085 178 53 Auicen.
1539 3085 113 53 cum
1604 3085 146 53 dixit
1701 3085 97 53 in
1750 3085 97 53 i.
1799 3085 259 53 metaphysicae
2009 3085 146 53 suae.
2106 3085 113 53 Nos
2171 3085 113 53 ha-

493 3136 182 64 bebimus
626 3136 132 64 viam
709 3136 99 64 ad
758 3136 265 64 stabiliendum
973 3136 166 64 primum
1089 3136 232 64 principium
1271 3136 116 64 non
1338 3136 99 64 ex
1387 3136 116 64 via
1453 3136 314 64 testificationis
1718 3136 265 64 sensibilium:
1934 3136 116 64 sed
2000 3136 99 64 ex
2049 3136 116 64 via
2099 3136 149 64 proposi

488 3195 153 76 tionum
595 3195 245 76 vniuersalium
794 3195 307 76 intelligibilium,
1055 3195 123 76 quae
1132 3195 169 76 faciunt
1254 3195 230 76 necessarium
1439 3195 123 76 quod
1515 3195 107 76 ens
1577 3195 138 76 habet
1669 3195 230 76 principium,
1853 3195 77 76 &
1883 3195 123 76 quod
1960 3195 107 76 est
2021 3195 169 76 necesse
2129 3195 107 76 esse,
