2306 3776
441 310 169 90 fatum.
559 310 203 90 secundum
711 310 135 90 quod
796 310 253 90 intellectum
999 310 118 90 est
1066 310 152 90 causa
1168 310 304 90 intelligentis.
1421 310 84 90 &
1455 310 135 90 quod
1539 310 152 90 nulla
1641 310 287 90 intelligentia
1877 310 118 90 est
1945 310 152 90 forma
2046 310 152 90 quasi
2131 310 84 90 si-

442 376 124 77 nis
513 376 213 77 communis
673 376 89 77 &
709 376 267 77 vniuersalis
922 376 142 77 nisi
1011 376 142 77 illa
1100 376 178 77 prima.
1224 376 249 77 Dispositio
1419 376 142 77 enim
1508 376 107 77 in
1562 376 231 77 iuuamento
1739 376 213 77 corporum
1899 376 249 77 caelestium
2095 376 160 77 adin-

451 436 173 70 uicem
566 436 115 70 in
624 436 231 70 causando
797 436 173 70 entia
912 436 154 70 quae
1008 436 154 70 sunt
1104 436 135 70 hic
1181 436 96 70 &
1220 436 308 70 conseruando,
1469 436 135 70 est
1546 436 173 70 sicut
1662 436 269 70 dispositio
1873 436 250 70 regentium
2046 436 173 70 bonorum

456 498 130 65 qui
531 498 186 65 iuuant
661 498 111 65 se
716 498 130 65 &c.
791 498 111 65 vt
846 498 186 65 dictum
977 498 130 65 est
1051 498 186 65 supra.
1181 498 111 65 Et
1237 498 149 65 ideo
1329 498 279 65 Aristoteles
1552 498 130 65 non
1627 498 186 65 posuit
1757 498 149 65 plus
1850 498 204 65 distare
1998 498 186 65 summum
2110 498 111 65 deum

453 545 109 71 ab
507 545 182 71 aliis,
635 545 146 71 quam
726 545 164 71 ducem
835 545 109 71 in
889 545 218 71 ciuitate
1053 545 91 71 a
1089 545 218 71 ciuibus,
1253 545 127 71 vel
1326 545 164 71 ducem
1435 545 236 71 exercitus
1617 545 91 71 a
1653 545 327 71 conmilitonibus
1926 545 236 71 adinuicem
2108 545 109 71 se
2144 545 73 71 ha

448 598 219 63 bentibus
612 598 219 63 secundum
776 598 182 63 gradus
904 598 91 63 &
940 598 219 63 ordines.
1104 598 164 63 Plato
1213 598 164 63 autem
1323 598 164 63 licet
1432 598 146 63 deos
1523 598 201 63 vocauit
1669 598 328 63 intelligentias
1943 598 128 63 sub
2015 598 164 63 summo
2107 598 109 63 deo-

454 661 155 61 multo
557 661 155 61 tamen
661 661 172 61 melius
781 661 224 61 sentiebat
954 661 103 61 de
1006 661 138 61 ipso
1092 661 86 61 &
1126 661 155 61 fidei
1230 661 155 61 magis
1333 661 276 61 congruentia,
1558 661 138 61 quam
1644 661 224 61 Aristorus
1816 661 172 61 Posuit
1937 661 138 61 enim
2023 661 155 61 illum
2110 661 103 61 sum-

442 706 132 68 mun,
525 706 116 68 non
591 706 149 68 solum
690 706 215 68 aeternum:
855 706 116 68 sed
922 706 149 68 alios
1021 706 99 68 ab
1070 706 132 68 illo
1153 706 231 68 incepisse,
1335 706 83 68 &
1368 706 132 68 esse
1450 706 149 68 eorum
1549 706 248 68 conseruari,
1747 706 83 68 &
1781 706 99 68 in
1830 706 198 68 potentia
1979 706 165 68 illius
2078 706 132 68 semper

442 759 152 62 esse
537 759 114 62 vt
594 759 114 62 ad
650 759 265 62 voluntatem
859 759 152 62 eius
954 759 227 62 dissolui
1124 759 227 62 possint:
1295 759 171 62 sicut
1408 759 95 62 &
1446 759 171 62 totum
1560 759 208 62 mundum:
1711 759 133 62 per
1787 759 189 62 gradus
1920 759 171 62 tamen
2034 759 95 62 &
2052 759 171 62 ordines

451 812 176 61 rerum.
574 812 211 61 secundum
732 812 140 61 quod
820 812 158 61 dicit
925 812 105 61 in
978 812 193 61 secundo
1118 812 193 61 Timaei.
1259 812 211 61 Dicendum
1417 812 123 61 est
1487 812 123 61 cur
1557 812 158 61 rerum
1662 812 228 61 conditor,
1838 812 298 61 fabricatorque
2066 812 158 61 naturae

447 865 151 54 omne
542 865 132 54 hoc
617 865 303 54 instituendum
863 865 265 54 putauerit.
1071 865 95 54 &
1109 865 151 54 cur,
1204 865 189 54 subdit
1336 865 208 54 dicens.
1487 865 208 54 Optimus
1639 865 170 54 erat:
1752 865 113 54 ab
1809 865 189 54 optimo
1941 865 189 54 porro,
2055 865 170 54 inuidia

458 918 157 57 longe
562 918 209 57 relegata
719 918 139 57 est.
806 918 174 57 itaque
927 918 278 57 consequenter
1154 918 174 57 cuncta
1275 918 122 57 sui
1345 918 191 57 similia
1484 918 157 57 prout
1589 918 174 57 natura
1710 918 209 57 cuiusque
1867 918 157 57 capax
1971 918 139 57 esse
2041 918 174 57 beatitu-

449 974 155 74 dinis
552 974 207 74 poterat,
707 974 172 74 effici
828 974 189 74 voluit.
966 974 138 74 Quam
1052 974 172 74 quidem
1172 974 241 74 voluntatem
1362 974 121 74 dei
1431 974 207 74 originem
1586 974 155 74 rerum
1689 974 258 74 certissimam
1896 974 103 74 si
1947 974 138 74 quis
2034 974 172 74 ponat,
2137 974 86 74 re-

449 1037 127 62 cte
521 1037 127 62 eum
594 1037 181 62 putare
721 1037 272 62 consentiam.
939 1037 145 62 Vnde
1030 1037 91 62 &
1066 1037 272 62 specialiter
1284 1037 109 62 ad
1338 1037 145 62 deos
1429 1037 272 62 posteriores
1646 1037 200 62 loquens
1792 1037 163 62 longe
1901 1037 145 62 post
1991 1037 181 62 dicit.
2100 1037 109 62 Qdei

454 1083 192 69 deorum,
593 1083 175 69 quorum
716 1083 192 69 opifex,
855 1083 192 69 idemque
995 1083 157 69 pater
1100 1083 140 69 ego,
1187 1083 157 69 opera
1292 1083 210 69 siquidem
1449 1083 122 69 vos
1519 1083 122 69 mea
1589 1083 279 69 dissolubilia
1816 1083 192 69 natura:
1956 1083 105 69 me
2008 1083 157 69 tamen
2113 1083 122 69 ita
2165 1083 70 69 vo

455 1134 157 54 lente
559 1134 331 54 indissolubilia,
838 1134 140 54 quia
925 1134 157 54 facti
1030 1134 262 54 generatique
1239 1134 174 54 estis:
1361 1134 244 54 immortales
1553 1134 174 54 quidem
1675 1134 244 54 nequaquam:
1867 1134 122 54 nec
1937 1134 174 54 omnino
2042 1134 174 54 indisso-

453 1188 207 76 lubiles,
608 1188 121 76 nec
677 1188 155 76 tamen
780 1188 172 76 vnquam
901 1188 293 76 dissoluemini,
1142 1188 121 76 nec
1211 1188 172 76 mortis
1332 1188 276 76 necessitatem
1556 1188 241 76 subibitis,
1745 1188 138 76 quia
1832 1188 207 76 voluntas
1987 1188 121 76 mea
2056 1188 155 76 maior
2142 1188 86 76 est

458 1241 152 73 nexus
559 1241 84 73 &
593 1241 237 73 vegetatior
779 1241 101 73 ad
830 1241 270 73 aeternitatis
1049 1241 186 73 vestrae
1185 1241 237 73 custodiam,
1370 1241 135 73 quam
1455 1241 135 73 illi
1539 1241 152 73 nexus
1641 1241 203 73 vitales,
1793 1241 101 73 ex
1843 1241 169 73 quibus
1962 1241 237 73 aeternitas
2131 1241 84 73 ve-

456 1295 149 58 stra
549 1295 279 58 coagmentata
772 1295 167 58 atque
884 1295 241 58 composita
1069 1295 149 58 est.
1162 1295 186 58 Natura
1292 1295 149 58 ergo
1385 1295 167 58 Plato
1497 1295 167 58 solum
1608 1295 149 58 vnum
1701 1295 149 58 deum
1794 1295 204 58 posuit:
1924 1295 297 58 participatione

453 1351 172 57 autem
567 1351 191 57 quadam
701 1351 343 57 immortalitatis
987 1351 95 57 &
1025 1351 248 57 adoptione
1216 1351 286 57 substantias
1445 1351 343 57 intellectuales
1731 1351 286 57 proximiores
1960 1351 134 57 deo
2017 1351 210 57 caeteris,

450 1398 142 55 deos
539 1398 267 55 appellauit.
752 1398 142 55 Quod
841 1398 124 55 non
912 1398 124 55 est
984 1398 213 55 absurdum
1144 1398 89 55 a
1179 1398 142 55 modo
1268 1398 249 55 scripturae
1464 1398 196 55 sacrae.
1606 1398 213 55 secundum
1766 1398 142 55 quod
1855 1398 196 55 dicitur
1997 1398 107 55 in
2050 1398 160 55 Psal.
2139 1398 89 55 Non

465 1457 118 63 est
533 1457 186 63 similis
668 1457 118 63 tui
735 1457 101 63 in
786 1457 135 63 diis
870 1457 186 63 domine.
1005 1457 84 63 &
1039 1457 186 63 iterum.
1173 1457 118 63 Ego
1241 1457 135 63 dixi
1325 1457 118 63 dii
1393 1457 169 63 estis.
1511 1457 135 63 Ille
1595 1457 152 63 autem
1696 1457 118 63 qui
1764 1457 152 63 verus
1865 1457 135 63 deus
1949 1457 84 63 &
1983 1457 219 63 naturalis
2135 1457 84 63 est

451 1509 116 58 non
518 1509 133 58 nisi
601 1509 166 58 vnicus
717 1509 133 58 est.
800 1509 182 58 Caeteri
932 1509 149 58 autem
1032 1509 216 58 creaturae
1198 1509 133 58 eius
1281 1509 149 58 sunt,
1380 1509 133 58 quod
1463 1509 149 58 Plato
1563 1509 166 58 verius
1679 1509 133 58 quam
1762 1509 216 58 Aristonus
1927 1509 232 58 sentiebat:
2110 1509 100 58 vt
2143 1509 83 58 di-

452 1557 143 64 ctum
542 1557 143 64 est.
631 1557 143 64 Hanc
721 1557 161 64 talem
828 1557 215 64 vnitatem
989 1557 125 64 dei
1061 1557 197 64 Auicen.
1204 1557 161 64 primo
1312 1557 287 64 metaphysicae
1544 1557 143 64 suae
1634 1557 233 64 professus
1813 1557 125 64 est
1885 1557 125 64 deo
1956 1557 197 64 inesse,
2100 1557 125 64 cum
2153 1557 72 64 di

464 1615 132 74 xit.
546 1615 181 74 Dicamus
677 1615 132 74 esse
760 1615 263 74 impossibile:
974 1615 99 74 vt
1023 1615 99 74 ei
1072 1615 132 74 quod
1155 1615 115 74 est
1220 1615 181 74 necesse
1352 1615 132 74 esse
1434 1615 115 74 sit
1500 1615 165 74 compar
1615 1615 148 74 aliud
1714 1615 181 74 necesse
1846 1615 148 74 esse,
1944 1615 115 74 ita
2010 1615 99 74 vt
2059 1615 115 74 hic
2109 1615 115 74 simul

462 1666 176 67 habeat
586 1666 141 67 esse
674 1666 123 67 cum
744 1666 159 67 illo,
850 1666 123 67 nec
921 1666 141 67 vnum
1009 1666 159 67 eorum
1115 1666 123 67 sit
1185 1666 159 67 causa
1291 1666 229 67 alterius,
1467 1666 123 67 sed
1538 1666 141 67 sint
1626 1666 212 67 aequalia
1784 1666 106 67 in
1837 1666 212 67 comitatu
1996 1666 212 67 essendi:
2137 1666 88 67 ita

463 1727 106 69 vt
516 1727 141 69 eius
604 1727 141 69 esse
692 1727 123 69 non
763 1727 229 69 dependeat
938 1727 106 69 ex
991 1727 141 69 esse
1079 1727 229 69 alterius:
1255 1727 123 69 nec
1326 1727 229 69 comitetur
1502 1727 176 69 illud.
1625 1727 106 69 Et
1678 1727 123 69 non
1748 1727 158 69 solum
1853 1727 123 69 sic
1924 1727 141 69 esse
2012 1727 176 69 dixit:
2135 1727 123 69 sed

454 1776 159 56 etiam
561 1776 301 56 efficacissima
808 1776 195 56 ratione
950 1776 230 56 conuicit,
1127 1776 212 56 arguendo
1287 1776 142 56 sic.
1375 1776 195 56 Necesse
1517 1776 142 56 esse
1605 1776 159 56 debet
1711 1776 142 56 esse
1800 1776 159 56 vnica
1906 1776 230 56 essentia.
2083 1776 177 56 Sinau-

460 1829 128 57 tem
533 1829 146 57 sunt
624 1829 201 57 multae:
770 1829 110 57 vt
825 1829 256 57 vnaquaeque
1026 1829 164 57 earum
1135 1829 128 57 sit
1208 1829 201 57 necesse
1355 1829 164 57 esse:
1464 1829 128 57 aut
1537 1829 146 57 ergo
1628 1829 146 57 vnum
1720 1829 164 57 eorum
1829 1829 201 57 differt
1975 1829 110 57 ab
2030 1829 183 57 altero
2158 1829 110 57 in

464 1879 262 82 certitudine
673 1879 227 82 essentiae
848 1879 157 82 suae,
953 1879 122 82 ita
1023 1879 140 82 quod
1110 1879 140 82 vnum
1197 1879 157 82 habet
1302 1879 122 82 eam
1372 1879 105 82 ab
1424 1879 192 82 altero,
1564 1879 87 82 &
1599 1879 140 82 tunc
1686 1879 122 82 non
1756 1879 122 82 est
1826 1879 140 82 deus
1914 1879 140 82 nisi
2001 1879 140 82 vnus
2071 1879 157 82 illorum

460 1931 120 77 ille
535 1931 181 77 scilicet
671 1931 75 77 a
701 1931 105 77 quo
761 1931 135 77 alter
851 1931 135 77 habet
942 1931 135 77 esse,
1032 1931 120 77 quia
1107 1931 120 77 deus
1182 1931 105 77 non
1243 1931 151 77 potest
1348 1931 120 77 esse
1423 1931 105 77 qui
1483 1931 135 77 habet
1574 1931 120 77 esse
1649 1931 120 77 suum
1724 1931 90 77 ab
1769 1931 166 77 altero.
1890 1931 105 77 aut
1950 1931 120 77 non:
2025 1931 105 77 sed
2086 1931 166 77 vterque

457 1988 161 70 habet
564 1988 125 70 eam
636 1988 89 70 a
672 1988 197 70 seipso:
815 1988 89 70 &
851 1988 179 70 tantum
976 1988 233 70 differunt
1155 1988 125 70 per
1226 1988 125 70 hoc
1298 1988 143 70 quod
1387 1988 125 70 hoc
1459 1988 125 70 non
1530 1988 125 70 est
1602 1988 179 70 illud.
1727 1988 107 70 Et
1781 1988 215 70 reprobat
1942 1988 125 70 hoc
2013 1988 197 70 membrum
2139 1988 89 70 ra-

455 2041 160 59 tione
562 2041 213 59 diuisiua
721 2041 160 59 tali.
828 2041 106 59 Si
881 2041 213 59 ponantur
1041 2041 124 59 duo
1112 2041 124 59 non
1183 2041 213 59 differre
1343 2041 106 59 in
1396 2041 266 59 certitudine
1609 2041 195 59 essendi
1751 2041 106 59 in
1804 2041 124 59 hoc
1875 2041 142 59 quod
1964 2041 142 59 vnum
2053 2041 160 59 eorum
2141 2041 89 59 sit

461 2092 102 58 ab
512 2092 188 58 altero:
649 2092 136 58 quia
734 2092 205 58 vtrumque
887 2092 154 58 eorum
990 2092 102 58 ex
1041 2092 102 58 se
1092 2092 119 58 est
1160 2092 188 58 necesse
1297 2092 154 58 esse:
1399 2092 119 58 sed
1467 2092 222 58 differunt
1638 2092 102 58 ex
1689 2092 102 58 eo
1740 2092 136 58 quod
1826 2092 119 58 hoc
1894 2092 119 58 non
1962 2092 119 58 est
2030 2092 171 58 illud:
2133 2092 102 58 tunc

464 2151 116 58 aut
531 2151 133 58 vnum
614 2151 149 58 eorum
714 2151 183 58 differt
846 2151 100 58 ab
896 2151 183 58 altero,
1029 2151 100 58 eo
1079 2151 133 58 quod
1162 2151 116 58 est
1228 2151 183 58 praeter
1361 2151 249 58 intellectum
1561 2151 133 58 suae
1644 2151 233 58 essentiae,
1826 2151 83 58 &
1860 2151 116 58 ita
1926 2151 116 58 per
1992 2151 183 58 aliquod
2109 2151 116 58 adium

464 2196 132 82 ctum
547 2196 215 82 essentiae
713 2196 165 82 vnius,
828 2196 132 82 quod
911 2196 116 82 non
977 2196 116 82 est
1043 2196 215 82 adiunctum
1209 2196 215 82 essentiae
1374 2196 215 82 alterius,
1539 2196 149 82 neque
1639 2196 99 82 de
1688 2196 182 82 ratione
1821 2196 182 82 essendi
1953 2196 182 82 illius:
2085 2196 116 82 aut
2135 2196 99 82 vnum

461 2264 178 67 differt
590 2264 97 67 ab
638 2264 178 67 altero,
767 2264 97 67 eo
816 2264 129 67 quod
897 2264 113 67 est
961 2264 97 67 de
1010 2264 113 67 sua
1074 2264 178 67 ratione
1203 2264 194 67 essendi,
1349 2264 81 67 &
1381 2264 97 67 de
1429 2264 226 67 intellectu
1607 2264 129 67 suae
1687 2264 226 67 essentiae,
1865 2264 129 67 quod
1946 2264 113 67 non
2010 2264 113 67 est
2075 2264 97 67 de
2107 2264 113 67 ratio

463 2303 104 83 ne
515 2303 207 83 essendi,
670 2303 155 83 neque
774 2303 104 83 de
826 2303 242 83 intellectu
1016 2303 225 83 alterius,
1188 2303 138 83 quia
1275 2303 207 83 scilicet
1430 2303 242 83 proprietas
1620 2303 86 83 &
1655 2303 207 83 solitudo
1810 2303 155 83 vnius
1914 2303 104 83 in
1966 2303 259 83 necessitate
2156 2303 69 83 es

452 2357 190 65 sendi,
585 2357 133 65 non
661 2357 133 65 est
737 2357 266 65 proprietas
945 2357 95 65 &
983 2357 228 65 solitudo
1154 2357 247 65 alterius.
1344 2357 152 65 Hanc
1439 2357 266 65 diuisionem
1648 2357 133 65 non
1724 2357 247 65 proponit,
1913 2357 133 65 sed
1989 2357 190 65 membra
2103 2357 114 65 eius

452 2422 238 72 exequitur
634 2422 91 72 &
671 2422 256 72 interimit:
872 2422 91 72 &
909 2422 164 72 primo
1018 2422 183 72 primum
1146 2422 201 72 dicens.
1292 2422 146 72 Quia
1384 2422 110 72 si
1438 2422 146 72 illa
1530 2422 146 72 quae
1621 2422 219 72 dicuntur
1786 2422 238 72 conuenire
1968 2422 110 72 in
2005 2422 219 72 necessita-

467 2466 105 83 te
519 2466 210 83 essendi,
676 2466 105 83 eo
729 2466 140 83 solo
816 2466 227 83 differunt
991 2466 140 83 quod
1078 2466 122 83 est
1148 2466 192 83 praeter
1288 2466 262 83 intellectum
1497 2466 227 83 essentiae
1672 2466 175 83 eorum,
1794 2466 140 83 quod
1882 2466 210 83 scilicet
2039 2466 122 83 est
2091 2466 140 83 adiun-

455 2525 156 75 ctum
552 2525 253 75 essentiae
747 2525 195 75 vnius,
883 2525 97 75 &
922 2525 136 75 non
1000 2525 136 75 est
1078 2525 253 75 adiunctum
1273 2525 253 75 essentiae
1467 2525 253 75 alterius:
1662 2525 156 75 tunc
1760 2525 175 75 illud
1876 2525 214 75 additum
2013 2525 214 75 intentio-

461 2575 115 79 ni
518 2575 211 79 essendi
672 2575 115 79 in
729 2575 134 79 qua
806 2575 288 79 conueniunt,
1036 2575 134 79 aut
1113 2575 134 79 est
1190 2575 288 79 necessarium
1420 2575 115 79 ad
1477 2575 288 79 intentionem
1707 2575 211 79 essendi
1861 2575 115 79 in
1918 2575 134 79 qua
1976 2575 249 79 conueniunt,

453 2634 126 70 aut
525 2634 126 70 non
597 2634 90 70 .
632 2634 108 70 Si
686 2634 144 70 sic,
776 2634 144 70 tunc
866 2634 251 70 quaecunque
1063 2634 287 70 conuertuntur
1296 2634 108 70 in
1350 2634 269 70 necessitate
1565 2634 215 70 essendi,
1727 2634 197 70 necesse
1870 2634 126 70 est
1942 2634 108 70 vt
1996 2634 108 70 in
2050 2634 108 70 eo
2085 2634 144 70 conue-

462 2676 178 84 niant,
587 2676 107 84 ex
641 2676 125 84 quo
712 2676 143 84 sunt
801 2676 196 84 necesse
944 2676 161 84 esse.
1051 2676 107 84 Si
1105 2676 143 84 non,
1194 2676 143 84 tunc
1283 2676 250 84 necessitas
1479 2676 196 84 essendi
1622 2676 125 84 eis
1694 2676 214 84 communis
1854 2676 125 84 est
1926 2676 107 84 vt
1979 2676 161 84 genus
2086 2676 125 84 aut
2140 2676 89 84 spe

471 2735 138 80 cies:
562 2735 92 80 vt
608 2735 183 80 scilicet
746 2735 214 80 necessitas
914 2735 168 80 essendi
1036 2735 107 80 sit
1098 2735 107 80 eis
1159 2735 183 80 intentio
1296 2735 107 80 vel
1358 2735 199 80 generalis
1510 2735 107 80 vel
1572 2735 214 80 specialis.
1740 2735 92 80 Si
1786 2735 168 80 dicatur
1908 2735 122 80 quod
1984 2735 214 80 generalis,
2153 2735 107 80 aut

465 2783 141 71 ergo
553 2783 229 71 diuiditur
729 2783 106 71 in
782 2783 141 71 illa
870 2783 123 71 duo
940 2783 123 71 per
1011 2783 299 71 differentias,
1257 2783 123 71 aut
1328 2783 123 71 per
1398 2783 264 71 accidentia.
1609 2783 123 71 per
1680 2783 246 71 accidentia
1873 2783 123 71 non
1943 2783 194 71 potest:
2084 2783 141 71 quia
2155 2783 70 71 ac

464 2846 176 66 cidens
588 2846 141 66 tale
676 2846 246 66 necessario
869 2846 246 66 consequens
1063 2846 141 66 est.
1151 2846 123 66 vel
1221 2846 106 66 ex
1274 2846 141 66 ipsa
1362 2846 194 66 ratione
1503 2846 211 66 essendi,
1661 2846 88 66 &
1696 2846 141 66 tunc
1784 2846 229 66 oporteret
1960 2846 141 66 quod
2048 2846 141 66 ambo
2118 2846 106 66 con-

457 2893 218 79 uenirent
620 2893 109 79 in
675 2893 254 79 intentione
875 2893 182 79 illius
1002 2893 273 79 accidentis:
1220 2893 145 79 quia
1311 2893 127 79 vbi
1384 2893 164 79 eadem
1493 2893 127 79 est
1566 2893 182 79 causa,
1693 2893 91 79 &
1729 2893 145 79 idem
1820 2893 236 79 effectus:
2002 2893 127 79 sed
2056 2893 164 79 positum

466 2947 123 80 est
537 2947 141 80 quod
625 2947 106 80 in
678 2947 106 80 ea
730 2947 264 80 differrent,
942 2947 88 80 &
977 2947 123 80 sic
1047 2947 264 80 conuenirent
1258 2947 88 80 &
1294 2947 246 80 differrent
1487 2947 106 80 in
1540 2947 176 80 eodem,
1663 2947 141 80 quod
1751 2947 123 80 est
1822 2947 299 80 inconueniens.
2068 2947 123 80 Vel
2121 2947 88 80 ac-

462 2994 161 70 cidit
569 2994 143 70 illa
659 2994 215 70 intentio
820 2994 251 70 accidentis
1017 2994 107 70 ex
1071 2994 179 70 causis
1196 2994 286 70 extrinsecis,
1429 2994 89 70 &
1464 2994 143 70 tunc
1554 2994 215 70 sequitur
1715 2994 143 70 quod
1804 2994 125 70 non
1876 2994 251 70 differrent
2073 2994 107 70 in
2109 2994 107 70 cer-

455 3055 199 63 titudine
605 3055 199 63 essendi,
754 3055 99 63 si
803 3055 116 63 non
870 3055 149 63 esset
969 3055 149 63 talis
1069 3055 149 63 causa
1168 3055 249 63 extrinseca.
1367 3055 83 63 &
1400 3055 133 63 quod
1483 3055 99 63 si
1533 3055 149 63 esset
1632 3055 149 63 talis
1731 3055 166 63 causa,
1847 3055 133 63 quae
1930 3055 133 63 sola
2013 3055 182 63 faceret
2129 3055 83 63 eos

463 3103 210 75 differre
621 3103 105 75 in
674 3103 263 75 necessitate
884 3103 210 75 essendi,
1042 3103 193 75 neutrum
1182 3103 158 75 eorum
1288 3103 158 75 esset
1393 3103 123 75 per
1463 3103 105 75 se
1516 3103 281 75 singulariter
1744 3103 193 75 necesse
1884 3103 158 75 esse:
1989 3103 123 75 sed
2042 3103 175 75 necessi-

455 3166 127 59 tas
527 3166 199 59 essendi
672 3166 236 59 vtriusque
854 3166 163 59 eorum
962 3166 145 59 sibi
1053 3166 199 59 propria
1198 3166 91 59 &
1234 3166 236 59 solitaria
1416 3166 109 59 ab
1470 3166 145 59 illo
1561 3166 163 59 esset
1669 3166 109 59 ei
1724 3166 254 59 acquisita,
1923 3166 91 59 &
1959 3166 199 59 neutrum
2086 3166 127 59 eorum

452 3221 97 84 a
490 3221 116 84 se
548 3221 174 84 illam
665 3221 232 84 haberet,
839 3221 155 84 quod
936 3221 136 84 est
1013 3221 194 84 contra
1149 3221 213 84 naturam
1304 3221 155 84 eius
1401 3221 155 84 quod
1497 3221 136 84 est
1575 3221 213 84 necesse
1730 3221 174 84 esse,
1846 3221 155 84 quia
1943 3221 174 84 ipsum
2040 3221 174 84 necesse
