2334 3782
98 349 133 83 quod
182 349 184 83 haberet
315 349 150 83 esse,
415 349 133 83 quod
499 349 117 83 est
565 349 284 83 inconueniens:
799 349 133 83 quia
882 349 150 83 ipsum
982 349 184 83 necesse
1116 349 133 83 esse
1199 349 200 83 includit
1350 349 100 83 ex
1400 349 167 83 seipso
1516 349 133 83 esse
1600 349 100 83 in
1650 349 150 83 actu,
1733 349 117 83 sicut

97 420 147 65 color
195 420 98 65 ex
244 420 98 65 se
293 420 196 65 includit
440 420 278 65 coloreitatem,
669 420 82 65 &
702 420 131 65 hyle
784 420 245 65 hyleitatem,
980 420 147 65 licet
1078 420 115 65 non
1144 420 213 65 includant
1307 420 98 65 ex
1356 420 98 65 se
1405 420 98 65 in
1454 420 131 65 actu
1536 420 229 65 entitatem.
1716 420 131 65 Vnde
1782 420 65 65 si

100 468 121 56 cut
169 468 260 56 differentia
377 468 225 56 albedinis
550 468 87 56 &
585 468 243 56 nigredinis
775 468 121 56 non
845 468 208 56 adduntur
1000 468 104 56 ad
1052 468 191 56 colorem
1191 468 104 56 ad
1243 468 225 56 faciendum
1416 468 294 56 coloreitatem,
1659 468 156 56 neque
1745 468 87 56 for

86 521 106 72 ma
139 521 106 72 ad
192 521 141 72 hyle
280 521 106 72 ad
333 521 229 72 faciendum
508 521 264 72 hyleitatem,
720 521 123 72 sic
790 521 193 72 oportet
931 521 106 72 vt
983 521 246 72 proprietas
1177 521 211 72 dictarum
1335 521 264 72 conditionum
1546 521 123 72 non
1616 521 123 72 sit
1687 521 193 72 aliquid

99 575 98 59 ad
148 575 261 59 stabiliendum
360 575 261 59 necessitatem
572 575 196 59 essendi.
719 575 114 59 Est
785 575 147 59 autem
883 575 114 59 hic
948 575 245 59 aduertendum
1144 575 131 59 quod
1226 575 114 59 non
1291 575 163 59 potest
1405 575 131 59 esse
1487 575 163 59 simile
1601 575 163 59 omnino
1716 575 98 59 de
1748 575 82 59 ne-

87 626 154 68 cesse
189 626 137 68 esse
275 626 205 68 respectu
429 626 205 68 coloris,
582 626 85 68 &
617 626 154 68 hyle,
719 626 120 68 quo
788 626 103 68 ad
839 626 137 68 esse
924 626 103 68 in
976 626 154 68 actu,
1078 626 137 68 quia
1164 626 137 68 illa
1249 626 120 68 per
1317 626 103 68 id
1369 626 137 68 quod
1454 626 137 68 sunt
1539 626 103 68 in
1591 626 205 68 essentia
1727 626 103 68 sua,

92 682 109 63 non
155 682 202 63 includunt
310 682 93 63 in
356 682 93 63 se
403 682 124 63 esse
481 682 93 63 in
527 682 140 63 actu,
620 682 140 63 sicut
714 682 140 63 facit
807 682 171 63 necesse
931 682 140 63 esse,
1024 682 171 63 quoniam
1148 682 171 63 necesse
1273 682 124 63 esse
1350 682 109 63 est
1412 682 217 63 stabilitum
1583 682 140 63 esse,
1676 682 124 63 immo
1738 682 109 63 ipsum

99 733 114 59 est
164 733 277 59 stabilimentum
392 733 196 59 essendi,
539 733 82 59 &
571 733 130 59 esse
653 733 114 59 est
718 733 196 59 conditio
865 733 98 59 in
914 733 408 59 stabiliendaequiditate
1272 733 130 59 eius
1354 733 130 59 quod
1435 733 114 59 est
1501 733 179 59 necesse
1631 733 147 59 esse,
1729 733 114 59 vel
1778 733 65 59 vt

95 781 177 66 verius
219 781 194 66 dicatur
360 781 159 66 ipsum
466 781 124 66 est
537 781 159 66 ipsum
643 781 141 66 esse
732 781 106 66 in
785 781 194 66 effectu
926 781 124 66 cum
997 781 247 66 priuatione
1191 781 283 66 priuationis,
1421 781 124 66 vel
1492 781 283 66 prohibitione
1704 781 141 66 destru

96 843 182 65 ctionis.
233 843 167 65 Necesse
354 843 122 65 enim
430 843 122 65 esse
506 843 106 65 est
567 843 91 65 id
612 843 122 65 quod
688 843 106 65 est
749 843 106 65 non
810 843 152 65 potens
916 843 106 65 non
977 843 137 65 esse.
1068 843 91 65 In
1114 843 152 65 colore
1220 843 137 65 autem
1311 843 122 65 esse
1387 843 106 65 est
1448 843 213 65 consequens
1615 843 122 65 quid
1676 843 152 65 sequitur

92 898 234 61 quiditatem
276 898 134 61 quae
360 898 117 61 est
426 898 167 61 color.
543 898 167 61 lgitur
660 898 201 61 quiditas
811 898 134 61 quae
894 898 117 61 per
961 898 184 61 seipsam
1095 898 117 61 est
1162 898 167 61 color,
1279 898 217 61 inuenitur
1446 898 100 61 in
1496 898 184 61 effectu
1629 898 117 61 per
1696 898 150 61 esse,
1780 898 50 61 &

89 947 105 61 est
149 947 90 61 ei
194 947 120 61 esse
268 947 135 61 illud
358 947 209 61 acquisitum
523 947 75 61 a
552 947 135 61 causa
642 947 120 61 sua,
717 947 120 61 quod
792 947 120 61 quid
866 947 105 61 est
926 947 120 61 esse
1001 947 105 61 non
1061 947 105 61 est
1120 947 135 61 causa
1210 947 90 61 in
1255 947 224 61 stabilienda
1434 947 194 61 quiditate
1584 947 179 61 coloris,
1718 947 105 61 sed
1763 947 75 61 pro

93 1003 176 67 prietas
221 1003 192 67 essendi.
365 1003 240 67 Reuertentes
558 1003 160 67 igitur
670 1003 96 67 ad
718 1003 224 67 propositum
894 1003 176 67 dicamus
1022 1003 192 67 secundum
1166 1003 176 67 Auicen.
1294 1003 80 67 &
1326 1003 112 67 rei
1390 1003 224 67 veritatem,
1567 1003 128 67 quod
1647 1003 96 67 si
1695 1003 128 67 esse
1775 1003 96 67 in

85 1063 98 65 eo
134 1063 131 65 quod
216 1063 115 65 est
281 1063 180 65 necesse
412 1063 131 65 esse
494 1063 115 65 non
560 1063 147 65 esset
658 1063 147 65 causa
756 1063 197 65 formalis
904 1063 229 65 intrinseca
1084 1063 98 65 ad
1133 1063 262 65 stabiliendum
1346 1063 229 65 quiditatem
1527 1063 262 65 necessitatis
1723 1063 115 65 essen

90 1113 113 54 di,
154 1113 113 54 sed
219 1113 145 54 esset
315 1113 225 54 proprietas
492 1113 177 54 essendi
621 1113 209 54 inquantum
782 1113 225 54 acquiritur
959 1113 129 54 sibi
1039 1113 145 54 esse,
1136 1113 80 54 &
1168 1113 113 54 sic
1232 1113 129 54 esse
1313 1113 145 54 esset
1410 1113 177 54 aliquid
1538 1113 177 54 praeter
1667 1113 145 54 illam
1764 1113 113 54 qui

93 1161 184 62 ditatem,
231 1161 153 62 veluti
338 1161 153 62 colori
445 1161 123 62 quod
522 1161 107 62 est
583 1161 92 62 in
629 1161 138 62 actu,
721 1161 107 62 est
782 1161 169 62 aliquid
905 1161 169 62 praeter
1028 1161 215 62 quiditatem
1196 1161 184 62 coloris,
1334 1161 123 62 tunc
1411 1161 215 62 procederet
1579 1161 107 62 hoc
1641 1161 184 62 secundum
1763 1161 77 62 con

84 1216 277 74 siderationem
309 1216 208 74 causarum
465 1216 156 74 rerum
569 1216 225 74 communium
742 1216 312 74 determinatarum
1002 1216 139 74 suis
1088 1216 277 74 differentiis
1313 1216 121 74 vel
1383 1216 346 74 substantialibus,
1677 1216 121 74 vel
1729 1216 104 74 acci

90 1266 257 61 dentalibus,
295 1266 86 61 &
329 1266 137 61 ideo
415 1266 240 61 diuersarum
603 1266 291 61 intentionibus
843 1266 222 61 diuersis,
1014 1266 86 61 &
1048 1266 222 61 oporteret
1219 1266 103 61 vt
1270 1266 137 61 esse
1356 1266 154 61 esset
1459 1266 103 61 ei
1510 1266 257 61 acquisitum,
1715 1266 103 61 ad
1749 1266 86 61 hoc

90 1323 94 59 vt
137 1323 141 59 esset
232 1323 126 59 eius
310 1323 189 59 entitas.
452 1323 157 59 igitur
562 1323 220 59 proprietas
734 1323 157 59 esset,
844 1323 157 59 sicque
954 1323 94 59 in
1001 1323 157 59 aliquo
1111 1323 204 59 indigeret
1268 1323 110 59 ea,
1331 1323 94 59 in
1378 1323 110 59 quo
1441 1323 94 59 in
1488 1323 110 59 rei
1551 1323 189 59 veritate
1693 1323 110 59 non
1755 1323 110 59 in-

92 1370 151 61 diget
193 1370 117 61 ea,
260 1370 134 61 quid
343 1370 117 61 est
410 1370 201 61 absurdum
561 1370 84 61 &
595 1370 285 61 inconveniens,
829 1370 134 61 quia
913 1370 134 61 tunc
997 1370 134 61 esse
1080 1370 151 61 esset
1181 1370 100 61 in
1231 1370 100 61 eo
1281 1370 201 61 aliquid,
1432 1370 84 61 &
1466 1370 117 61 non
1533 1370 151 61 esset
1633 1370 151 61 ipsum
1717 1370 117 61 esse:

93 1429 114 80 sed
158 1429 212 80 certitudo
321 1429 163 80 illius
435 1429 130 80 quod
517 1429 114 80 est
582 1429 179 80 necesse
712 1429 130 80 esse
794 1429 163 80 egeret
908 1429 130 80 alio
989 1429 179 80 secundo
1120 1429 130 80 esse
1201 1429 98 80 ad
1250 1429 130 80 quid
1332 1429 196 80 sequatur
1478 1429 98 80 ei
1527 1429 147 80 esse,
1625 1429 147 80 sicut
1707 1429 130 80 certi-

85 1482 132 73 tudo
167 1482 181 73 coloris
299 1482 132 73 eget
381 1482 132 73 quid
463 1482 115 73 sit
529 1482 99 73 ei
579 1482 148 73 causa
678 1482 198 73 essendi,
826 1482 132 73 quod
908 1482 115 73 est
974 1482 264 73 impossibile.
1188 1482 99 73 Si
1238 1482 132 73 enim
1320 1482 214 73 certitudo
1485 1482 264 73 necessitatis
1683 1482 148 73 essendi

89 1536 196 67 penderet
236 1536 98 67 ex
285 1536 164 67 aliquo
400 1536 147 67 dante
498 1536 131 67 sibi
580 1536 278 67 necessitatem,
809 1536 131 67 tunc
891 1536 229 67 necessitas
1071 1536 180 67 essendi
1202 1536 98 67 in
1251 1536 98 67 se
1300 1536 147 67 esset
1398 1536 262 67 possibilitas
1611 1536 196 67 essendi,
1742 1536 98 67 quod

88 1591 123 59 non
159 1591 123 59 est
229 1591 176 59 verum.
353 1591 106 59 Ex
406 1591 176 59 quibus
529 1591 229 59 concludit
706 1591 106 59 in
758 1591 141 59 fine
847 1591 159 59 huius
952 1591 229 59 materiae.
1129 1591 212 59 Probatum
1287 1591 123 59 est
1358 1591 176 59 igitur
1481 1591 141 59 quod
1570 1591 106 59 in
1605 1591 229 59 necessitate

85 1641 192 70 essendi
224 1641 122 70 non
294 1641 122 70 est
364 1641 297 70 communicatio.
609 1641 175 70 lgitur
732 1641 157 70 primo
837 1641 157 70 nihil
942 1641 262 70 communicat.
1152 1641 105 70 Et
1204 1641 122 70 sic
1274 1641 157 70 patet
1379 1641 140 70 quod
1467 1641 122 70 non
1537 1641 122 70 est
1607 1641 175 70 ponere
1712 1641 122 70 alium

93 1696 127 70 deum
172 1696 269 70 conmunicantem
394 1696 95 70 ei
441 1696 95 70 in
489 1696 158 70 natura
599 1696 206 70 deitatis,
757 1696 111 70 ita
821 1696 127 70 quod
900 1696 111 70 nec
963 1696 111 70 est
1026 1696 206 70 possibile
1185 1696 127 70 esse
1264 1696 158 70 alium.
1374 1696 95 70 Et
1422 1696 95 70 ne
1469 1696 174 70 dicatur
1596 1696 127 70 quod
1675 1696 111 70 sit
1722 1696 111 70 alius

87 1751 140 64 deus
174 1751 157 64 malus
279 1751 122 64 non
349 1751 262 64 communicans
558 1751 105 64 ei
611 1751 105 64 in
663 1751 192 64 natura,
803 1751 122 64 sed
873 1751 245 64 contrarius
1065 1751 87 64 &
1100 1751 245 64 contrariae
1292 1751 192 64 naturae
1432 1751 105 64 ei
1485 1751 227 64 existens,
1659 1751 122 64 vel
1729 1751 140 64 quod

89 1810 220 62 possibile
258 1810 119 62 est
326 1810 136 62 esse
411 1810 169 62 talem,
530 1810 186 62 subdit.
665 1810 203 62 Postquam
818 1810 152 62 autem
919 1810 186 62 liberum
1055 1810 119 62 est
1122 1810 85 62 a
1156 1810 186 62 materia
1292 1810 85 62 &
1326 1810 102 62 ab
1377 1810 136 62 eius
1461 1810 254 62 appendiciis
1665 1810 85 62 &
1698 1810 102 62 ab
1732 1810 102 62 omni

95 1860 282 69 corruptione,
324 1860 88 69 &
360 1860 194 69 vtraque
501 1860 141 69 haec
589 1860 141 69 sunt
677 1860 211 69 conditio
836 1860 141 69 eius
924 1860 141 69 quod
1012 1860 159 69 cadit
1117 1860 123 69 sub
1188 1860 317 69 contrarietate:
1452 1860 141 69 tunc
1540 1860 176 69 primus
1664 1860 123 69 non
1717 1860 123 69 habet

79 1909 272 68 contrarium.
296 1909 109 68 Ex
351 1909 127 68 his
423 1909 181 68 patent
550 1909 163 68 multa
659 1909 217 68 superius
822 1909 272 68 determinata
1039 1909 163 68 circa
1148 1909 145 68 esse
1238 1909 145 68 dei,
1329 1909 91 68 &
1365 1909 145 68 eius
1456 1909 272 68 quiditatem.
1655 1909 181 68 patebunt

82 1973 161 79 etiam
190 1973 161 79 multa
297 1973 215 79 inferius
459 1973 287 79 determinando
692 1973 161 79 circa
799 1973 287 79 consequentia
1032 1973 108 79 ad
1086 1973 143 79 esse
1176 1973 125 79 dei
1247 1973 90 79 &
1283 1973 143 79 eius
1373 1973 233 79 vnitatem:
1552 1973 108 79 vt
1606 1973 143 79 sunt
1678 1973 161 79 immuta-

85 2007 213 80 bilitas,
245 2007 284 80 simplicitas,
476 2007 89 80 &
512 2007 196 80 caetera
654 2007 249 80 huiusmodi.
850 2007 107 80 de
903 2007 178 80 quibus
1027 2007 231 80 videbitur
1187 2007 196 80 inferius.

113 2081 116 114 Ad
171 2081 193 114 primum
306 2081 116 114 in
364 2081 251 114 oppositum
557 2081 154 114 quod
653 2081 251 114 possibile
846 2081 135 114 est
923 2081 193 114 mundos
1058 2081 154 114 esse
1154 2081 212 114 plures,
1309 2081 154 114 ergo
1405 2081 96 114 &
1443 2081 193 114 plures
1578 2081 174 114 deos:
1675 2081 154 114 Dicen-

89 2178 108 75 dum
150 2178 92 75 ad
196 2178 108 75 hoc
258 2178 123 75 quod
335 2178 154 75 multum
443 2178 154 75 restat
551 2178 139 75 inter
643 2178 200 75 opinionem
797 2178 401 75 Aristotelesphilosophis
1152 2178 92 75 de
1198 2178 139 75 primo
1291 2178 216 75 principio,
1460 2178 77 75 &
1491 2178 139 75 fidem
1583 2178 216 75 catholicam
1738 2178 92 75 quae

81 2231 212 72 innititur
244 2231 131 72 ipsi
326 2231 163 72 primae
440 2231 212 72 veritati,
603 2231 82 72 a
636 2231 114 72 qua
701 2231 163 72 plures
815 2231 229 72 philosophi
995 2231 261 72 deuiauerunt.
1207 2231 147 72 Eidei
1305 2231 131 72 enim
1387 2231 180 72 veritas
1517 2231 114 72 cui
1583 2231 212 72 concordat
1730 2231 114 72 omnis

76 2283 161 72 recta
183 2283 179 72 ratio,
309 2283 161 72 tenet
416 2283 143 72 quod
505 2283 143 72 vnum
595 2283 125 72 est
666 2283 179 72 primum
791 2283 250 72 principium
988 2283 197 72 omnium,
1131 2283 89 72 a
1167 2283 125 72 quo
1238 2283 161 72 omnia
1345 2283 179 72 habent
1471 2283 161 72 esse,
1578 2283 125 72 non
1631 2283 215 72 necessita-

88 2341 107 65 te
142 2341 213 65 naturae:
301 2341 124 65 sed
372 2341 178 65 libera
497 2341 231 65 voluntate
674 2341 160 65 nulli
781 2341 266 65 necessitati
994 2341 195 65 annexa,
1136 2341 160 65 cuius
1242 2341 178 65 solius
1367 2341 124 65 est
1438 2341 160 65 actio
1544 2341 213 65 propria,
1704 2341 89 65 &
1722 2341 124 65 imme-

79 2395 168 69 diata
191 2395 243 69 creaturam
378 2395 168 69 omnem
490 2395 112 69 de
546 2395 131 69 non
621 2395 149 69 esse
714 2395 112 69 in
770 2395 149 69 esse
864 2395 243 69 producere
1051 2395 149 69 sine
1144 2395 149 69 omni
1237 2395 168 69 medio
1349 2395 261 69 materiali,
1555 2395 131 69 vel
1630 2395 187 69 agente
1760 2395 112 69 in

77 2443 138 69 hoc
156 2443 118 69 ei
215 2443 315 69 suffragante.
471 2443 177 69 Actio
589 2443 177 69 autem
707 2443 275 69 secundaria
923 2443 138 69 est
1001 2443 256 69 creaturas
1198 2443 216 69 quasdam
1355 2443 295 69 mediantibus
1591 2443 256 69 quibusdam
1768 2443 79 69 gu

79 2502 207 70 bernare:
234 2502 155 70 licet
337 2502 224 70 immediate
510 2502 190 70 posset.
648 2502 190 70 Econtra
786 2502 155 70 autem
889 2502 121 70 est
958 2502 172 70 opinio
1079 2502 259 70 Philosophi,
1285 2502 138 70 quod
1372 2502 207 70 scilicet
1527 2502 138 70 etsi
1613 2502 86 70 a
1647 2502 155 70 primo
1734 2502 103 70 prin

86 2553 164 63 cipio
195 2553 164 63 omnia
305 2553 146 63 alia
396 2553 183 63 habent
524 2553 146 63 esse
615 2553 256 63 effectiue,
816 2553 128 63 hoc
889 2553 128 63 est
962 2553 128 63 eis
1035 2553 146 63 esse
1126 2553 146 63 suum
1217 2553 110 63 in
1272 2553 164 63 gradu
1382 2553 237 63 inferiori
1564 2553 310 63 communicando,

78 2607 89 58 &
114 2607 125 58 hoc
185 2607 197 58 naturae
328 2607 286 58 necessitate,
561 2607 125 58 non
632 2607 161 58 tamen
740 2607 197 58 aliquid
883 2607 107 58 de
936 2607 125 58 non
1008 2607 143 58 esse
1097 2607 215 58 absoluto
1258 2607 107 58 in
1312 2607 143 58 esse
1401 2607 268 58 producendo,
1615 2607 89 58 &
1651 2607 143 58 quod
1723 2607 107 58 eius

82 2662 226 68 operatio
252 2662 207 68 propria
402 2662 132 68 sit
478 2662 188 68 primum
609 2662 188 68 mobile
741 2662 207 68 mouere,
892 2662 94 68 &
929 2662 282 68 necessitate
1155 2662 207 68 naturae
1306 2662 113 68 ei
1362 2662 264 68 coniunctum
1569 2662 151 68 esse
1664 2662 94 68 &
1682 2662 151 68 deter-

80 2712 218 69 minate,
238 2712 99 69 &
278 2712 237 69 mediante
456 2712 158 69 motu
555 2712 158 69 eius
654 2712 178 69 omnia
773 2712 158 69 alia
872 2712 198 69 regere
1010 2712 99 69 &
1050 2712 277 69 gubernare,
1267 2712 138 69 nec
1346 2712 218 69 aliquid
1505 2712 158 69 noui
1604 2712 158 69 nisi
1683 2712 158 69 median

66 2765 109 58 te
120 2765 182 58 illius
248 2765 146 58 motu
339 2765 182 58 agere.
466 2765 218 58 secundum
630 2765 146 58 quod
721 2765 146 58 suis
812 2765 164 58 locis
921 2765 109 58 ex
976 2765 182 58 dictis
1103 2765 146 58 eius
1194 2765 164 58 omnia
1303 2765 146 58 ista
1394 2765 218 58 poterunt
1558 2765 255 58 declarari.
1740 2765 91 58 Vn-

73 2820 108 69 de
127 2820 144 69 huic
217 2820 216 69 veritati
379 2820 252 69 catholicae
576 2820 252 69 praedictae
774 2820 198 69 obuians
918 2820 198 69 Commen.
1061 2820 108 69 in
1115 2820 144 69 xii.
1205 2820 288 69 metaphysicae
1439 2820 180 69 dicit.
1564 2820 198 69 Moderni
1690 2820 144 69 dicunt

77 2874 274 69 substantiam
296 2874 183 69 primam
424 2874 146 69 esse
516 2874 201 69 priorem
662 2874 183 69 motore
790 2874 201 69 totius,
936 2874 146 69 quod
1027 2874 183 69 falsum
1155 2874 146 69 est.
1247 2874 238 69 Quaelibet
1430 2874 146 69 enim
1521 2874 256 69 substantia
1704 2874 128 69 ista-

77 2923 115 63 rum
142 2923 115 63 est
208 2923 230 63 principium
389 2923 247 63 substantiae
587 2923 247 63 sensibilis.
784 2923 99 63 Et
834 2923 115 63 (vt
900 2923 165 63 dicit)
1015 2923 132 63 quod
1097 2923 132 63 ideo
1180 2923 148 63 dixit
1278 2923 214 63 Aristote,
1443 2923 132 63 quod
1525 2923 99 63 si
1575 2923 165 63 essent
1690 2923 181 63 aliquae

82 2981 255 69 substantiae
286 2981 238 69 abstractae
473 2981 119 69 non
541 2981 221 69 mouentes,
711 2981 170 69 essent
830 2981 204 69 ociosae.
984 2981 136 69 Vnde
1069 2981 153 69 dicit
1171 2981 136 69 quod
1256 2981 119 69 hoc
1324 2981 136 69 quod
1409 2981 153 69 dicit
1511 2981 153 69 Plato
1613 2981 102 69 in
1664 2981 136 69 suis
1732 2981 102 69 ver-

82 3029 119 72 bis
150 3029 220 72 obscuris,
319 3029 136 72 quod
404 3029 186 72 creator
539 3029 186 72 creauit
675 3029 203 72 angelos:
827 3029 169 72 Deinde
946 3029 220 72 praecepit
1115 3029 119 72 eis
1183 3029 169 72 creare
1302 3029 136 72 alia
1387 3029 220 72 mortalia,
1556 3029 85 72 &
1590 3029 203 72 remansit
1725 3029 102 72 ipse

82 3084 107 61 in
136 3084 179 61 quiete
261 3084 143 61 sine
350 3084 196 61 labore:
493 3084 125 61 Non
564 3084 125 61 est
636 3084 304 61 intelligendum
886 3084 107 61 ad
939 3084 214 61 literam.
1100 3084 107 61 Et
1153 3084 161 61 addit
1261 3084 143 61 quod
1350 3084 161 61 forte
1457 3084 232 61 aestimare
1636 3084 125 61 hoc
1707 3084 107 61 in
1743 3084 89 61 deo

75 3145 144 67 fuit
165 3145 162 67 causa
273 3145 198 67 sabbati
418 3145 180 67 positi
544 3145 108 67 in
598 3145 144 67 lege
688 3145 216 67 filiorum
850 3145 198 67 lfrael.
995 3145 162 67 Sicut
1103 3145 144 67 ergo
1193 3145 270 67 philosophus
1409 3145 180 67 posuit
1535 3145 180 67 caelum
1662 3145 144 67 esse
1734 3145 108 67 pro-

70 3201 152 62 pter
165 3201 152 62 suum
260 3201 190 62 motum,
392 3201 95 62 &
430 3201 133 62 non
506 3201 171 62 posse
620 3201 228 62 existere
791 3201 152 62 nisi
886 3201 228 62 moueret:
1056 3201 133 62 sic
1132 3201 190 62 posuit
1265 3201 303 62 persectionem
1512 3201 133 62 dei
1587 3201 152 62 esse
1682 3201 114 62 in
1739 3201 133 62 mo-

82 3256 159 76 uendo
188 3256 194 76 caelum,
329 3256 88 76 &
365 3256 141 76 quod
453 3256 124 76 non
524 3256 247 76 existeret,
718 3256 124 76 vel
788 3256 159 76 vanus
894 3256 159 76 esset
1000 3256 88 76 &
1035 3256 194 76 ociosus
1176 3256 141 76 nisi
1265 3256 212 76 moueret.
1423 3256 159 76 Sicut
1529 3256 159 76 neque
1635 3256 247 76 quaecunque
