2330 3776
128 325 207 96 secundum
283 325 242 96 Augustinum
473 325 155 96 primo
576 325 104 96 de
628 325 242 96 trinitate.
818 325 155 96 Etiam
921 325 138 96 omne
1008 325 138 96 quod
1094 325 138 96 sit,
1180 325 121 96 sit
1249 325 86 96 a
1284 325 138 96 sibi
1370 325 190 96 simili,
1508 325 207 96 secundum
1646 325 224 96 philosophum

141 410 138 60 vii.
227 410 190 60 Metaph.
365 410 225 60 ldentitas
538 410 276 60 diffundentis
763 410 104 60 se
814 410 104 60 ad
866 410 155 60 illud
970 410 104 60 in
1022 410 121 60 quo
1091 410 104 60 se
1143 410 242 60 diffundit,
1333 410 173 60 potest
1453 410 138 60 esse
1540 410 121 60 vel
1609 410 173 60 realis
1713 410 155 60 simili-

128 464 224 60 tudinis:
296 464 131 60 vel
371 464 243 60 analogiae
558 464 93 60 &
595 464 318 60 proportionis.
857 464 206 60 Secundo
1007 464 149 60 modo
1100 464 243 60 diffundit
1287 464 112 60 se
1343 464 187 60 diuina
1474 464 206 60 bonitas
1623 464 112 60 in
1660 464 206 60 creaturas

134 517 227 58 secundum
305 517 227 58 scilicet
475 517 303 58 diuersitatem
721 517 284 58 substantiae
949 517 95 58 &
987 517 265 58 suppositi:
1195 517 208 58 manente
1347 517 152 58 sola
1441 517 265 58 identitate
1650 517 133 58 seu
1706 517 171 58 vnitate

136 573 246 66 analogiae
325 573 95 66 &
363 573 302 66 proportionis
609 573 170 66 vnius
722 573 113 66 ad
779 573 227 66 alterum:
949 573 246 66 inquantum
1138 573 113 66 id
1195 573 151 66 quod
1289 573 132 66 est
1365 573 246 66 bonitatis
1554 573 113 66 in
1610 573 132 66 deo
1686 573 132 66 per
1743 573 132 66 essen

141 625 173 62 tiam:
256 625 115 62 in
313 625 249 62 creaturis
505 625 134 62 est
582 625 134 62 per
658 625 211 62 quandam
812 625 383 62 participationem:
1138 625 96 62 &
1176 625 134 62 hoc
1253 625 115 62 in
1310 625 173 62 earum
1425 625 249 62 essentia:
1617 625 134 62 non
1674 625 192 62 secundum

134 681 215 64 aliquid
291 681 215 64 additum
447 681 254 64 essentiae
643 681 196 64 earum,
780 681 117 64 vt
838 681 196 64 probat
975 681 235 64 Boethius
1151 681 117 64 in
1210 681 176 64 libro
1327 681 117 64 de
1386 681 196 64 hebud.
1523 681 176 64 Primo
1640 681 156 64 modo
1719 681 156 64 potest

129 734 208 56 intelligi
289 734 96 56 se
337 734 176 56 bonitas
466 734 225 56 diffundere
642 734 225 56 dupliciter
819 734 192 56 secundum
963 734 112 56 duo
1027 734 128 56 quae
1107 734 176 56 possunt
1236 734 128 56 esse
1316 734 96 56 in
1364 734 160 56 natura
1476 734 96 56 se
1524 734 241 56 diffundente
1717 734 192 56 scilicet

133 786 175 55 natura
255 786 88 55 &
290 786 263 55 suppositum.
500 786 175 55 Potest
623 786 140 55 ergo
710 786 105 55 se
763 786 245 55 diffundere
955 786 210 55 secundum
1113 786 263 55 identitatem
1323 786 263 55 substantiae
1533 786 105 55 in
1585 786 263 55 diuersitate
1778 786 88 55 sup

128 844 190 62 positi,
266 844 121 62 vel
335 844 190 62 econtra
473 844 207 62 secundum
628 844 259 62 identitatem
835 844 224 62 suppositi
1008 844 104 62 in
1059 844 259 62 diuersitate
1266 844 276 62 substantiae.
1491 844 155 62 Primo
1594 844 138 62 modo
1663 844 207 62 dupliciter

141 893 113 66 vel
205 893 194 66 secundum
351 893 242 66 identitatem
544 893 177 66 naturae
673 893 194 66 secundum
818 893 177 66 speciem
947 893 258 66 differentis:
1157 893 113 66 aut
1222 893 194 66 secundum
1367 893 177 66 numerum
1496 893 81 66 &
1528 893 226 66 supposita.
1706 893 113 66 hoc
1770 893 129 66 modo

139 947 202 57 diffusio
291 947 118 57 est
358 947 118 57 per
425 947 219 57 naturalem
593 947 286 57 generationem.
829 947 118 57 Sed
896 947 269 57 impossibilis
1114 947 118 57 est
1182 947 101 57 in
1232 947 135 57 deo:
1316 947 135 57 quia
1400 947 168 57 diuina
1518 947 168 57 natura
1636 947 202 57 communis
1770 947 101 57 esse

133 998 122 60 non
202 998 192 60 potest,
342 998 105 60 vt
395 998 210 60 ostensum
552 998 122 60 est
622 998 297 60 sufficienter.
866 998 122 60 Sed
936 998 157 60 talem
1041 998 262 60 diffusionem
1251 998 227 60 quaerebat
1426 998 262 60 argumentum.
1635 998 122 60 Vel
1705 998 210 60 secundum

131 1044 267 63 identitatem
345 1044 196 63 naturae
487 1044 214 63 secundum
648 1044 196 63 numerum
790 1044 107 63 in
844 1044 267 63 diuersitate
1058 1044 249 63 suppositi:
1253 1044 125 63 sic
1325 1044 125 63 est
1396 1044 214 63 diffusio
1556 1044 232 63 bonitatis
1717 1044 160 63 naturae

132 1105 182 68 diuinae
265 1105 100 68 in
315 1105 166 68 tribus
431 1105 182 68 diuinis
564 1105 216 68 personis.
730 1105 199 68 Diffusio
879 1105 149 68 autem
978 1105 199 68 secundum
1128 1105 249 68 identitatem
1327 1105 216 68 suppositi
1493 1105 100 68 in
1542 1105 249 68 diuersitate
1725 1105 149 68 substam

132 1157 161 84 tiae,
239 1157 125 84 est
311 1157 215 84 diffusio
472 1157 197 84 eiusdem
615 1157 215 84 personae
776 1157 161 84 super
883 1157 143 84 duas
972 1157 197 84 naturas
1115 1157 107 84 in
1151 1157 179 84 Christo.

557 1257 179 104 Art.
669 1257 112 104 &
714 1257 179 104 XVi.
826 1257 134 104 de
893 1257 224 104 natura
1050 1257 112 104 &
1095 1257 269 104 essentia
1274 1257 134 104 Dei.

614 1318 159 107 lso
705 1318 137 107 de
774 1318 159 107 iis
865 1318 182 107 quae
979 1318 296 107 pertinent
1206 1318 137 107 ad
1275 1318 159 107 dei
1366 1318 296 107 entitatem
1594 1318 114 107 &
1616 1318 251 107 vnitatem,

620 1411 243 68 sequuntur
808 1411 150 68 illa
901 1411 150 68 quae
995 1411 243 68 pertinent
1182 1411 112 68 ad
1238 1411 150 68 eius
1332 1411 206 68 naturam
1482 1411 94 68 &
1519 1411 262 68 essentiam:
1725 1411 131 68 cui
1781 1411 94 68 con

624 1469 168 59 uenit
736 1469 149 59 esse
830 1469 149 59 vnum
923 1469 93 59 &
960 1469 149 59 ens.
1053 1469 112 59 Et
1109 1469 168 59 circa
1221 1469 131 59 hoc
1296 1469 261 59 quaeruntur
1501 1469 149 59 duo.

621 1522 213 65 Primum:
776 1522 175 65 vtrum
892 1522 155 65 deus
989 1522 136 65 sit
1067 1522 136 65 res
1145 1522 97 65 &
1183 1522 194 65 natura
1319 1522 194 65 aliqua
1455 1522 136 65 sub
1513 1522 136 65 ente.

617 1573 256 69 Secundum:
814 1573 177 69 vtrum
932 1573 138 69 sit
1011 1573 138 69 res
1089 1573 98 69 &
1129 1573 197 69 natura
1266 1573 236 69 alicuius
1423 1573 315 69 praedicamenti.

963 1625 139 69 Irca
1050 1625 174 69 Primum
1172 1625 226 69 arguitur:
1346 1625 139 69 quod
1433 1625 139 69 deus
1520 1625 122 69 non
1589 1625 174 69 potest
1711 1625 139 69 dici
1781 1625 87 69 res

961 1689 94 58 &
999 1689 188 58 natura
1130 1689 188 58 aliqua
1261 1689 131 58 sub
1337 1689 169 58 ente.
1449 1689 169 58 Primo
1562 1689 150 58 sic.
1656 1689 131 58 Res
1731 1689 94 58 &
1749 1689 113 58 natu

967 1747 105 55 ra
1019 1747 122 55 sub
1089 1747 140 55 ente
1176 1747 262 55 determinant
1386 1747 140 55 esse
1473 1747 105 55 in
1526 1747 105 55 eo
1578 1747 122 55 cui
1631 1747 227 55 conveniunt.

961 1790 192 63 Secundum
1105 1790 128 63 enim
1185 1790 128 63 quod
1265 1790 144 63 dicit
1361 1790 144 63 Auic.
1456 1790 96 63 i.
1504 1790 176 63 Metaph.
1632 1790 144 63 suae.
1712 1790 160 63 Intentio

953 1841 184 66 vnius,
1081 1841 92 66 &
1118 1841 220 66 intentio
1283 1841 129 66 rei
1357 1841 147 66 sunt
1449 1841 147 66 duae
1540 1841 294 66 intentiones.
1779 1841 92 66 &
1798 1841 73 66 no

945 1896 111 66 tum
1009 1896 111 66 est
1072 1896 127 66 quod
1152 1896 207 66 certitudo
1311 1896 111 66 rei
1374 1896 111 66 est
1438 1896 111 66 rei
1501 1896 175 66 praeter
1629 1896 143 66 esse.
1724 1896 111 66 Sed
1772 1896 95 66 esse

153 1945 86 81 n
187 1945 120 81 deo
256 1945 154 81 nullo
359 1945 137 81 modo
444 1945 171 81 potest
564 1945 274 81 determinari:
787 1945 137 81 quia
873 1945 137 81 esse
959 1945 120 81 dei
1027 1945 120 81 est
1096 1945 137 81 eius
1181 1945 274 81 singularitas
1404 1945 137 81 sibi
1490 1945 240 81 solitaria:
1678 1945 154 81 nullo
1781 1945 120 81 de-

121 1999 240 68 terminata,
310 1999 103 68 vt
361 1999 189 68 habitum
499 1999 120 68 est
567 1999 103 68 ex
619 1999 326 68 praecedentibus.
894 1999 137 68 ergo
980 1999 120 68 &c.
1083 1999 189 68 Secundo
1220 1999 137 68 sic:
1306 1999 137 68 quod
1392 1999 120 68 est
1461 1999 120 68 res
1529 1999 86 68 &
1564 1999 172 68 natura
1684 1999 172 68 aliqua
1787 1999 86 68 sub

126 2067 157 56 ente,
230 2067 122 56 est
300 2067 262 56 particulare
510 2067 87 56 &
545 2067 122 56 hoc
615 2067 192 56 aliquid
755 2067 245 56 distinctum
947 2067 105 56 ab
999 2067 175 56 aliis:
1122 2067 140 56 quia
1209 2067 210 56 secundum
1366 2067 157 56 Auic.
1471 2067 122 56 Res
1541 2067 122 56 est
1611 2067 227 56 certitudo
1768 2067 105 56 pro-

139 2112 154 70 pria,
242 2112 120 70 qua
310 2112 120 70 est
379 2112 257 70 vnumquodque
585 2112 103 70 id
636 2112 137 70 quod
722 2112 137 70 est.
808 2112 137 70 Deus
893 2112 154 70 autem
996 2112 120 70 non
1065 2112 120 70 est
1134 2112 120 70 hoc
1202 2112 189 70 aliquid
1339 2112 120 70 aut
1408 2112 274 70 particulare,
1631 2112 103 70 vt
1682 2112 154 70 infra
1768 2112 103 70 vide

131 2164 154 66 bitur.
238 2164 123 66 ergo
315 2164 108 66 &c.
408 2164 154 66 Contra
515 2164 123 66 est:
592 2164 139 66 nihil
685 2164 108 66 est
746 2164 92 66 in
793 2164 92 66 se
839 2164 216 66 subsistens
1008 2164 123 66 nisi
1085 2164 123 66 quod
1162 2164 108 66 est
1224 2164 108 66 res
1285 2164 77 66 &
1316 2164 154 66 natura
1424 2164 169 66 aliqua:
1547 2164 123 66 quia
1624 2164 139 66 nihil
1701 2164 169 66 subsistit

124 2218 131 63 neque
212 2218 131 63 (quod
299 2218 160 63 amplius
416 2218 117 63 est)
489 2218 175 63 existit,
620 2218 117 63 nisi
693 2218 102 63 sit
751 2218 189 63 certitudo
897 2218 146 63 aliqua
999 2218 117 63 quae
1072 2218 204 63 subsistens
1232 2218 102 63 est
1290 2218 87 63 id
1334 2218 117 63 quod
1407 2218 117 63 est.
1480 2218 131 63 Sicut
1567 2218 175 63 circulus
1698 2218 102 63 non
1756 2218 102 63 est
1800 2218 73 63 ens

139 2266 87 68 &
173 2266 139 68 vnum
260 2266 139 68 nisi
347 2266 156 68 quiam
451 2266 156 68 habet
556 2266 278 68 certitudinem
781 2266 104 68 in
834 2266 208 68 essentia
990 2266 122 68 qua
1059 2266 122 68 est
1129 2266 226 68 circulus,
1303 2266 87 68 &
1337 2266 174 68 albedo
1459 2266 156 68 habet
1563 2266 278 68 certitudinem
1789 2266 122 68 qua

124 2323 129 71 est
197 2323 202 71 albedo.
344 2323 92 71 &
381 2323 129 71 sic
455 2323 110 71 de
510 2323 221 71 quolibet
676 2323 147 71 ente
768 2323 92 71 &
805 2323 147 71 vno.
897 2323 147 71 Haec
989 2323 166 71 autem
1099 2323 239 71 certitudo
1283 2323 129 71 res
1357 2323 92 71 &
1393 2323 184 71 natura
1522 2323 184 71 aliqua
1651 2323 202 71 dicitur
1798 2323 110 71 in

136 2382 176 72 ente.
253 2382 156 72 ergo
331 2382 98 72 &c.

174 2426 155 82 Ista
271 2426 233 82 quaestio
446 2426 175 82 quasi
562 2426 291 82 determinata
795 2426 136 82 est
873 2426 194 82 supra,
1009 2426 310 82 determinando
1261 2426 291 82 quaestionem
1493 2426 194 82 illam:
1629 2426 116 82 an
1668 2426 194 82 quiditas

132 2491 109 66 sit
195 2491 93 66 in
241 2491 124 66 deo:
319 2491 109 66 sed
381 2491 140 66 tamen
474 2491 93 66 vt
521 2491 217 66 expressius
692 2491 217 66 terminetur
862 2491 109 66 sub
925 2491 140 66 forma
1018 2491 217 66 proposita:
1189 2491 186 66 Dicendum
1328 2491 93 66 ad
1375 2491 124 66 hoc:
1453 2491 124 66 quod
1530 2491 140 66 licet
1623 2491 93 66 in
1670 2491 171 66 omnibus
1779 2491 93 66 quae

139 2545 117 70 deo
206 2545 284 70 attribuuntur,
440 2545 250 70 manuducimur
640 2545 100 70 ex
690 2545 234 70 creaturis:
873 2545 100 70 vt
923 2545 133 70 quae
1007 2545 133 70 sunt
1090 2545 267 70 perfectionis
1307 2545 83 70 &
1340 2545 234 70 dignitatis
1524 2545 100 70 in
1574 2545 217 70 creaturis
1741 2545 117 70 deo
1791 2545 83 70 non

131 2596 223 75 denegemus:
306 2596 111 75 non
370 2596 143 75 tamen
466 2596 191 75 secundum
609 2596 159 75 eundem
720 2596 143 75 modum
816 2596 111 75 deo
880 2596 239 75 attribuimus
1071 2596 143 75 illa:
1166 2596 111 75 quo
1230 2596 207 75 inuenimus
1389 2596 96 75 ea
1437 2596 96 75 in
1485 2596 223 75 creaturis.
1660 2596 127 75 quia
1740 2596 96 75 in
1771 2596 96 75 crea

145 2658 141 69 turis
239 2658 141 69 nihil
334 2658 204 69 inuenimus
491 2658 126 69 nisi
569 2658 110 69 sub
632 2658 157 69 aliqua
742 2658 173 69 ratione
867 2658 235 69 defectionis
1056 2658 78 69 &
1087 2658 298 69 imperfectionis:
1338 2658 220 69 inquantum.
1511 2658 188 69 scilicet
1652 2658 78 69 a
1668 2658 204 69 perfectione

145 2708 143 63 primi
240 2708 143 63 entis
336 2708 191 63 recedit.
479 2708 159 63 Gradus
590 2708 159 63 igitur
701 2708 238 63 intentionum
892 2708 238 63 inspiciendi
1082 2708 127 63 sunt
1162 2708 111 63 sub
1225 2708 127 63 ente
1305 2708 95 63 in
1353 2708 207 63 creaturis
1511 2708 191 63 secundum
1654 2708 191 63 rationem
1782 2708 79 63 per

122 2772 233 56 fectionis
301 2772 90 56 &
337 2772 340 56 imperfectionis:
624 2772 108 56 vt
678 2772 108 56 ex
731 2772 233 56 opposito,
910 2772 125 56 vel
982 2772 108 56 ex
1036 2772 269 56 supeminenti
1251 2772 269 56 cognoscamus
1466 2772 197 56 quomodo
1609 2772 215 56 ponendae
1753 2772 108 56 sunt

132 2812 88 69 in
176 2812 190 69 creatore.
323 2812 102 69 Est
381 2812 146 69 igitur
483 2812 249 69 intelligendum
688 2812 176 69 secundum
820 2812 117 69 quod
893 2812 88 69 in
937 2812 132 69 parte
1025 2812 146 69 dictum
1127 2812 102 69 est
1186 2812 146 69 supra,
1288 2812 117 69 quod
1361 2812 132 69 ista.
1449 2812 88 69 v.
1493 2812 190 69 differunt
1639 2812 88 69 in
1683 2812 161 69 omnibus
1785 2812 88 69 crea

125 2864 152 73 turis:
231 2864 122 73 esse
307 2864 244 73 simpliciter:
505 2864 76 73 &
536 2864 122 73 esse
612 2864 122 73 hoc:
688 2864 76 73 &
718 2864 122 73 esse
795 2864 183 73 aliquid:
932 2864 76 73 &
962 2864 122 73 esse
1038 2864 107 73 hoc
1099 2864 183 73 aliquid:
1236 2864 76 73 &
1266 2864 122 73 esse
1342 2864 107 73 hoc
1403 2864 167 73 aliquod
1525 2864 91 73 in
1571 2864 137 73 actu.
1662 2864 91 73 Et
1693 2864 167 73 differunt

131 2925 125 76 per
203 2925 143 76 hunc
292 2925 161 76 modum
399 2925 143 76 esse
488 2925 143 76 enim
578 2925 107 76 in
631 2925 232 76 creaturis
810 2925 268 76 simpliciter
1024 2925 125 76 est
1096 2925 143 76 esse
1185 2925 214 76 analogum
1346 2925 232 76 essentiis
1525 2925 161 76 decem
1614 2925 250 76 praedicamen-

133 2982 181 62 torum.
260 2982 109 62 vt
314 2982 145 62 enim
404 2982 163 62 dicit
513 2982 163 62 Auic.
621 2982 109 62 i.
676 2982 199 62 Metaph.
821 2982 145 62 Esse
911 2982 290 62 communissime
1146 2982 181 62 dictum
1273 2982 253 62 significat
1472 2982 181 62 multas
1599 2982 290 62 intentiones:
1816 2982 54 62 a

130 3030 172 75 quibus
250 3030 121 75 res
319 3030 224 75 quaelibet
492 3030 103 75 in
543 3030 258 75 certitudine
750 3030 138 75 suae
836 3030 224 75 essentiae
1009 3030 190 75 dicitur
1146 3030 138 75 ens.
1232 3030 86 75 &
1267 3030 121 75 est
1336 3030 155 75 illud
1439 3030 138 75 esse
1525 3030 207 75 proprium
1680 3030 138 75 rei:
1749 3030 121 75 sicut

130 3088 227 67 certitudo
304 3088 227 67 essentiae
478 3088 244 67 cuiuslibet
670 3088 122 67 rei
740 3088 122 67 est
810 3088 139 67 sibi
897 3088 209 67 propria.
1054 3088 122 67 Sed
1123 3088 174 67 nullam
1245 3088 192 67 illarum
1385 3088 244 67 determinat
1577 3088 157 67 nomen
1681 3088 157 67 entis
1768 3088 105 67 sim-

140 3131 189 79 pliciter
282 3131 204 79 acceptum.
439 3131 189 79 Secundum
580 3131 126 79 quod
659 3131 141 79 dicit
753 3131 126 79 idem
832 3131 94 79 in
879 3131 141 79 eodem
973 3131 94 79 in
1020 3131 141 79 fine.
1115 3131 110 79 Ens
1178 3131 141 79 talis
1272 3131 173 79 naturae
1398 3131 126 79 est:
1476 3131 126 79 quod
1555 3131 236 79 praedicatur
1743 3131 94 79 de
1775 3131 94 79 omni

132 3191 134 66 siue
216 3191 151 66 illud
317 3191 118 66 sit
384 3191 252 66 substantia,
586 3191 134 66 siue
670 3191 168 66 aliud.
787 3191 134 66 Ipsa
871 3191 134 66 enim
955 3191 235 66 substantia
1140 3191 101 66 ex
1190 3191 118 66 hoc
1258 3191 134 66 quod
1342 3191 118 66 est
1409 3191 118 66 ens
1476 3191 118 66 non
1543 3191 118 66 est
1610 3191 252 66 substantia:
1795 3191 84 66 nec

129 3240 164 88 aliqua
243 3240 246 88 substantia.
440 3240 197 88 scilicet
587 3240 213 88 subiectum
751 3240 197 88 aliquod.
899 3240 98 88 Et
948 3240 197 88 conuenit
1095 3240 115 88 rei
1161 3240 115 88 hoc
1227 3240 131 88 esse
1308 3240 246 88 simpliciter
1505 3240 164 88 dictum
1620 3240 98 88 ex
1669 3240 115 88 hoc
1735 3240 131 88 quod
1816 3240 98 88 in
