2299 3775
69 318 170 82 generis
192 318 279 82 praedicamenti.
425 318 201 82 Similiter
579 318 139 82 neque
672 318 93 82 ex
719 318 201 82 negatione
873 318 124 82 illa
951 318 124 82 quae
1028 318 201 82 sequitur:
1183 318 170 82 quoniam
1307 318 170 82 negatio
1431 318 124 82 illa
1508 318 108 82 non
1570 318 139 82 addit
1663 318 139 82 super
1740 318 93 82 esse

69 394 162 59 aliquod
187 394 118 59 quod
261 394 103 59 sit
319 394 206 59 acquisitum
481 394 88 59 in
525 394 118 59 ipso
599 394 132 59 esse:
687 394 74 59 &
717 394 118 59 quod
790 394 132 59 nihil
878 394 147 59 ponit:
981 394 103 59 non
1040 394 147 59 potest
1143 394 147 59 alicui
1246 394 118 59 dare
1320 394 177 59 rationem
1452 394 177 59 generis.
1585 394 118 59 Esse
1658 394 147 59 igitur
1746 394 74 59 non

67 441 91 60 in
112 441 182 60 subiecto
249 441 106 60 non
309 441 106 60 est
370 441 182 60 intentio
506 441 151 60 aliqua
612 441 136 60 super
703 441 136 60 esse:
794 441 91 60 in
839 441 106 60 qua
900 441 151 60 potest
1006 441 212 60 substantia
1173 441 151 60 habere
1279 441 182 60 rationem
1415 441 182 60 generis.
1551 441 212 60 Substantia
1703 441 121 60 igitur

71 499 180 61 rationem
206 499 165 61 generis
325 499 254 61 praedicamenti
535 499 150 61 habere
640 499 105 61 non
700 499 150 61 potest
804 499 90 61 ex
849 499 90 61 eo
894 499 120 61 quod
969 499 180 61 absolute
1104 499 105 61 est
1164 499 105 61 ens
1223 499 105 61 non
1283 499 90 61 in
1328 499 195 61 subiecto.
1478 499 120 61 tale
1553 499 120 61 enim
1627 499 105 61 ens
1687 499 120 61 bene
1747 499 75 61 est

70 551 130 62 deus:
156 551 72 62 &
185 551 101 62 sic
243 551 101 62 sub
301 551 145 62 genere
402 551 217 62 substantiae
576 551 304 62 comprehenderetur:
836 551 87 62 si
880 551 87 62 ex
923 551 116 62 illa
996 551 159 62 ratione
1111 551 203 62 substantia
1271 551 159 62 dicitur
1386 551 145 62 genus.
1488 551 101 62 Sed
1546 551 101 62 non
1603 551 101 62 est
1661 551 116 62 ita:
1719 551 87 62 immo

72 609 114 68 quod
143 609 200 68 substantia
300 609 128 68 habet
386 609 171 68 rationem
514 609 171 68 generis,
643 609 100 68 hoc
700 609 100 68 est
757 609 114 68 quia
828 609 128 68 dicit
914 609 200 68 essentiam:
1071 609 86 68 de
1114 609 128 68 cuius
1199 609 157 68 ratione
1313 609 100 68 est
1371 609 86 68 vt
1413 609 100 68 sit
1470 609 86 68 id
1513 609 100 68 cui
1570 609 171 68 convenit
1699 609 114 68 quod
1756 609 57 68 ne

61 667 133 60 gatur
150 667 118 60 esse
223 667 88 60 in
267 667 191 60 subiecto.
415 667 103 60 Hoc
474 667 118 60 ergo
547 667 118 60 quod
621 667 162 60 dicimus
739 667 88 60 de
783 667 206 60 substantia
945 667 118 60 quae
1019 667 103 60 est
1078 667 147 60 genus:
1181 667 118 60 quia
1254 667 103 60 est
1313 667 103 60 ens
1372 667 103 60 non
1431 667 88 60 in
1475 667 191 60 subiecto,
1623 667 177 60 intentio
1740 667 74 60 est

61 715 122 67 quod
137 715 107 67 est
198 715 107 67 res
259 715 92 67 de
305 715 107 67 qua
366 715 168 67 dicitur
489 715 122 67 quod
565 715 107 67 non
626 715 107 67 est
687 715 92 67 in
733 715 199 67 subiecto:
886 715 107 67 ita
947 715 92 67 vt
993 715 107 67 ens
1054 715 107 67 non
1115 715 92 67 in
1161 715 183 67 subiecto
1298 715 229 67 praedicetur
1482 715 92 67 de
1528 715 107 67 ea,
1589 715 76 67 &
1619 715 153 67 habeat
1726 715 92 67 in
1757 715 61 67 se

71 769 122 67 ipsa
147 769 213 67 quiditatem
314 769 106 67 cui
375 769 182 67 convenit
511 769 137 67 esse:
603 769 122 67 quia
679 769 106 67 per
739 769 106 67 hoc
800 769 137 67 habet
891 769 122 67 quod
967 769 152 67 potest
1074 769 122 67 esse
1150 769 198 67 subiectum
1301 769 152 67 alteri
1408 769 91 67 vt
1453 769 213 67 accidenti:
1620 769 137 67 cuius
1696 769 122 67 natura

66 824 105 54 est
126 824 120 54 esse
201 824 90 54 in
246 824 196 54 subiecto.
397 824 120 54 Esse
472 824 135 54 autem
562 824 135 54 talem
653 824 120 54 rem:
728 824 135 54 nullo
818 824 120 54 modo
893 824 181 54 convenit
1029 824 120 54 deo:
1104 824 120 54 quia
1179 824 90 54 vt
1224 824 105 54 iam
1284 824 150 54 dictum
1390 824 120 54 est,
1465 824 120 54 Deus
1540 824 105 54 non
1600 824 105 54 est
1661 824 120 54 nisi
1721 824 90 54 esse

69 872 105 58 non
129 872 150 58 habens
234 872 210 58 quiditatem
399 872 180 58 alterius
533 872 225 58 intentionis
713 872 165 58 praeter
833 872 135 58 esse.
923 872 165 58 propter
1043 872 120 58 quod
1118 872 195 58 subiectum
1268 872 135 58 fieri
1358 872 105 58 non
1417 872 165 58 potest,
1537 872 90 58 vt
1582 872 135 58 dicit
1657 872 150 58 Boethius

68 929 82 67 de
109 929 191 67 trinitate.
259 929 164 67 Intentio
382 929 109 67 ergo
451 929 205 67 substantiae
614 929 109 67 quae
683 929 246 67 praedicamentum
888 929 109 67 est,
956 929 123 67 nullo
1038 929 109 67 modo
1106 929 164 67 convenit
1229 929 109 67 deo:
1297 929 109 67 quia
1365 929 96 67 non
1420 929 177 67 imponitur
1557 929 68 67 a
1584 929 150 67 ratione
1693 929 109 67 esse
1748 929 68 67 sim

65 988 172 58 plicis:
191 988 110 58 sed
253 988 235 58 determinati
441 988 110 58 per
503 988 94 58 id
550 988 125 58 quod
629 988 110 58 res
691 988 78 58 &
722 988 172 58 aliquid
848 988 110 58 est
910 988 110 58 sub
973 988 172 58 ratione
1098 988 141 58 esse,
1192 988 94 58 vt
1239 988 156 58 dictum
1348 988 125 58 est.
1427 988 125 58 Immo
1505 988 141 58 siqua
1599 988 188 58 intentio
1724 988 78 58 pro

59 1034 116 63 prie
131 1034 101 63 deo
189 1034 188 63 convenit:
333 1034 116 63 illa
405 1034 116 63 sola
477 1034 101 63 est
535 1034 116 63 quae
607 1034 87 63 ab
651 1034 116 63 esse
723 1034 116 63 puro
795 1034 72 63 &
824 1034 173 63 simplici
954 1034 202 63 accipitur:
1113 1034 116 63 quae
1185 1034 231 63 significatur
1373 1034 144 63 nomine
1474 1034 202 63 essentiae,
1633 1034 87 63 vt
1676 1034 116 63 deus
1734 1034 72 63 non

69 1085 115 65 vere
141 1085 159 65 dicatur
256 1085 216 65 substantia,
429 1085 101 65 aut
487 1085 188 65 quiditas,
631 1085 101 65 aut
689 1085 101 65 res
747 1085 115 65 siue
819 1085 144 65 natura
920 1085 173 65 aliquam:
1049 1085 101 65 sed
1107 1085 144 65 tantum
1208 1085 173 65 essentia
1338 1085 173 65 absoluta
1468 1085 87 65 ab
1511 1085 115 65 esse
1583 1085 144 65 dicta.
1670 1085 144 65 secundum

61 1138 110 68 quod
130 1138 124 68 dicit
212 1138 192 68 Augustinus
363 1138 110 68 vii.
432 1138 82 68 de
473 1138 192 68 trinitate.
624 1138 82 68 c.
665 1138 82 68 v.
706 1138 124 68 Sicut
789 1138 82 68 ab
830 1138 82 68 eo
871 1138 110 68 quod
940 1138 96 68 est
995 1138 110 68 esse
1063 1138 192 68 appellatur
1214 1138 178 68 essentia,
1351 1138 96 68 ita
1406 1138 82 68 ab
1447 1138 82 68 eo
1489 1138 110 68 quod
1557 1138 96 68 est
1612 1138 192 68 subsistere
1749 1138 69 68 sub

71 1195 170 67 stantiam
198 1195 170 67 dicimus.
325 1195 85 67 De
368 1195 99 67 iis
424 1195 113 67 enim
495 1195 127 67 rebus
580 1195 127 67 recte
665 1195 226 67 intelligitur
849 1195 212 67 substantiam
1018 1195 127 67 dici,
1103 1195 85 67 in
1145 1195 141 67 quibus
1244 1195 113 67 sunt
1315 1195 85 67 ea
1358 1195 113 67 quae
1428 1195 85 67 in
1471 1195 141 67 aliquo
1570 1195 170 67 subiecto
1697 1195 113 67 esse
1753 1195 57 67 di

53 1249 186 56 cuntur:
189 1249 152 56 sicut
290 1249 152 56 color
392 1249 119 56 aut
459 1249 152 56 forma
561 1249 102 56 in
612 1249 203 56 corpore.
764 1249 169 56 Corpus
883 1249 135 56 enim
967 1249 237 56 subsistit:
1154 1249 85 56 &
1188 1249 135 56 ideo
1272 1249 237 56 substantia
1458 1249 135 56 est.
1543 1249 119 56 Res
1611 1249 169 56 igitur
1712 1249 102 56 muta

61 1295 136 62 biles
151 1295 106 62 non
212 1295 196 62 simplices
363 1295 166 62 proprie
483 1295 181 62 dicuntur
619 1295 241 62 substantiae,
815 1295 121 62 Deus
891 1295 136 62 autem
981 1295 91 62 si
1026 1295 211 62 subsistit:
1192 1295 91 62 vt
1238 1295 211 62 substantia
1404 1295 166 62 proprie
1524 1295 121 62 dici
1600 1295 166 62 possit:
1705 1295 106 62 inest

67 1352 87 65 in
111 1352 87 65 eo
155 1352 160 65 aliquid
271 1352 160 65 tamquam
387 1352 87 65 in
431 1352 189 65 subiecto:
577 1352 73 65 &
606 1352 102 65 non
664 1352 102 65 est
722 1352 160 65 simplex
838 1352 102 65 cui
897 1352 102 65 hoc
955 1352 102 65 sit
1013 1352 116 65 esse
1086 1352 116 65 quod
1158 1352 116 65 illi
1231 1352 102 65 est
1289 1352 175 65 quicquid
1420 1352 87 65 de
1464 1352 116 65 illo
1537 1352 175 65 dicitur.
1668 1352 116 65 Vnde
1726 1352 87 65 mani

60 1406 158 65 festum
171 1406 111 65 est
234 1406 127 65 deum
314 1406 174 65 abusiue
440 1406 238 65 substantiam
631 1406 174 65 vocari:
757 1406 95 65 vt
805 1406 158 65 nomine
916 1406 222 65 vsitatiore
1090 1406 254 65 intelligatur
1296 1406 206 65 essentia,
1454 1406 127 65 quod
1534 1406 127 65 vere
1613 1406 111 65 sic
1660 1406 143 65 proprie

64 1459 175 59 dicitur,
196 1459 88 59 vt
240 1459 175 59 fortasse
371 1459 131 59 solum
458 1459 117 59 deum
531 1459 117 59 dici
604 1459 175 59 oporteat
736 1459 204 59 essentiam.
896 1459 88 59 Ex
940 1459 131 59 parte
1028 1459 131 59 autem
1115 1459 204 59 accidentis
1276 1459 161 59 apparet
1392 1459 175 59 clarius:
1524 1459 117 59 quod
1597 1459 175 59 scilicet
1713 1459 88 59 deus

64 1515 108 71 non
125 1515 108 71 sit
187 1515 108 71 res
249 1515 186 71 alicuius
388 1515 263 71 praedicamenti
605 1515 232 71 accidentis:
790 1515 124 71 quia
868 1515 124 71 tunc
945 1515 139 71 esset
1038 1515 201 71 accidens,
1192 1515 124 71 quod
1270 1515 108 71 est
1332 1515 247 71 impossibile:
1533 1515 108 71 tum
1595 1515 124 71 quia
1672 1515 124 71 deus
1734 1515 77 71 est

60 1562 145 67 primum
162 1562 102 67 ens
220 1562 73 67 &
249 1562 102 67 cam
307 1562 174 67 aliorum:
438 1562 131 67 accns
525 1562 131 67 autem
613 1562 102 67 non
671 1562 145 67 potest
772 1562 116 67 esse
845 1562 145 67 primum
947 1562 102 67 ens
1005 1562 73 67 &
1034 1562 102 67 cam
1092 1562 174 67 aliorum.
1223 1562 203 67 Substantia
1383 1562 116 67 enim
1455 1562 131 67 prior
1542 1562 102 67 est
1601 1562 116 67 omni
1659 1562 145 67 accunte.

63 1621 150 59 secundum
175 1621 200 59 philosophum.
337 1621 100 59 vii.
399 1621 112 59 Meta.
474 1621 62 59 &
499 1621 87 59 cam
549 1621 112 59 omnis
624 1621 150 59 accntis.
736 1621 75 59 i.
773 1621 162 59 Physicae.
898 1621 150 59 secundum
1010 1621 100 59 quod
1073 1621 75 59 de
1110 1621 87 59 hoc
1160 1621 137 59 amplius
1260 1621 162 59 videbitur
1384 1621 125 59 infra.
1472 1621 100 59 Vnde
1534 1621 150 59 Boethius
1646 1621 112 59 omnem
1709 1621 87 59 ratio

62 1675 102 70 nem
121 1675 247 70 praedicamenti
324 1675 174 70 remouens
455 1675 73 70 a
484 1675 102 70 deo
542 1675 131 70 dicit
629 1675 87 70 de
672 1675 203 70 trinitate.
832 1675 131 70 Decem
919 1675 247 70 praedicamenta
1123 1675 102 70 cum
1181 1675 116 70 quis
1253 1675 87 70 in
1297 1675 160 70 diuinam
1413 1675 145 70 vertit
1515 1675 276 70 praedicationem,
1732 1675 73 70 cum

64 1732 105 65 cta
124 1732 195 65 mutantur.
274 1732 105 65 Nam
333 1732 210 65 substantia
498 1732 90 65 in
543 1732 120 65 illo
618 1732 105 65 non
678 1732 105 65 est
737 1732 120 65 vere
812 1732 224 65 substantia:
992 1732 90 65 sy
1037 1732 135 65 vltra
1127 1732 239 65 substantiam.
1321 1732 120 65 ldem
1396 1732 195 65 quaelitas
1546 1732 105 65 &c.
1605 1732 120 65 Vnde
1680 1732 75 65 &
1695 1732 105 65 Dama.

60 1786 228 62 generaliter
242 1786 182 62 rationem
379 1786 137 62 entis
470 1786 167 62 analogi
592 1786 91 62 ad
637 1786 258 62 praedicamenta
850 1786 167 62 remouet
972 1786 76 62 a
1002 1786 122 62 deo,
1078 1786 152 62 dicens
1185 1786 137 62 libro
1276 1786 91 62 i.
1322 1786 137 62 Nihil
1413 1786 122 62 quae
1489 1786 122 62 sunt
1565 1786 122 62 est:
1641 1786 106 62 non
1702 1786 91 62 vt
1732 1786 76 62 non

62 1834 125 65 ens:
141 1834 110 65 sed
203 1834 94 65 vt
250 1834 141 65 super
345 1834 141 65 omnia
439 1834 125 65 ens:
517 1834 78 65 &
548 1834 141 65 super
643 1834 141 65 ipsum
737 1834 141 65 esse.
831 1834 94 65 Et
878 1834 173 65 Auicen.
1003 1834 141 65 dicit
1097 1834 94 65 in
1144 1834 110 65 ix.
1207 1834 173 65 Metaph.
1333 1834 220 65 Manifestum
1505 1834 110 65 est
1568 1834 141 65 nobis
1662 1834 125 65 quod
1725 1834 78 65 vni

60 1885 198 67 uersitas
209 1885 149 67 habet
308 1885 231 67 principium
490 1885 132 67 quod
573 1885 116 67 est
639 1885 182 67 necesse
771 1885 149 67 esse,
871 1885 116 67 non
937 1885 215 67 contentum
1102 1885 116 67 sub
1168 1885 182 67 genere,
1300 1885 116 67 nec
1367 1885 116 67 sub
1433 1885 265 67 definitione,
1648 1885 116 67 nec
1697 1885 116 67 subie

60 1940 116 67 ctum
132 1940 246 67 demonstratum,
335 1940 145 67 expers
436 1940 232 67 quaelitatis,
625 1940 232 67 quantitatis,
813 1940 72 67 &
842 1940 217 67 quiditatis,
1016 1940 116 67 vbi,
1088 1940 72 67 &
1117 1940 159 67 quando,
1233 1940 72 67 &
1262 1940 145 67 motus.
1363 1940 145 67 Dictam
1465 1940 232 67 differentiam
1653 1940 101 67 rei
1711 1940 116 67 quae

63 1993 128 56 deus
143 1993 128 56 est,
223 1993 80 56 a
255 1993 96 56 re
303 1993 224 56 cuiuslibet
478 1993 272 56 praedicamenti
702 1993 240 56 substantiae
894 1993 80 56 &
926 1993 240 56 accunentis,
1117 1993 192 56 insinuat
1261 1993 192 56 Boethius
1405 1993 112 56 cum
1469 1993 144 56 dicit
1564 1993 96 56 de
1612 1993 144 56 Hebd.
1692 1993 112 56 Diuer

69 2045 98 59 sum
125 2045 98 59 est
181 2045 112 59 esse
250 2045 70 59 &
278 2045 84 59 id
320 2045 112 59 quid
390 2045 112 59 est.
460 2045 98 59 per
515 2045 112 59 esse
585 2045 209 59 intelligens
753 2045 126 59 deum:
836 2045 98 59 per
892 2045 84 59 id
934 2045 112 59 quid
1004 2045 112 59 est,
1074 2045 98 59 rem
1129 2045 237 59 praedicamenti
1325 2045 209 59 substantiae
1492 2045 98 59 vel
1548 2045 209 59 accidentis.
1715 2045 112 59 Vnde

66 2096 156 67 subdit
175 2096 93 67 ad
222 2096 140 67 huius
316 2096 265 67 expositionem.
534 2096 93 67 Id
581 2096 125 67 quod
659 2096 125 67 est,
736 2096 156 67 habere
846 2096 171 67 aliquid
970 2096 171 67 praeter
1095 2096 125 67 quod
1173 2096 140 67 ipsum
1266 2096 109 67 est
1329 2096 171 67 potest.
1453 2096 140 67 ipsum
1547 2096 125 67 vero
1625 2096 125 67 esse
1687 2096 109 67 nihil

55 2162 149 62 aliud
155 2162 182 62 praeter
287 2162 99 62 se
337 2162 149 62 habet
436 2162 215 62 admixtum.
601 2162 99 62 Et
651 2162 182 62 propter
783 2162 265 62 diuersitatem
998 2162 149 62 inter
1097 2162 132 62 quod
1180 2162 116 62 est
1246 2162 248 62 substantiae
1445 2162 83 62 &
1478 2162 248 62 accidentis,
1660 2162 132 62 addit.

57 2208 194 67 Diuersum
202 2208 146 67 tamen
299 2208 113 67 est
364 2208 129 67 esse
445 2208 194 67 aliquid,
591 2208 81 67 &
623 2208 129 67 esse
704 2208 178 67 aliquid
833 2208 97 67 in
882 2208 97 67 eo
930 2208 129 67 quod
1011 2208 129 67 est.
1092 2208 146 67 illic
1189 2208 129 67 enim
1270 2208 210 67 accidens:
1432 2208 113 67 hic
1497 2208 129 67 vero
1578 2208 226 67 substantia
1739 2208 65 67 si

50 2261 276 77 gnificatur.
270 2261 129 77 Per
344 2261 129 77 iam
417 2261 165 77 dicta
528 2261 165 77 patet
638 2261 110 77 in
693 2261 165 77 parte
803 2261 239 77 responsio
987 2261 110 77 ad
1024 2261 184 77 obiecta.

100 2350 117 88 Ad
158 2350 215 88 primum:
314 2350 156 88 quod
412 2350 273 88 substantia
627 2350 98 88 &
666 2350 234 88 accidens
841 2350 234 88 diuidunt
1017 2350 137 88 ens
1095 2350 234 88 secundum
1271 2350 332 88 affirmationem
1544 2350 98 88 &
1564 2350 234 88 negationem

56 2427 152 58 quorum
162 2427 212 58 necessario
329 2427 167 58 alterum
450 2427 167 58 dicitur
572 2427 91 58 de
617 2427 197 58 quolibet:
769 2427 182 58 Dicendum
905 2427 121 58 quod
981 2427 106 58 non
1042 2427 91 58 in
1087 2427 182 58 subiecto
1224 2427 137 58 esse,
1315 2427 152 58 potest
1421 2427 121 58 esse
1497 2427 167 58 negatio
1618 2427 121 58 pura
1679 2427 106 58 circa

64 2476 122 61 esse
140 2476 76 61 &
171 2476 199 61 absoluta.
323 2476 76 61 &
354 2476 199 61 similiter
507 2476 92 61 in
553 2476 183 61 subiecto
690 2476 138 61 esse:
782 2476 122 61 quod
858 2476 168 61 ponitur
980 2476 214 61 affirmatio
1149 2476 92 61 ei
1194 2476 214 61 contraria:
1362 2476 153 61 potest
1469 2476 122 61 esse
1546 2476 183 61 absoluta
1668 2476 107 61 affir

54 2529 165 59 matio.
169 2529 116 59 Sic
235 2529 182 59 negatio
367 2529 132 59 illa
450 2529 165 59 nullam
565 2529 314 59 determinationem
829 2529 149 59 ponit
928 2529 149 59 circa
1027 2529 132 59 esse
1110 2529 198 59 diuisum:
1258 2529 116 59 sed
1324 2529 149 59 solum
1423 2529 165 59 priuat
1539 2529 198 59 rationem
1671 2529 116 59 essen

66 2582 86 60 di
109 2582 86 60 in
152 2582 172 60 subiecto
280 2582 72 60 a
309 2582 114 60 deo.
381 2582 72 60 &
409 2582 100 60 sic
466 2582 157 60 alterum
581 2582 129 60 eorum
667 2582 172 60 convenit
796 2582 114 60 omni
867 2582 100 60 cui
924 2582 172 60 convenit
1053 2582 129 60 ratio
1139 2582 129 60 esse.
1225 2582 86 60 Et
1268 2582 100 60 hoc
1325 2582 114 60 modo
1397 2582 114 60 bene
1468 2582 157 60 dicitur
1583 2582 114 60 quod
1654 2582 114 60 deus
1711 2582 72 60 est

54 2635 110 61 ens
117 2635 110 61 non
180 2635 94 61 in
227 2635 204 61 subiecto:
383 2635 110 61 sed
446 2635 110 61 sic
509 2635 110 61 non
571 2635 125 61 esse
650 2635 94 61 in
697 2635 188 61 subiecto
838 2635 78 61 &
869 2635 125 61 esse
947 2635 94 61 in
994 2635 188 61 subiecto
1135 2635 110 61 non
1198 2635 157 61 cadunt
1307 2635 94 61 in
1354 2635 219 61 diuisionem
1527 2635 141 61 entis
1621 2635 94 61 in
1652 2635 141 61 substam

62 2688 128 60 tiam
142 2688 80 60 &
174 2688 160 60 accns:
286 2688 112 60 sed
349 2688 208 60 inquantum
509 2688 128 60 ambo
589 2688 223 60 radicantur
764 2688 144 60 circa
860 2688 176 60 aliquid
988 2688 208 60 positiuum
1147 2688 112 60 sub
1211 2688 128 60 ipsa
1291 2688 223 60 intentione
1467 2688 160 60 entis:
1578 2688 112 60 quo
1626 2688 160 60 intentio

52 2746 137 63 entis
143 2746 229 63 simpliciter
326 2746 137 63 dicti
417 2746 229 63 deteriatur,
600 2746 91 63 vt
646 2746 152 63 dictum
753 2746 122 63 est.
829 2746 107 63 Non
890 2746 122 63 enim
966 2746 107 63 est
1027 2746 168 63 diuisio
1149 2746 152 63 talis:
1256 2746 152 63 entium
1362 2746 168 63 quoddam
1484 2746 107 63 est
1545 2746 107 63 non
1606 2746 91 63 in
1637 2746 152 63 subiecto

46 2794 215 67 existens:
212 2794 182 67 quoddam
344 2794 116 67 est
410 2794 99 67 in
460 2794 198 67 subiecto
608 2794 215 67 existens.
774 2794 116 67 Sub
840 2794 132 67 tali
923 2794 132 67 enim
1005 2794 215 67 diuisione
1170 2794 149 67 entis
1270 2794 132 67 bene
1352 2794 149 67 cadit
1451 2794 149 67 deus:
1551 2794 132 67 quia
1633 2794 132 67 ipse
1699 2794 83 67 est

61 2851 105 60 ens
121 2851 105 60 non
181 2851 181 60 existens
317 2851 90 60 in
362 2851 196 60 subiecto.
513 2851 105 60 sed
573 2851 105 60 est
633 2851 166 60 diuisio
753 2851 151 60 talis:
859 2851 151 60 entium
964 2851 166 60 quoddam
1085 2851 105 60 est
1145 2851 166 60 aliquid
1265 2851 120 60 quod
1340 2851 105 60 non
1401 2851 105 60 est
1461 2851 90 60 in
1506 2851 196 60 subiecto:
1642 2851 135 60 quoddam

55 2901 126 60 vero
134 2901 111 60 est
197 2901 174 60 aliquid
324 2901 126 60 quod
403 2901 111 60 est
466 2901 95 60 in
513 2901 205 60 subiecto:
671 2901 95 60 vt
719 2901 95 60 ly
766 2901 174 60 aliquid
893 2901 111 60 sit
956 2901 158 60 ipsius
1066 2901 126 60 esse
1145 2901 300 60 determinatiuum.
1398 2901 126 60 Vnde
1477 2901 142 60 Auic.
1572 2901 142 60 ponit
1651 2901 142 60 diuisio

50 2955 111 67 nem
114 2955 143 67 entis
209 2955 95 67 in
256 2955 238 67 substantiam
446 2955 79 67 &
478 2955 143 67 accns
573 2955 111 67 per
636 2955 127 67 hunc
715 2955 158 67 modum.
826 2955 127 67 Esse
905 2955 158 67 duobus
1016 2955 143 67 modis
1111 2955 127 67 est.
1190 2955 127 67 Vnum
1269 2955 111 67 est
1333 2955 111 67 id,
1396 2955 127 67 quod
1475 2955 111 67 cum
1539 2955 111 67 sit
1602 2955 111 67 est
1665 2955 95 67 in
1697 2955 79 67 ali

48 3021 126 54 quo.
127 3021 79 54 &
159 3021 110 54 hoc
222 3021 110 54 est
285 3021 126 54 quod
364 3021 110 54 est
427 3021 95 54 in
474 3021 205 54 subiecto.
632 3021 142 54 Aliud
727 3021 110 54 est
790 3021 126 54 quod
869 3021 126 54 est:
948 3021 110 54 sed
1011 3021 110 54 non
1074 3021 110 54 est
1137 3021 95 54 in
1184 3021 174 54 aliquo.
1311 3021 126 54 Vnde
1390 3021 189 54 notandum
1532 3021 142 54 circa
1626 3021 110 54 hoc
1689 3021 126 54 quod

53 3071 104 58 est
113 3071 119 58 alia
187 3071 134 58 ratio
276 3071 149 58 entis:
380 3071 74 58 &
410 3071 193 58 intentio:
559 3071 104 58 eis
618 3071 178 58 scilicet
752 3071 119 58 quod
826 3071 104 58 est
886 3071 164 58 commune
1005 3071 178 58 analogum
1139 3071 178 58 creatori
1272 3071 74 58 &
1302 3071 208 58 creaturae:
1466 3071 74 58 &
1495 3071 119 58 eius
1570 3071 119 58 quod
1644 3071 104 58 est
1689 3071 89 58 pro-

41 3119 173 64 prium
156 3119 270 64 creaturae:
368 3119 96 64 &
407 3119 231 64 analogum
580 3119 289 64 substantiae
811 3119 96 64 &
850 3119 270 64 accidenti.
1061 3119 135 64 Ens
1138 3119 154 64 enim
1235 3119 231 64 analogum
1408 3119 231 64 creatori
1581 3119 96 64 &
1601 3119 173 64 creatu-

48 3168 148 55 rae:
140 3168 129 55 est
214 3168 129 55 ens
287 3168 295 55 communissime
527 3168 203 55 dictum:
675 3168 92 55 &
712 3168 129 55 sub
786 3168 258 55 intentione
989 3168 314 55 simplicissima
1247 3168 148 55 sine
1339 3168 148 55 omni
1431 3168 240 55 additione
1597 3168 185 55 accepta.

50 3219 120 73 Et
110 3219 261 73 diuiditur
311 3219 140 73 per
391 3219 181 73 puram
511 3219 281 73 negationem
732 3219 100 73 &
772 3219 341 73 affirmationem
1053 3219 160 73 sic.
1153 3219 201 73 Entium
1294 3219 221 73 quoddam
1454 3219 140 73 est
1534 3219 140 73 non
1615 3219 120 73 ab
1655 3219 120 73 alio
