2318 3778
446 313 87 91 ⁋
480 313 192 91 Secundo
620 313 139 91 sic.
707 313 139 91 esse
794 313 122 91 non
864 313 122 91 est
933 313 122 91 per
1003 313 105 91 se
1055 313 139 91 nisi
1143 313 244 91 suppositi.
1334 313 174 91 viuere
1456 313 122 91 per
1526 313 122 91 se,
1596 313 87 91 &
1631 313 157 91 primo
1735 313 122 91 est
1805 313 192 91 animae:
1944 313 139 91 quae
2031 313 122 91 non
2084 313 139 91 subsi-

448 401 132 59 stit
531 401 132 59 nisi
614 401 99 59 in
663 401 231 59 supposito.
845 401 132 59 Vnde
928 401 149 59 dicit
1027 401 264 59 philosophus.
1241 401 99 59 v.
1291 401 182 59 Metaph.
1423 401 132 59 Homo
1506 401 116 59 est
1572 401 149 59 viuus
1671 401 116 59 per
1737 401 116 59 se,
1803 401 132 59 quia
1886 401 149 59 anima
1985 401 116 59 est
2051 401 132 59 vera
2117 401 99 59 pers

445 447 220 71 hominis:
610 447 92 71 &
646 447 110 71 in
701 447 110 71 ea
756 447 128 71 est
829 447 147 71 vita
921 447 183 71 primo.
1049 447 147 71 ergo
1141 447 128 71 &c.
1214 447 92 71 ⁋
1250 447 183 71 Tertio
1379 447 147 71 sic.
1470 447 110 71 in
1525 447 201 71 Christo
1672 447 128 71 per
1745 447 183 71 mortem
1873 447 238 71 corruptum
2056 447 147 71 fuit
2129 447 92 71 vi-

449 491 126 79 uere
528 491 190 79 hominis:
671 491 111 79 sed
734 491 111 79 non
797 491 126 79 esse
876 491 237 79 existentiae
1066 491 142 79 eius:
1161 491 126 79 quia
1240 491 142 79 illud
1335 491 126 79 erat
1414 491 221 79 suppositi,
1588 491 126 79 quod
1667 491 158 79 mansit
1777 491 95 79 in
1825 491 111 79 sua
1888 491 237 79 existentia.
2078 491 126 79 ergo
2141 491 79 79 &c.

448 553 78 76 ⁋
480 553 125 76 Quia
558 553 141 76 autem
652 553 110 76 sit
714 553 141 76 actus
808 553 172 76 secunds
934 553 94 76 vt
981 553 141 76 motus
1074 553 172 76 aliquis
1200 553 94 76 in
1247 553 110 76 re:
1309 553 188 76 arguitur
1450 553 110 76 per
1513 553 94 76 id
1560 553 125 76 quid
1638 553 172 76 dicitur
1763 553 94 76 in
1810 553 125 76 lii.
1888 553 94 76 de
1935 553 125 76 motu
2014 553 172 76 cordis.
2123 553 94 76 Viue

446 602 103 73 re
497 602 120 73 est
566 602 171 73 seipso
685 602 188 73 moueri.
822 602 137 73 ergo
908 602 103 73 si
959 602 171 73 viuere
1079 602 120 73 est
1147 602 188 73 moueri,
1284 602 205 73 sequitur
1438 602 120 73 (vt
1507 602 205 73 videtur)
1661 602 137 73 quod
1746 602 137 73 vita
1832 602 120 73 sit
1900 602 171 73 motus,
2020 602 86 73 a
2037 602 171 73 coniuga-

446 656 152 65 tis.
541 656 171 65 Motus
656 656 171 65 autem
770 656 171 65 actio
884 656 210 65 quaedam
1037 656 133 65 est
1113 656 152 65 siue
1208 656 229 65 operatio
1380 656 248 65 egrediens
1570 656 114 65 ab
1627 656 210 65 agente.
1780 656 152 65 ergo
1875 656 95 65 &
1913 656 152 65 vita
1989 656 229 65 similiter.

451 716 80 70 ⁋
483 716 127 70 ltem
562 716 239 70 philosophus
753 716 143 70 dicit
849 716 95 70 in
896 716 143 70 viii.
992 716 207 70 Physicae.
1151 716 127 70 quod
1230 716 143 70 motus
1326 716 111 70 est
1389 716 127 70 vita
1469 716 239 70 naturaliter
1660 716 270 70 existentibus.
1882 716 143 70 Motus
1978 716 143 70 autem
2073 716 95 70 vt
2105 716 111 70 prius

451 776 117 64 est
518 776 150 64 actio
618 776 134 64 siue
702 776 217 64 operatio,
869 776 134 64 quae
953 776 117 64 non
1020 776 117 64 est
1087 776 234 64 substantia
1271 776 117 64 vel
1337 776 201 64 essentia
1488 776 134 64 rei.
1571 776 134 64 ergo
1655 776 217 64 similiter
1822 776 84 64 &
1839 776 117 64 vita.

448 869 105 72 ⁋
490 869 127 72 Ad
553 869 253 72 sciendum
743 869 169 72 quid
849 869 148 72 sit
933 869 190 72 vita,
1060 869 211 72 primum
1207 869 232 72 oportet
1376 869 190 72 scire
1503 869 253 72 quatuor.
1693 869 211 72 Quorum
1840 869 211 72 primum
1988 869 169 72 est,
2093 869 169 72 quae

451 934 91 57 &
487 934 183 57 qualia
615 934 164 57 entia
725 934 219 57 dicantur
889 934 146 57 esse
980 934 237 57 viuentia.
1163 934 237 57 Secundum,
1346 934 146 57 quid
1437 934 128 57 est
1510 934 201 57 viuere.
1656 934 219 57 Tertium,
1820 934 201 57 quomodo
1966 934 146 57 vita
2058 934 110 57 se
2094 934 128 57 habet

451 990 116 54 ad
509 990 212 54 viuere.
663 990 231 54 Quartum,
836 990 212 54 quomodo
990 990 154 54 vita
1086 990 96 54 &
1125 990 193 54 viuere
1260 990 116 54 se
1318 990 193 54 habent
1452 990 231 54 secundum
1626 990 193 54 gradum
1761 990 96 54 &
1799 990 212 54 ordinem
1953 990 173 54 circa
2050 990 173 54 diuersa

460 1039 227 70 viuentia.
634 1039 122 70 Sed
704 1039 105 70 de
756 1039 122 70 hoc
826 1039 192 70 dicetur
965 1039 105 70 in
1018 1039 209 70 sequenti
1175 1039 262 70 quaestione.
1384 1039 87 70 ⁋
1419 1039 157 70 Circa
1523 1039 174 70 primum
1645 1039 192 70 istorum
1785 1039 209 70 sciendum
1942 1039 140 70 quod
2029 1039 105 70 in
2081 1039 174 70 aliquo

450 1091 258 68 percipimus
653 1091 166 68 actum
763 1091 166 68 vitae
874 1091 129 68 qui
948 1091 129 68 est
1022 1091 203 68 viuere,
1169 1091 92 68 &
1206 1091 111 68 ei
1261 1091 240 68 iudicamus
1446 1091 166 68 vitam
1557 1091 203 68 inesse:
1704 1091 148 68 quia
1797 1091 258 68 percipimus
2000 1091 111 68 in
2055 1091 111 68 eo
2092 1091 129 68 motum

447 1154 133 55 siue
530 1154 249 55 operationem
730 1154 116 55 per
796 1154 183 55 seipsum
929 1154 83 55 &
962 1154 100 55 ex
1012 1154 166 55 seipso
1129 1154 83 55 &
1162 1154 100 55 in
1212 1154 183 55 seipso.
1345 1154 183 55 Propter
1477 1154 133 55 quod
1560 1154 150 55 dicit
1660 1154 249 55 philosophus
1860 1154 100 55 in
1909 1154 216 55 principio
2075 1154 150 55 libri
2159 1154 66 55 de

457 1206 218 61 plantis.
621 1206 146 61 Vita
711 1206 109 61 in
766 1206 255 61 animalibus
966 1206 91 61 &
1002 1206 218 61 plantis.
1166 1206 200 61 inuenta
1312 1206 146 61 est,
1403 1206 109 61 in
1457 1206 255 61 animalibus
1657 1206 236 61 manifesta
1839 1206 236 61 apparens,
2021 1206 109 61 in
2057 1206 164 61 plantis

458 1255 138 63 vero
544 1255 189 63 occulta
681 1255 120 63 non
750 1255 206 63 euidens.
905 1255 86 63 &
940 1255 120 63 hoc
1008 1255 155 63 ideo,
1112 1255 138 63 quia
1198 1255 155 63 opera
1301 1255 155 63 vitae
1404 1255 189 63 propter
1542 1255 138 63 quae
1628 1255 206 63 animalia
1783 1255 241 63 iudicantur
1972 1255 189 63 viuere:
2110 1255 103 63 vt
2161 1255 103 63 in

453 1307 248 68 telligere,
648 1307 213 68 sentire,
808 1307 177 68 moueri
932 1307 213 68 secundum
1091 1307 177 68 locum,
1216 1307 177 68 aperta
1340 1307 142 68 sunt
1428 1307 89 68 &
1464 1307 248 68 manifesta.
1659 1307 160 68 opera
1765 1307 142 68 vero
1854 1307 160 68 vitae
1960 1307 177 68 quibus
2066 1307 160 68 plantae

455 1358 256 65 iudicantur
656 1358 201 65 viuere,
802 1358 201 65 occulta
949 1358 165 65 sunt:
1058 1358 128 65 non
1132 1358 201 65 aperta:
1278 1358 110 65 vt
1333 1358 146 65 sunt
1424 1358 128 65 vti
1497 1358 220 65 alimento
1662 1358 146 65 siue
1753 1358 220 65 nutriri:
1918 1358 91 65 &
1955 1358 274 65 detrimentum
2156 1358 73 65 ha

453 1416 121 65 bere
528 1416 75 65 &
559 1416 211 65 augmentum.
725 1416 121 65 Vnde
800 1416 136 65 dicit
891 1416 226 65 philosophus
1072 1416 166 65 ibidem.
1193 1416 91 65 Ad
1238 1416 136 65 huius
1328 1416 151 65 vitaes
1434 1416 181 65 scilicet
1570 1416 91 65 in
1615 1416 181 65 plantis)
1751 1416 226 65 assertionem
1932 1416 151 65 multum
2038 1416 166 65 necesse
2144 1416 75 65 est

465 1466 268 72 inquisitionem
686 1466 236 72 praecedere.
874 1466 110 72 Non
937 1466 142 72 autem
1032 1466 110 72 per
1095 1466 205 72 huiusmodi
1252 1466 142 72 actus
1347 1466 126 72 tale
1425 1466 110 72 ens
1488 1466 205 72 iudicatur
1646 1466 157 72 viuere
1756 1466 126 72 nisi
1835 1466 126 72 quia
1913 1466 268 72 praesupponunt
2118 1466 110 72 vitam

461 1520 85 67 &
495 1520 186 67 viuere:
630 1520 152 67 cuius
732 1520 135 67 ipsi
816 1520 135 67 sunt
901 1520 152 67 signa
1002 1520 152 67 nobis
1104 1520 237 67 manifesta.
1290 1520 152 67 Quare
1391 1520 118 67 cum
1459 1520 220 67 huiusmodi
1628 1520 152 67 actus
1730 1520 135 67 sunt
1814 1520 152 67 omnes
1916 1520 152 67 actus
2017 1520 186 67 secundi
2152 1520 101 67 in

464 1576 201 65 quolibet
615 1576 201 65 viuente:
766 1576 185 65 necesse
901 1576 118 65 est
968 1576 134 65 quod
1052 1576 168 65 viuere
1169 1576 185 65 ponamus
1304 1576 235 65 praecedere
1488 1576 101 65 in
1539 1576 185 65 viuente
1673 1576 151 65 omnes
1774 1576 151 65 actus
1874 1576 218 65 secundos.
2042 1576 151 65 Quare
2126 1576 84 65 cum

456 1633 106 66 vt
509 1633 159 66 patet
615 1633 106 66 ex
668 1633 141 66 modo
756 1633 282 66 significandi
985 1633 88 66 &
1020 1633 282 66 intelligendi
1249 1633 282 66 significatum
1478 1633 141 66 eius
1566 1633 141 66 quod
1654 1633 123 66 est
1725 1633 194 66 viuere,
1866 1633 159 66 ipsum
1971 1633 247 66 significat
2148 1633 70 66 ra

459 1682 179 60 tionem
584 1682 161 60 actus
692 1682 107 60 vt
745 1682 179 60 agere:
871 1682 89 60 &
907 1682 125 60 non
978 1682 179 60 potest
1103 1682 143 60 esse
1193 1682 161 60 actus
1300 1682 107 60 vt
1354 1682 161 60 agere
1461 1682 233 60 secundus,
1640 1682 107 60 vt
1694 1682 179 60 dictum
1819 1682 143 60 est:
1909 1682 179 60 igitur
2016 1682 215 60 manifestum

453 1736 127 72 est
525 1736 145 72 quod
616 1736 199 72 oportet
761 1736 163 72 ipsum
870 1736 181 72 ponere
997 1736 163 72 actum
1105 1736 109 72 vt
1160 1736 163 72 agere
1268 1736 199 72 primum:
1413 1736 127 72 cum
1486 1736 127 72 non
1558 1736 127 72 sit
1631 1736 181 72 actus:
1758 1736 145 72 quin
1848 1736 127 72 sit
1921 1736 181 72 primus
2048 1736 127 72 aut
2102 1736 127 72 secun

461 1790 142 72 dus.
550 1790 142 72 Vnde
638 1790 142 72 etsi
727 1790 124 72 hoc
798 1790 159 72 nomen
904 1790 177 72 viuere
1028 1790 230 72 aliquando
1205 1790 266 72 transumitur
1417 1790 106 72 ad
1471 1790 301 72 significandum
1718 1790 230 72 huiusmodi
1896 1790 159 72 actum
2002 1790 212 72 secundum
2161 1790 106 72 in

470 1840 211 63 creaturis.
636 1840 181 63 secundum
772 1840 242 63 philosophum.
968 1840 106 63 ii.
1028 1840 91 63 de
1074 1840 151 63 anima,
1179 1840 257 63 Multipliciter
1391 1840 136 63 dicto
1481 1840 121 63 ipso
1557 1840 166 63 viuere:
1678 1840 91 63 si
1723 1840 121 63 vnum
1798 1840 166 63 aliquid
1919 1840 136 63 horum
2010 1840 151 63 insit:
2100 1840 121 63 viuere

474 1896 148 65 ipsum
572 1896 197 65 dicimus,
720 1896 99 65 vt
770 1896 247 65 intellectus
967 1896 164 65 sensus
1082 1896 148 65 motus
1181 1896 197 65 secundum
1329 1896 164 65 locum,
1444 1896 99 65 ad
1493 1896 132 65 haec
1576 1896 82 65 &
1608 1896 148 65 motus
1707 1896 197 65 secundum
1855 1896 230 65 alimentum,
2020 1896 197 65 augmentum-

457 1951 97 65 &
495 1951 311 65 detrimentum:
748 1951 136 65 non
826 1951 175 65 tamen
942 1951 253 65 imponitur
1137 1951 136 65 hoc
1214 1951 175 65 nomen
1331 1951 194 65 viuere
1467 1951 117 65 ad
1525 1951 330 65 significandum
1797 1951 175 65 primo
1914 1951 97 65 &
1934 1951 292 65 principaliter

471 1998 170 65 aliquod
594 1998 186 65 illorum.
734 1998 108 65 Non
796 1998 124 65 enim
873 1998 124 65 illa
950 1998 186 65 dicuntur
1090 1998 124 65 esse
1167 1998 155 65 viuere
1276 1998 186 65 quaedam:
1415 1998 124 65 nisi
1492 1998 124 65 quia
1570 1998 124 65 sunt
1647 1998 139 65 actus
1740 1998 155 65 quidam
1848 1998 186 65 secundi:
1988 1998 108 65 qui
2050 1998 139 65 solum
2143 1998 108 65 ha-

458 2058 133 74 bent
542 2058 133 74 esse
625 2058 100 74 in
675 2058 200 74 viuente,
824 2058 266 74 consequentes
1041 2058 150 74 actum
1141 2058 166 74 primum
1257 2058 116 74 qui
1324 2058 116 74 est
1390 2058 183 74 viuere:
1523 2058 133 74 vnde
1606 2058 100 74 vt
1656 2058 166 74 dictum
1773 2058 133 74 est,
1856 2058 116 74 per
1923 2058 150 74 illos
2022 2058 183 74 tamquam
2139 2058 83 74 per

465 2112 159 70 actus
571 2112 212 70 secundos
730 2112 283 70 manifestatur
960 2112 159 70 nobis
1066 2112 177 70 inesse
1189 2112 159 70 actus
1295 2112 177 70 primus
1419 2112 141 70 quid
1507 2112 124 70 est
1578 2112 194 70 viuere:
1719 2112 159 70 licet
1825 2112 177 70 quidam
1948 2112 194 70 idcirco
2090 2112 124 70 hoc
2143 2112 88 70 opi

462 2163 145 60 nati
552 2163 163 60 sunt:
661 2163 90 60 &
697 2163 127 60 hoc
769 2163 235 60 solummodo
950 2163 108 60 de
1004 2163 145 60 motu
1094 2163 217 60 secundum
1257 2163 181 60 locum:
1384 2163 108 60 ex
1438 2163 127 60 quo
1510 2163 271 60 manifestius
1727 2163 145 60 quam
1817 2163 108 60 ex
1872 2163 145 60 alio
1962 2163 145 60 actu
2052 2163 199 60 secundo

456 2211 186 63 apparet
591 2211 118 63 res
659 2211 135 63 mota
744 2211 102 63 ex
795 2211 102 63 se
845 2211 186 63 viuere.
981 2211 203 63 secundum
1133 2211 135 63 quod
1218 2211 152 63 dicit
1319 2211 135 63 Rabi
1404 2211 169 63 Moyses
1522 2211 118 63 li.
1590 2211 102 63 i.
1641 2211 102 63 c.
1691 2211 135 63 xlv.
1776 2211 118 63 Non
1844 2211 203 63 ascendit
1996 2211 102 63 in
2047 2211 118 63 cor
2098 2211 135 63 gentis

463 2270 111 61 de
518 2270 203 61 ratione
666 2270 166 61 vitae
776 2270 148 61 nisi
869 2270 185 61 motus.
998 2270 92 61 &
1035 2270 222 61 quicquod
1201 2270 129 61 non
1275 2270 203 61 mouetur
1423 2270 148 61 motu
1515 2270 185 61 locali
1644 2270 259 61 voluntario
1848 2270 129 61 non
1922 2270 185 61 viuit:
2051 2270 166 61 licet
2143 2270 74 61 mo

466 2326 121 60 tus
535 2326 121 60 non
604 2326 121 60 sit
673 2326 104 60 de
725 2326 138 60 esse
811 2326 155 60 viui:
915 2326 121 60 sed
984 2326 207 60 accidens
1139 2326 155 60 fixum
1243 2326 104 60 in
1295 2326 121 60 eo.
1364 2326 121 60 Nec
1433 2326 155 60 solum
1536 2326 259 60 transfertur
1744 2326 173 60 viuere
1864 2326 104 60 ad
1916 2326 155 60 illos
2020 2326 155 60 actus
2106 2326 121 60 conse

474 2381 177 61 quentes
603 2381 161 61 vitam:
715 2381 113 61 sed
780 2381 145 61 etiam
876 2381 97 61 ad
925 2381 145 61 actus
1021 2381 80 61 &
1053 2381 145 61 modos
1150 2381 177 61 nostros
1279 2381 257 61 conversandi.
1488 2381 193 61 secundum
1633 2381 129 61 quod
1713 2381 241 61 philosophus
1906 2381 225 61 distinguit
2083 2381 97 61 in
2115 2381 113 61 primo

475 2437 209 63 Ethicorum
636 2437 145 63 vitam
732 2437 257 63 voluptuosam,
941 2437 193 63 actiuam,
1085 2437 80 63 &
1117 2437 305 63 contemplatiuam.
1374 2437 193 63 secundum
1519 2437 145 63 etiam
1615 2437 128 63 quod
1695 2437 209 63 beatitudo
1856 2437 177 63 dicitur
1984 2437 128 63 vita
2064 2437 193 63 quaedam:

472 2486 99 63 &
512 2486 237 63 breuiter
690 2486 178 63 omnis
808 2486 178 63 ritus
927 2486 316 63 conuersandi:
1183 2486 198 63 maxime
1322 2486 138 63 cum
1401 2486 138 63 est
1480 2486 316 63 delectabilis
1736 2486 119 63 in
1796 2486 178 63 modum
1914 2486 237 63 naturae.
2092 2486 158 63 Vnde
2171 2486 59 63 &

472 2543 192 63 econtra
611 2543 139 63 mors
698 2543 192 63 quaedam
838 2543 192 63 dicitur
977 2543 139 63 vita
1064 2543 192 63 misera:
1204 2543 192 63 dicitur
1343 2543 157 63 etiam
1448 2543 139 63 vita
1535 2543 157 63 fides
1639 2543 174 63 iusti:
1761 2543 87 63 &
1796 2543 122 63 ars
1866 2543 105 63 in
1918 2543 209 63 artifice
2075 2543 139 63 quia
2145 2543 87 63 est

478 2595 223 65 principium
653 2595 255 65 artificiati:
860 2595 175 65 dicitur
987 2595 143 65 etiam
1083 2595 127 65 vita
1163 2595 191 65 quaedam:
1306 2595 80 65 &
1338 2595 175 65 plurima
1465 2595 127 65 alia
1545 2595 223 65 huiusmodi:
1720 2595 80 65 &
1751 2595 80 65 a
1783 2595 191 65 quolibet
1927 2595 127 65 modo
2006 2595 143 65 vitae
2086 2595 143 65 dicitur

478 2643 113 76 res
542 2643 178 76 viuere.
672 2643 161 76 Restat
785 2643 129 76 ergo
865 2643 129 76 quod
946 2643 161 76 viuere
1059 2643 113 76 sit
1123 2643 97 76 in
1172 2643 97 76 re
1220 2643 97 76 vt
1269 2643 145 76 actus
1366 2643 161 76 primus
1479 2643 129 76 quid
1559 2643 113 76 est
1624 2643 161 76 agere:
1737 2643 81 76 &
1769 2643 113 76 cum
1834 2643 129 76 ille
1914 2643 113 76 non
1979 2643 113 76 est
2043 2643 129 76 nisi
2108 2643 113 76 ipsum

483 2699 147 58 esse,
581 2699 196 58 sequitur
728 2699 163 58 dictum
842 2699 245 58 philosophi:
1038 2699 131 58 quod
1120 2699 163 58 viuere
1234 2699 98 58 in
1283 2699 229 58 viuentibus
1462 2699 114 58 non
1528 2699 114 58 sit
1593 2699 131 58 nisi
1675 2699 147 58 ipsum
1773 2699 147 58 eorum
1871 2699 147 58 esse.
1969 2699 114 58 non
2034 2699 131 58 quod
2099 2699 131 58 viuere

466 2754 129 68 sit
539 2754 239 68 synonymum
723 2754 129 68 cum
796 2754 165 68 esse:
907 2754 92 68 &
943 2754 184 68 omnino
1072 2754 147 68 idem
1164 2754 110 68 re
1219 2754 92 68 &
1256 2754 221 68 ratione:
1421 2754 147 68 tunc
1513 2754 147 68 enim
1605 2754 147 68 omne
1697 2754 129 68 ens
1771 2754 239 68 diceretur
1954 2754 202 68 viuere:
2101 2754 129 68 sed
2156 2754 74 68 vi

477 2811 138 71 uere
563 2811 155 71 dicit
666 2811 189 71 quendam
804 2811 275 71 determinatum
1028 2811 155 71 modum
1131 2811 207 71 essendi,
1286 2811 120 71 sub
1355 2811 189 71 ratione
1492 2811 207 71 scilicet
1647 2811 189 71 maioris
1785 2811 275 71 perfectionis
2008 2811 138 71 quam
2077 2811 138 71 impor-

476 2865 120 61 tet
544 2865 154 61 ratio
647 2865 188 61 essendi
784 2865 274 61 simpliciter:
1007 2865 86 61 &
1041 2865 120 61 hoc
1109 2865 120 61 tam
1178 2865 103 61 in
1229 2865 120 61 deo
1298 2865 137 61 quam
1383 2865 103 61 in
1435 2865 240 61 creaturis.
1623 2865 120 61 Est
1691 2865 137 61 enim
1777 2865 171 61 viuere
1897 2865 188 61 quoddam
2034 2865 137 61 esse
2102 2865 120 61 nobi-

480 2915 107 70 le
534 2915 231 70 includens
711 2915 107 70 in
765 2915 107 70 se
818 2915 213 70 rationem
978 2915 142 70 esse
1067 2915 285 70 simpliciter:
1298 2915 160 70 sicut
1405 2915 285 70 determinatum
1636 2915 231 70 confusum.
1814 2915 142 70 Vnde
1903 2915 160 70 licet
2010 2915 142 70 esse
2099 2915 107 70 in
2134 2915 89 70 deo

480 2967 228 59 includat
651 2967 209 59 tanquam
804 2967 228 59 confusum
975 2967 209 59 ratione
1127 2967 133 59 sui
1203 2967 209 59 nominis
1355 2967 171 59 omnes
1470 2967 209 59 diuinas
1622 2967 324 59 perfectiones,
1888 2967 114 59 vt
1946 2967 190 59 dictum
2079 2967 133 59 est
2136 2967 95 59 su-

489 3027 154 54 pra,
585 3027 96 54 &
624 3027 174 54 infra
739 3027 212 54 amplius
894 3027 270 54 videbitur:
1106 3027 174 54 ratio
1221 3027 174 54 tamen
1337 3027 212 54 maioris
1491 3027 308 54 perfectionis
1742 3027 270 54 importatur
1954 3027 116 54 in
2012 3027 135 54 deo
2070 3027 154 54 nomine

487 3071 175 78 viuere
610 3071 140 78 quam
698 3071 175 78 nomine
821 3071 158 78 esse:
926 3071 88 78 &
961 3071 210 78 secundum
1119 3071 210 78 rationem
1277 3071 193 78 nostram
1417 3071 298 78 intelligendi:
1663 3071 158 78 etiam
1768 3071 105 78 in
1821 3071 123 78 deo
1891 3071 210 78 rationem
2031 3071 193 78 perfectio

483 3132 115 66 nis
548 3132 197 66 cuiusdam
696 3132 164 66 viuere
812 3132 148 66 addit
910 3132 148 66 super
1009 3132 148 66 esse.
1108 3132 99 66 Et
1157 3132 214 66 differunt
1321 3132 99 66 in
1371 3132 115 66 deo
1437 3132 164 66 viuere
1552 3132 82 66 &
1585 3132 132 66 esse
1667 3132 197 66 secundum
1815 3132 197 66 rationem
1963 3132 181 66 tantum:
2094 3132 99 66 in
2127 3132 99 66 crea

483 3185 150 52 turis
583 3185 134 52 vero
667 3185 200 52 secundum
817 3185 267 52 intentionem.
1034 3185 184 52 Propter
1168 3185 134 52 quod
1251 3185 100 52 in
1301 3185 217 52 creaturis
1468 3185 150 52 libro
1568 3185 100 52 de
1618 3185 167 52 causis
1735 3185 184 52 dicitur
1869 3185 134 52 esse
1952 3185 167 52 haberi
2069 3185 117 52 per
2119 3185 117 52 crea-

475 3240 191 76 tionem:
614 3240 174 76 viuere
736 3240 139 76 vero
823 3240 122 76 per
892 3240 174 76 ipsius
1014 3240 139 76 esse
1101 3240 313 76 informationem:
1362 3240 104 76 eo
1414 3240 139 76 quod
1501 3240 157 76 ratio
1606 3240 139 76 esse
1693 3240 157 76 prima
1797 3240 139 76 est.
1884 3240 104 76 Et
1936 3240 139 76 ideo
2023 3240 191 76 oportet
2145 3240 87 76 eam
