2282 3751
66 272 86 91 se
109 272 173 91 habentem
238 272 86 91 ad
281 272 115 91 esse
353 272 72 91 &
382 272 101 91 non
440 272 129 91 esse.
526 272 115 91 Esse
598 272 115 91 vero
670 272 216 91 existentiae
842 272 101 91 est
900 272 115 91 esse
972 272 86 91 in
1015 272 158 91 effectu
1130 272 201 91 acquisitum
1288 272 201 91 essentiae:
1447 272 72 91 &
1475 272 101 91 hoc
1533 272 101 91 est
1590 272 144 91 duplex
1691 272 173 91 secundum

66 341 208 69 Philosophum
232 341 83 69 in
274 341 97 69 vi.
329 341 125 69 meta.
412 341 111 69 Vnum
481 341 111 69 quod
550 341 152 69 dicitur
661 341 111 69 esse
730 341 97 69 rei
786 341 194 69 diminutum:
938 341 83 69 vt
979 341 97 69 est
1035 341 97 69 rei
1090 341 111 69 esse
1159 341 83 69 in
1201 341 166 69 conceptu
1325 341 138 69 mentis
1422 341 97 69 seu
1477 341 83 69 in
1519 341 138 69 anima,
1616 341 138 69 absque
1712 341 83 69 eo
1754 341 111 69 quod

76 404 117 61 sit
143 404 150 61 extra
243 404 167 61 animam
361 404 134 61 ens,
444 404 100 61 vt
494 404 150 61 dicit
595 404 117 61 ibi
662 404 184 61 Commen.
795 404 184 61 Alterum
929 404 134 61 vero
1013 404 134 61 quid
1096 404 184 61 dicitur
1230 404 134 61 esse
1314 404 117 61 rei
1381 404 167 61 verum,
1498 404 100 61 vt
1548 404 117 61 est
1615 404 134 61 esse
1682 404 150 61 existen

73 456 123 69 tiae
149 456 92 69 in
195 456 92 69 re
241 456 138 69 extra
333 456 168 69 animam.
456 456 77 69 &
486 456 107 69 hoc
547 456 107 69 est
609 456 168 69 duplex.
731 456 168 69 quoddam
854 456 123 69 enim
930 456 107 69 est
992 456 123 69 esse
1068 456 230 69 existentiae
1252 456 230 69 simpliciter
1436 456 168 69 dictum:
1558 456 123 69 quod
1635 456 107 69 est
1696 456 123 69 esse
1757 456 77 69 rei

68 512 144 66 extra
164 512 176 66 animam:
292 512 112 66 sed
356 512 96 66 in
404 512 144 66 alio:
500 512 96 66 vt
548 512 128 66 sunt
628 512 128 66 esse
708 512 192 66 materiae
852 512 80 66 &
884 512 160 66 formae
996 512 96 66 in
1044 512 224 66 composito,
1220 512 176 66 quoddam
1348 512 128 66 vero
1428 512 112 66 est
1492 512 128 66 esse
1572 512 288 66 subsistentiae:

75 569 129 56 quod
155 569 113 56 est
220 569 129 56 esse
300 569 209 56 suppositi
461 569 113 56 rei
525 569 96 56 in
573 569 96 56 se
621 569 273 56 subsistentis.
846 569 96 56 Et
895 569 177 56 praeter
1023 569 145 56 istum
1120 569 145 56 modum
1216 569 129 56 quem
1297 569 113 56 ibi
1361 569 209 56 appellaui
1522 569 129 56 esse
1602 569 257 56 existentiae:

74 619 119 58 quia
149 619 104 58 non
208 619 104 58 est
268 619 179 58 perfecta
402 619 208 58 existentia
565 619 119 58 nisi
640 619 89 58 in
685 619 179 58 perfecta
819 619 223 58 actualitate
997 619 253 58 subsistentiae
1206 619 208 58 suppositi:
1369 619 134 58 omnes
1459 619 134 58 modos
1548 619 164 58 essendi
1652 619 179 58 praeceden-

69 673 101 63 tes
126 673 260 63 comprehendimus
343 673 87 63 in
386 673 188 63 praedicta
530 673 202 63 quaestione
689 673 87 63 de
732 673 173 63 quolibet
862 673 101 63 sub
920 673 115 63 esse
992 673 202 63 essentiae,
1151 673 202 63 appellando
1310 673 115 63 esse
1382 673 188 63 essentiae
1526 673 115 63 omne
1598 673 115 63 esse
1670 673 115 63 quod
1728 673 101 63 conve

72 726 101 53 nit
129 726 159 53 naturae
245 726 101 53 rei
302 726 144 53 absque
403 726 87 53 eo
447 726 115 53 quod
519 726 87 53 in
562 726 87 53 se
605 726 202 53 subsistat,
764 726 159 53 habendo
880 726 173 53 scilicet
1010 726 173 53 secundum
1139 726 87 53 se
1183 726 115 53 esse
1255 726 188 53 perfectum
1399 726 245 53 subsistentiae
1601 726 188 53 actualis.
1731 726 101 53 Mate-

76 778 124 65 ria
147 778 142 65 enim
236 778 89 65 &
271 778 159 65 forma
377 778 106 65 in
430 778 159 65 rebus
537 778 195 65 creatis
678 778 283 65 materialibus
908 778 89 65 &
944 778 248 65 compositis
1139 778 106 65 ex
1192 778 124 65 eis
1262 778 177 65 plenam
1386 778 283 65 actualitatem
1599 778 230 65 existentiae

74 831 109 62 non
137 831 171 62 habent:
261 831 124 62 quia
339 831 93 62 vt
385 831 155 62 partes
494 831 155 62 vnitae
603 831 187 62 existunt
743 831 93 62 in
790 831 140 62 toto:
883 831 78 62 &
914 831 124 62 pars
992 831 93 62 in
1039 831 124 62 toto
1116 831 202 62 inquantum
1272 831 202 62 huiusmodi
1427 831 187 62 potentia
1567 831 140 62 habet
1661 831 124 62 esse
1738 831 109 62 non

64 884 102 63 in
115 884 153 63 actu.
217 884 221 63 Similiter
388 884 85 63 &
422 884 153 63 totum
524 884 238 63 compositum
711 884 102 63 ex
762 884 119 63 eis
830 884 136 63 nisi
915 884 102 63 in
967 884 102 63 se
1018 884 221 63 subsistat
1188 884 119 63 non
1256 884 102 63 in
1307 884 153 63 alio,
1409 884 221 63 persectam
1580 884 204 63 rationem
1716 884 102 63 exi-

67 940 179 67 stentis
197 940 98 67 in
246 940 130 67 actu
327 940 114 67 non
393 940 163 67 habet.
507 940 114 67 per
572 940 114 67 hoc
637 940 130 67 enim
719 940 147 67 habet
816 940 228 67 suppositum
996 940 130 67 esse
1077 940 228 67 distinctum
1257 940 81 67 &
1289 940 212 67 separatum
1452 940 81 67 a
1485 940 196 67 quolibet
1631 940 147 67 alio:
1729 940 81 67 &
1746 940 81 67 sic

71 989 148 60 habet
169 989 197 60 perfecte
317 989 132 60 esse
400 989 99 60 in
449 989 148 60 actu:
548 989 82 60 &
580 989 214 60 perfectam
745 989 263 60 actualitatem
959 989 247 60 existentiae
1156 989 148 60 suae,
1255 989 132 60 quae
1337 989 181 60 dicitur
1469 989 132 60 esse
1551 989 296 60 subsistentiae:

72 1046 135 68 quae
156 1046 269 68 subsistentia
375 1046 236 68 formaliter
560 1046 202 68 conuenit
712 1046 152 68 primo
813 1046 84 68 &
847 1046 118 68 per
914 1046 101 68 se
964 1046 236 68 supposito:
1150 1046 84 68 &
1183 1046 118 68 non
1251 1046 168 68 formae
1368 1046 152 68 neque
1469 1046 202 68 materiae
1621 1046 202 68 convenit
1756 1046 67 68 ni

78 1098 94 58 si
125 1098 110 58 per
188 1098 110 58 hoc
251 1098 126 58 quod
330 1098 126 58 sunt
408 1098 94 58 in
456 1098 220 58 supposito:
628 1098 110 58 sed
691 1098 141 58 tamen
786 1098 110 58 non
848 1098 189 58 convenit
990 1098 204 58 composito
1147 1098 126 58 nisi
1226 1098 110 58 per
1289 1098 157 58 formam
1399 1098 220 58 effectiue.
1572 1098 141 58 Eorma
1666 1098 126 58 enim
1729 1098 94 58 quia

76 1150 104 63 est
136 1150 164 63 tanquam
255 1150 179 63 essentia
389 1150 208 63 perfectior
552 1150 149 63 habens
656 1150 119 63 esse
731 1150 223 63 existentiae
909 1150 208 63 perfectius
1073 1150 119 63 quam
1147 1150 179 63 materia,
1281 1150 134 63 illud
1371 1150 134 63 habet
1460 1150 134 63 primo
1549 1150 74 63 &
1579 1150 104 63 per
1638 1150 89 63 se
1683 1150 119 63 sibi
1743 1150 74 63 com

64 1211 267 62 municatum:
274 1211 95 62 &
312 1211 210 62 secundo
465 1211 267 62 communicat
674 1211 172 62 ipsum
789 1211 248 62 composito
980 1211 153 62 suo:
1075 1211 95 62 &
1113 1211 191 62 tertio
1247 1211 114 62 in
1304 1211 248 62 composito
1495 1211 267 62 communicat
1685 1211 134 62 ipsum

76 1261 191 57 materiae
219 1261 175 57 tanquam
347 1261 143 57 actus
442 1261 80 57 &
474 1261 207 57 perfectio
633 1261 223 57 vtriusque.
809 1261 80 57 &
840 1261 111 57 est
904 1261 127 57 vnum
984 1261 80 57 &
1016 1261 127 57 idem
1095 1261 143 57 esse,
1191 1261 96 57 vt
1239 1261 111 57 est
1302 1261 207 57 suppositi
1462 1261 80 57 &
1493 1261 159 57 formae
1605 1261 80 57 &
1621 1261 159 57 materiae

82 1306 173 63 formam,
208 1306 204 63 differens
365 1306 126 63 sola
444 1306 189 63 ratione.
585 1306 157 63 Cumque
696 1306 204 63 huiusmodi
853 1306 142 63 forma
947 1306 173 63 nobilis
1073 1306 110 63 sit
1136 1306 94 63 in
1183 1306 142 63 gradu
1277 1306 236 63 nobilitatis
1466 1306 204 63 essentiae
1608 1306 204 63 determinato

86 1367 133 64 alias
175 1367 192 64 excedens,
322 1367 118 64 tunc
396 1367 118 64 esse
470 1367 192 64 simplicis
617 1367 221 64 existentiae
794 1367 147 64 nobile
897 1367 177 64 sequitur
1030 1367 177 64 rationem
1162 1367 192 64 huiusmodi
1310 1367 192 64 essentiae
1457 1367 177 64 nobilis:
1590 1367 74 64 &
1619 1367 118 64 tunc
1693 1367 118 64 esse
1752 1367 59 64 hu

81 1413 194 73 iusmodi
223 1413 124 73 est
293 1413 176 73 viuere
417 1413 212 73 quoddam,
576 1413 124 73 quo
646 1413 141 73 ipsa
734 1413 159 73 forma
840 1413 159 73 primo
946 1413 265 73 participat,
1158 1413 88 73 &
1193 1413 159 73 ipsum
1299 1413 247 73 communicat
1493 1413 229 73 composito
1670 1413 88 73 &
1687 1413 124 73 suppo

72 1472 118 66 sito
146 1472 74 66 &
176 1472 177 66 materiae
308 1472 89 66 in
353 1472 133 66 ipso,
441 1472 89 66 vt
486 1472 162 66 propter
604 1472 148 66 viuere
707 1472 148 66 formae
810 1472 118 66 quod
884 1472 103 66 est
943 1472 118 66 eius
1017 1472 133 66 esse,
1105 1472 118 66 illa
1179 1472 177 66 dicantur
1312 1472 148 66 viuere
1415 1472 74 66 &
1445 1472 133 66 esse:
1534 1472 103 66 ita
1593 1472 133 66 tamen
1681 1472 118 66 quod
1740 1472 74 66 vi-

72 1526 117 65 uere
146 1526 73 65 &
175 1526 117 65 esse
249 1526 191 65 huiusmodi
395 1526 191 65 inquantum
542 1526 117 65 sunt
616 1526 73 65 a
645 1526 132 65 forma
733 1526 88 65 in
777 1526 206 65 supposito,
939 1526 176 65 dicuntur
1071 1526 117 65 esse
1144 1526 73 65 &
1174 1526 147 65 viuere
1276 1526 176 65 actualis
1409 1526 264 65 subsistentiae:
1629 1526 117 65 quae
1688 1526 117 65 solius

77 1573 201 61 suppositi
231 1573 108 61 per
293 1573 93 61 se
340 1573 124 61 sunt
417 1573 77 61 &
448 1573 155 61 primo,
556 1573 77 61 &
587 1573 108 61 non
649 1573 170 61 formae,
773 1573 108 61 vel
835 1573 217 61 compositi,
1005 1573 108 61 aut
1067 1573 201 61 materiae,
1222 1573 124 61 nisi
1299 1573 93 61 vt
1346 1573 217 61 subsistunt
1516 1573 93 61 in
1562 1573 217 61 supposito.
1717 1573 93 61 Vnde

81 1631 122 58 esse
157 1631 76 58 &
187 1631 152 58 viuere
294 1631 122 58 tale
370 1631 91 58 in
416 1631 107 58 vno
477 1631 107 58 non
537 1631 107 58 est
598 1631 122 58 nisi
674 1631 137 58 vnum,
766 1631 122 58 quid
842 1631 107 58 est
903 1631 259 58 principaliter
1116 1631 213 58 suppositi,
1283 1631 76 58 &
1314 1631 213 58 secundario
1481 1631 228 58 existentium
1664 1631 91 58 in
1694 1631 122 58 suppo-

87 1681 131 61 sito.
175 1681 116 61 Esse
247 1681 131 61 autem
334 1681 189 61 simplicis
479 1681 218 61 existentiae
654 1681 145 61 duplex
755 1681 116 61 est.
828 1681 116 61 vnum
900 1681 189 61 materiae,
1046 1681 116 61 quod
1118 1681 102 61 est
1176 1681 218 61 potentiale:
1350 1681 160 61 alterum
1467 1681 160 61 formae,
1583 1681 116 61 quod
1655 1681 102 61 est
1699 1681 116 61 actua-

78 1729 113 64 se.
142 1729 113 64 Per
207 1729 113 64 iam
272 1729 178 64 narrata
401 1729 178 64 apparet
530 1729 162 64 statim
643 1729 210 64 responsio
805 1729 97 64 ad
854 1729 145 64 illud
951 1729 129 64 quod
1031 1729 194 64 dicitur,
1177 1729 129 64 quod
1258 1729 97 64 in
1306 1729 145 64 anima
1403 1729 113 64 est
1468 1729 129 64 vita
1548 1729 162 64 primo.
1662 1729 113 64 hoc
1710 1729 97 64 enim

92 1793 151 59 verum
193 1793 135 59 est:
277 1793 135 59 quia
361 1793 101 59 in
412 1793 135 59 ipsa
496 1793 151 59 primo
597 1793 118 59 est
664 1793 135 59 esse
749 1793 219 59 simplicis
917 1793 269 59 existentiae,
1136 1793 118 59 quo
1203 1793 236 59 suppositum
1388 1793 118 59 est
1456 1793 151 59 natum
1557 1793 236 59 subsistere
1742 1793 101 59 in

87 1837 125 63 actu
166 1837 204 63 perfecto:
322 1837 78 63 &
354 1837 110 63 ita
416 1837 204 63 similiter
573 1837 125 63 vita
651 1837 219 63 respondens
823 1837 125 63 illi
902 1837 125 63 esse
980 1837 125 63 quod
1058 1837 141 63 habet
1152 1837 141 63 anima
1246 1837 219 63 formaliter
1418 1837 125 63 sibi
1497 1837 251 63 participatum
1700 1837 94 63 in
1732 1837 78 63 rea

72 1892 97 63 li
120 1892 225 63 existentia
297 1892 129 63 suae
378 1892 225 63 essentiae.
555 1892 97 63 Et
603 1892 113 63 cum
667 1892 209 63 assumitur
828 1892 129 63 quod
909 1892 113 63 non
973 1892 113 63 est
1038 1892 129 63 esse
1118 1892 129 63 nisi
1198 1892 225 63 suppositi:
1375 1892 145 63 illud
1472 1892 145 63 verum
1569 1892 113 63 est
1633 1892 209 63 solummodo

88 1948 92 58 de
134 1948 184 58 perfecto
271 1948 122 58 esse
348 1948 92 58 in
394 1948 184 58 persecta
531 1948 168 58 actuali
654 1948 229 58 existentia,
837 1948 122 58 quae
914 1948 107 58 non
975 1948 107 58 est
1036 1948 107 58 per
1097 1948 92 58 se
1143 1948 122 58 nisi
1220 1948 214 58 suppositi,
1388 1948 76 58 &
1419 1948 107 58 per
1480 1948 138 58 ipsum
1572 1948 138 58 eorum
1663 1948 122 58 quae
1725 1948 76 58 con

73 2004 166 65 tinentur
198 2004 97 65 sub
253 2004 152 65 ratione
364 2004 194 65 suppositi.
516 2004 69 65 &
544 2004 97 65 sic
599 2004 111 65 vita
668 2004 111 65 quae
737 2004 138 65 animae
834 2004 125 65 inest
917 2004 138 65 primo,
1014 2004 97 65 non
1070 2004 97 65 est
1125 2004 111 65 nisi
1194 2004 125 65 ipsum
1277 2004 111 65 esse
1346 2004 208 65 existentiae
1512 2004 111 65 eius
1582 2004 194 65 simplicis:
1720 2004 83 65 quae

88 2057 112 52 vero
158 2057 125 52 inest
241 2057 112 52 ipsi
311 2057 181 52 supposito
451 2057 125 52 primo
534 2057 98 52 est
590 2057 112 52 esse
660 2057 251 52 subsistentiae:
869 2057 153 52 quamuis
980 2057 112 52 idem
1050 2057 112 52 sunt
1120 2057 98 52 re.
1176 2057 84 52 Et
1217 2057 98 52 sic
1273 2057 125 52 patet
1357 2057 112 52 quod
1427 2057 98 52 non
1482 2057 167 52 sequitur
1608 2057 112 52 quod
1678 2057 98 52 sit
1719 2057 98 52 essen

81 2104 119 65 tiae
156 2104 164 65 ipsius.
305 2104 104 65 Per
364 2104 104 65 hoc
424 2104 134 65 patet
513 2104 89 65 ad
558 2104 134 65 aliud
647 2104 194 65 responsio
797 2104 89 65 in
841 2104 149 65 parte:
946 2104 164 65 Dicendo
1065 2104 119 65 quod
1139 2104 104 65 cum
1199 2104 89 65 in
1244 2104 164 65 Christo
1363 2104 104 65 sit
1422 2104 149 65 duplex
1527 2104 149 65 natura
1631 2104 149 65 vnita,
1721 2104 89 65 diui

82 2164 100 58 na.
139 2164 172 58 scilicet
268 2164 72 58 &
297 2164 143 58 humana
397 2164 86 58 in
440 2164 158 58 vnitate
555 2164 201 58 suppositi,
713 2164 172 58 secundum
842 2164 172 58 duplicem
971 2164 158 58 naturam
1086 2164 100 58 est
1143 2164 86 58 in
1186 2164 86 58 eo
1229 2164 143 58 duplex
1330 2164 115 58 esse
1401 2164 230 58 existentiae:
1588 2164 115 58 quod
1660 2164 86 58 in
1688 2164 115 58 praeno

85 2206 146 66 minata
187 2206 218 66 quaestionem
362 2206 87 66 de
406 2206 175 66 quolibet
537 2206 233 66 appellauimus
726 2206 116 66 esse
799 2206 204 66 essentiae:
959 2206 73 66 &
988 2206 146 66 vnicum
1090 2206 116 66 esse
1163 2206 262 66 subsistentiae:
1381 2206 116 66 quod
1454 2206 102 66 non
1512 2206 175 66 convenit
1643 2206 160 66 naturis
1745 2206 58 66 in

80 2271 151 57 quantum
190 2271 192 57 huiusmodi,
341 2271 110 57 nisi
410 2271 151 57 ratione
520 2271 96 57 qua
575 2271 137 57 habent
671 2271 110 57 esse
740 2271 82 57 in
781 2271 192 57 supposito.
932 2271 110 57 Quod
1001 2271 137 57 quidem
1097 2271 110 57 esse
1166 2271 234 57 subsistentiae
1358 2271 179 57 suppositi
1496 2271 165 57 Christi:
1620 2271 124 57 licet
1702 2271 96 57 sit
1757 2271 82 57 ad

82 2321 138 59 aliud
174 2321 123 59 esse
251 2321 154 59 (nihil
358 2321 123 59 enim
435 2321 138 59 forte
528 2321 92 59 in
574 2321 108 59 deo
635 2321 200 59 subsistit
789 2321 123 59 nisi
866 2321 92 59 vt
912 2321 92 59 ad
958 2321 185 59 aliquid,
1097 2321 108 59 non
1158 2321 92 59 vt
1204 2321 169 59 aliquod
1327 2321 215 59 absolutum)
1496 2321 138 59 tamen
1589 2321 123 59 esse
1650 2321 154 59 existen-

74 2376 121 58 tiae
150 2376 121 58 quod
226 2376 106 58 est
286 2376 197 58 absolutum
438 2376 152 58 formae
545 2376 121 58 siue
621 2376 197 58 essentiae
772 2376 167 58 diuinae
894 2376 91 58 in
939 2376 182 58 Christo,
1076 2376 121 58 ipsa
1152 2376 182 58 essentia
1289 2376 152 58 diuina
1395 2376 167 58 tanquam
1516 2376 228 58 principalis
1699 2376 76 58 &
1714 2376 91 58 for-

74 2426 156 69 malis
178 2426 87 69 &
213 2426 208 69 actualis
369 2426 104 69 in
421 2426 139 69 ipso
508 2426 226 69 supposito
682 2426 139 69 illi
769 2426 243 69 communicat
960 2426 122 69 sub
1029 2426 191 69 ratione
1168 2426 295 69 subsistentiae
1411 2426 104 69 vt
1464 2426 122 69 sit
1533 2426 191 69 diuinum
1655 2426 156 69 supposi

70 2481 139 55 tum:
156 2481 87 55 &
191 2481 104 55 in
243 2481 139 55 ipso
330 2481 226 55 supposito
504 2481 139 55 idem
591 2481 139 55 esse
678 2481 295 55 subsistentiae
921 2481 243 55 communicat
1112 2481 139 55 ipsi
1199 2481 191 55 naturae
1338 2481 208 55 humanae,
1494 2481 104 55 vt
1546 2481 208 55 Christus
1703 2481 87 55 &
1720 2481 87 55 sit

70 2535 89 56 &
106 2535 196 56 dicatur
249 2535 143 56 vere
338 2535 143 56 homo
427 2535 214 56 diuinus.
588 2535 161 56 Istud
695 2535 161 56 autem
802 2535 143 56 esse
891 2535 107 56 vt
945 2535 125 56 est
1016 2535 286 56 communicatum
1248 2535 232 56 supposito
1426 2535 196 56 dicitur
1569 2535 107 56 in
1623 2535 143 56 ipso
1694 2535 107 56 esse

70 2583 317 57 subsistentiae:
334 2583 141 57 quod
422 2583 229 57 inquantum
598 2583 229 57 huiusmodi
774 2583 158 57 primo
880 2583 88 57 &
915 2583 123 57 per
985 2583 106 57 se
1038 2583 211 57 conuenit
1196 2583 141 57 soli
1284 2583 246 57 supposito:
1478 2583 106 57 et
1531 2583 246 57 secundario
1706 2583 106 57 natu

74 2633 119 61 ris
142 2633 272 61 existentibus
363 2633 102 61 in
414 2633 119 61 eo.
482 2633 102 61 Et
533 2633 119 61 sit
601 2633 170 61 istius
720 2633 136 61 esse
805 2633 272 61 communicatio
1027 2633 102 61 in
1078 2633 187 61 Christo
1214 2633 221 61 supposito
1384 2633 102 61 et
1435 2633 187 61 humanae
1571 2633 187 61 naturae
1707 2633 85 61 a
1724 2633 85 61 na-

72 2685 146 69 tura
163 2685 182 69 diuina
290 2685 273 69 quodammodo:
509 2685 273 69 quemadmodum
727 2685 164 69 forma
836 2685 237 69 naturalis
1018 2685 109 69 in
1073 2685 237 69 composito
1255 2685 146 69 esse
1346 2685 273 69 existentiae
1564 2685 146 69 suae
1637 2685 164 69 communi

73 2748 101 65 cat
130 2748 188 65 composito
275 2748 101 65 sub
333 2748 159 65 ratione
449 2748 261 65 subsistentiae,
666 2748 116 65 quod
739 2748 145 65 quidem
840 2748 116 65 esse
913 2748 246 65 subsistentiae
1115 2748 101 65 est
1173 2748 101 65 sub
1231 2748 159 65 ratione
1347 2748 246 65 subsistentiae
1550 2748 87 65 ab
1593 2748 116 65 ipso
1651 2748 145 65 supposi-

72 2789 98 75 to
121 2789 261 75 communicatur
333 2789 163 75 formae
448 2789 98 75 vt
497 2789 180 75 existit
627 2789 98 75 in
676 2789 229 75 supposito,
856 2789 98 75 et
905 2789 212 75 similiter
1069 2789 212 75 materiae.
1232 2789 131 75 Vnde
1314 2789 180 75 dicitur
1444 2789 98 75 in
1493 2789 196 75 symbolo.
1641 2789 147 75 Sicut
1722 2789 82 75 ani

71 2852 101 59 ma
122 2852 236 59 rationalis
307 2852 101 59 et
358 2852 135 59 caro
442 2852 135 59 vnus
526 2852 118 59 est
594 2852 152 59 homo:
695 2852 118 59 ita
762 2852 135 59 deus
847 2852 101 59 et
897 2852 135 59 homo
982 2852 135 59 vnus
1066 2852 118 59 est
1133 2852 236 59 Christius.
1319 2852 118 59 Nec
1386 2852 118 59 est
1454 2852 185 59 planior
1589 2852 236 59 similitudo

75 2905 186 61 vnionis
210 2905 237 61 diuersarum
396 2905 220 61 naturarum
565 2905 101 61 in
616 2905 186 61 Christo
751 2905 118 61 sub
819 2905 186 61 vnitate
954 2905 220 61 personae,
1123 2905 135 61 quam
1207 2905 118 61 sit
1275 2905 237 61 diuersarum
1461 2905 220 61 naturarum
1630 2905 101 61 in
1664 2905 135 61 homine

67 2957 116 54 quae
139 2957 130 54 tamen
226 2957 87 54 in
269 2957 101 54 hoc
327 2957 174 54 deficit:
457 2957 116 54 quod
529 2957 145 54 deitas
631 2957 130 54 verbi
718 2957 159 54 naturae
833 2957 159 54 humanae
949 2957 87 54 in
992 2957 159 54 Christo
1108 2957 188 54 coniuncta
1253 2957 101 54 non
1311 2957 101 54 est
1368 2957 101 54 sub
1426 2957 159 54 ratione
1542 2957 231 54 informantis:
1716 2957 72 54 est

75 3010 131 71 tamen
163 3010 88 71 ei
207 3010 190 71 coniuncta
353 3010 117 71 modo
426 3010 248 71 excellentiori
630 3010 219 71 ineffabilis
806 3010 175 71 vnionis,
937 3010 161 71 quantum
1054 3010 219 71 simplicitas
1229 3010 161 71 diuinae
1346 3010 190 71 essentiae
1492 3010 117 71 plus
1565 3010 175 71 penetrat
1682 3010 117 71 intima

73 3065 190 54 creaturae
219 3065 117 54 quam
292 3065 204 54 quaecumque
453 3065 131 54 forma
540 3065 190 54 naturalis
686 3065 175 54 subitrat
817 3065 190 54 materiam.
963 3065 102 54 Nec
1022 3065 131 54 etiam
1109 3065 102 54 est
1168 3065 204 54 diuersitas
1328 3065 146 54 hicide
1430 3065 88 54 in
1474 3065 190 54 conicando
1620 3065 131 54 ipsum
1693 3065 102 54 esse:

67 3108 86 71 vt
110 3108 143 71 dictum
209 3108 114 71 est:
281 3108 114 71 nisi
352 3108 114 71 quod
424 3108 128 71 forma
509 3108 186 71 naturalis
652 3108 186 71 conicando
795 3108 114 71 suum
866 3108 114 71 esse
938 3108 186 71 composito
1080 3108 186 71 distiguit
1223 3108 128 71 ipsum
1309 3108 86 71 ab
1351 3108 128 71 alio:
1437 3108 86 71 et
1480 3108 100 71 ita
1537 3108 100 71 dat
1594 3108 86 71 ei
1637 3108 114 71 esse
1694 3108 100 71 subsi

75 3165 173 80 stentiae
204 3165 231 80 constituendo
392 3165 130 80 ipsum
479 3165 202 80 suppositum
638 3165 130 80 forma
724 3165 115 80 vero
796 3165 115 80 quae
869 3165 101 80 est
926 3165 173 80 essentia
1056 3165 159 80 diuina,
1172 3165 188 80 conicando
1316 3165 115 80 suum
1388 3165 115 80 esse
1461 3165 188 80 supposito
1605 3165 101 80 non
1648 3165 159 80 distiguit
