2324 3747
102 288 236 91 nascentis
283 288 163 91 sorte
392 288 236 91 sumantur.
574 288 109 91 In
628 288 145 91 quam
719 288 254 91 sententiam
918 288 200 91 incidit
1064 288 163 91 error
1173 288 290 91 Manichaeorum
1408 288 236 91 dicentium
1590 288 181 91 omnium
1699 288 145 91 corpo-

104 352 108 76 ra
158 352 144 76 esse
248 352 90 76 a
284 352 126 76 deo
356 352 144 76 malo
447 352 270 76 tenebrarum,
663 352 126 76 qui
735 352 126 76 cum
807 352 180 76 luctam
933 352 180 76 habuit
1060 352 126 76 cum
1132 352 126 76 deo
1204 352 180 76 lucis,
1330 352 108 76 in
1384 352 162 76 bello
1492 352 234 76 commixtae
1673 352 144 76 sunt
1745 352 90 76 par

101 412 125 62 tes
173 412 125 62 dei
244 412 161 62 lucis
351 412 125 62 cum
423 412 197 62 omnibus
566 412 161 62 rebus
673 412 304 62 corporalibus.
923 412 143 62 Vnde
1012 412 89 62 &
1048 412 214 62 dicebant
1209 412 197 62 omnibus
1352 412 161 62 vitam
1459 412 179 62 inesse
1584 412 107 62 ex
1620 412 214 62 commixtio-

105 457 95 80 ne
153 457 206 80 portionis
312 457 175 80 diuinae
439 457 238 80 substantiae
629 457 111 80 cum
693 457 127 80 eis.
772 457 175 80 Propter
899 457 127 80 quod
979 457 79 80 &
1010 457 191 80 dicebant
1153 457 159 80 nullum
1264 457 206 80 virgultum
1423 457 206 80 carpendum
1582 457 143 80 esse,
1677 457 143 80 neque
1757 457 79 80 ani

97 520 136 57 mal:
182 520 187 57 aliquod
318 520 255 57 occidendum,
522 520 102 57 ne
573 520 170 57 diuina
692 520 170 57 portio
811 520 221 57 oecidatur
981 520 119 57 vel
1049 520 255 57 contingatur
1253 520 102 57 in
1304 520 153 57 illo:
1406 520 85 57 &
1440 520 136 57 alia
1525 520 187 57 absurda
1661 520 136 57 quam
1729 520 102 57 plu-

91 573 144 66 rima.
187 573 192 66 secundum
331 573 128 66 quod
411 573 176 66 recitat
539 573 224 66 Augustinus
715 573 96 66 in
763 573 144 66 libro
859 573 160 66 contra
971 573 208 66 epistolam
1130 573 160 66 funda.
1242 573 128 66 Vnde
1322 573 128 66 quia
1402 573 144 66 forma
1498 573 96 66 in
1546 573 208 66 vnoquoque
1706 573 112 66 est
1754 573 96 66 prin

91 627 170 76 cipium
210 627 204 76 essendi,
363 627 102 76 ex
414 627 119 76 iam
482 627 153 76 dicta
583 627 204 76 opinione
736 627 170 76 oritur
855 627 170 76 opinio
974 627 238 76 dicentium,
1161 627 136 76 quod
1246 627 136 76 esse
1331 627 119 76 dei
1399 627 119 76 est
1466 627 136 76 esse
1551 627 187 76 formale
1670 627 170 76 cuiusli-

95 672 122 85 bet
164 672 174 85 entis:
286 672 87 85 &
321 672 122 85 cum
390 672 139 85 esse
477 672 122 85 dei
547 672 122 85 est
616 672 139 85 ipse
703 672 156 85 deus,
807 672 104 85 vt
860 672 191 85 habitum
999 672 122 85 est
1068 672 174 85 supra,
1190 672 209 85 vlterius
1346 672 104 85 ex
1398 672 122 85 hoc
1468 672 243 85 consecutus
1659 672 122 85 est
1711 672 122 85 error

96 720 288 83 idololatriae
330 720 216 83 hominum,
492 720 234 83 putantium
671 720 144 83 quod
761 720 162 83 totus
869 720 180 83 mundus
995 720 90 83 &
1031 720 234 83 quaelibet
1211 720 144 83 pars
1301 720 162 83 mundi
1409 720 144 83 deus
1498 720 144 83 est.
1588 720 144 83 Vnde
1678 720 90 83 &
1696 720 144 83 diuer-

87 784 110 63 si
142 784 220 63 diuersis
307 784 220 63 partibus
472 784 165 63 mundi
582 784 184 63 cultum
711 784 202 63 diuinum
858 784 275 63 exhibebant.
1078 784 220 63 secundum
1243 784 147 63 quod
1335 784 275 63 diuersimode
1556 784 202 63 diuersi
1702 784 110 63 in
1739 784 92 63 eis

89 831 235 62 aestimabant
277 831 235 62 praecellere
465 831 172 62 diuinum
590 831 141 62 esse.
684 831 188 62 secundum
825 831 125 62 quod
904 831 204 62 recitatur
1060 831 219 62 Augustinus
1232 831 78 62 i
1264 831 94 62 de
1311 831 141 62 doct.
1405 831 204 62 Christia.
1561 831 94 62 Et
1608 831 110 62 est
1671 831 110 62 hic
1718 831 125 62 aduer-

89 885 178 71 tendum:
219 885 130 71 quod
300 885 146 71 licet
397 885 227 71 causaliter
576 885 97 71 ex
624 885 97 71 eo
673 885 130 71 quod
754 885 130 71 deus
835 885 178 71 ponitur
965 885 130 71 esse
1046 885 227 71 principium
1224 885 178 71 formale
1354 885 178 71 omnium,
1484 885 243 71 consequitur
1679 885 130 71 quod
1744 885 97 71 esse

92 943 117 62 dei
159 943 117 62 sit
226 943 133 62 esse
309 943 167 62 omnium
426 943 200 62 aliorum,
576 943 83 62 &
609 943 200 62 vlterius
759 943 133 62 quod
842 943 150 62 omnia
942 943 133 62 sunt
1026 943 150 62 quasi
1126 943 167 62 portio
1243 943 183 62 quaedam
1376 943 167 62 diuini
1493 943 133 62 esse
1576 943 100 62 vt
1626 943 167 62 dictum
1726 943 100 62 est:

92 997 208 59 deceptio
248 997 156 59 tamen
352 997 156 59 circa
456 997 208 59 vtrumque
613 997 156 59 eorum
717 997 156 59 ortum
821 997 174 59 habuit
942 997 156 59 circa
1047 997 139 59 esse
1133 997 122 59 dei
1203 997 87 59 &
1238 997 243 59 creaturae,
1429 997 208 59 credendo
1585 997 208 59 scilicet
1724 997 104 59 esse

78 1057 123 69 dei
149 1057 141 69 fore
237 1057 141 69 esse
324 1057 193 69 formale
465 1057 246 69 cuiuslibet
658 1057 246 69 creaturae.
851 1057 123 69 Cum
922 1057 141 69 enim
1009 1057 211 69 videbant
1168 1057 123 69 rem
1238 1057 246 69 quancunque
1431 1057 246 69 denominari
1624 1057 141 69 esse
1694 1057 141 69 simpli

85 1108 166 57 citer,
201 1108 83 57 &
235 1108 133 57 esse
317 1108 133 57 tale
400 1108 116 57 vel
467 1108 149 57 tale,
566 1108 99 57 vt
616 1108 182 57 hominem
749 1108 116 57 vel
815 1108 166 57 album,
931 1108 149 57 sicut
1030 1108 133 57 esse
1113 1108 133 57 tale
1196 1108 249 57 attribuitur
1395 1108 99 57 ei
1445 1108 99 57 ab
1494 1108 199 57 entitate
1644 1108 133 57 tali
1727 1108 133 57 quae

79 1154 117 68 est
146 1154 100 68 in
196 1154 117 68 ea,
263 1154 100 68 vt
313 1154 250 68 humanitatis
512 1154 117 68 vel
579 1154 233 68 albedinis,
762 1154 117 68 sic
829 1154 83 68 &
862 1154 133 68 esse
945 1154 250 68 simpliciter
1145 1154 200 68 dicebant
1295 1154 100 68 ei
1345 1154 200 68 attribui
1495 1154 100 68 ab
1545 1154 200 68 entitate
1695 1154 167 68 aliqua

87 1214 261 70 simpliciter
296 1214 139 70 quae
383 1214 122 70 est
452 1214 104 70 in
505 1214 122 70 ea.
574 1214 157 70 Quare
679 1214 122 70 cum
748 1214 192 70 entitas
888 1214 261 70 simpliciter
1097 1214 157 70 nullo
1201 1214 261 70 determinata
1410 1214 122 70 aut
1480 1214 261 70 specificata
1689 1214 122 70 non
1741 1214 87 70 con

89 1268 149 68 uenit
189 1268 133 68 nisi
272 1268 183 68 diuinae
405 1268 216 68 entitati,
571 1268 100 68 vt
620 1268 183 68 habitum
753 1268 116 68 est
820 1268 166 68 supra:
936 1268 216 68 credebant
1102 1268 166 68 igitur
1218 1268 133 68 quod
1301 1268 166 68 diuina
1417 1268 183 68 entitas
1550 1268 183 68 inesset
1666 1268 166 68 cuilibet

84 1325 246 56 creaturae:
278 1325 88 56 a
313 1325 123 56 qua
383 1325 299 56 denominaretur
629 1325 141 56 esse
717 1325 281 56 simpliciter.
946 1325 123 56 Hoc
1016 1325 158 56 autem
1122 1325 123 56 non
1192 1325 158 56 esset
1298 1325 141 56 nisi
1385 1325 176 56 diuina
1509 1325 176 56 natura
1632 1325 158 56 esset
1720 1325 105 56 for-

86 1372 104 74 ma
138 1372 104 74 in
189 1372 121 74 ea.
259 1372 208 74 Secundum
414 1372 138 74 hunc
501 1372 173 74 igitur
622 1372 156 74 modum
726 1372 208 74 ponebant
882 1372 138 74 quod
968 1372 173 74 deitas
1089 1372 156 74 esset
1193 1372 156 74 forma
1297 1372 208 74 vniuersi
1452 1372 173 74 entis,
1574 1372 138 74 dans
1660 1372 138 74 esse
1729 1372 104 74 sima

82 1431 211 75 pliciter
241 1431 211 75 cuilibet
399 1431 141 75 enti
487 1431 194 75 tanquam
628 1431 247 75 principium
822 1431 194 75 formale
963 1431 176 75 cadens
1086 1431 106 75 in
1139 1431 141 75 eius
1227 1431 282 75 compositione
1456 1431 123 75 cum
1527 1431 141 75 eius
1615 1431 194 75 propria
1738 1431 88 75 na-

79 1487 135 66 tura
164 1487 186 66 tanquam
299 1487 118 66 cum
366 1487 219 66 principio
535 1487 236 66 materiali,
721 1487 118 66 quo
788 1487 253 66 vnumquodque
991 1487 152 66 habet
1092 1487 135 66 esse
1177 1487 135 66 suum
1261 1487 253 66 particulare
1464 1487 118 66 quo
1531 1487 186 66 differt
1666 1487 101 66 ab
1717 1487 152 66 alio:

84 1528 188 78 Dicendo
221 1528 137 78 quod
306 1528 137 78 esse
392 1528 103 78 in
443 1528 120 78 quo
512 1528 120 78 res
580 1528 257 78 communicant
785 1528 120 78 sit
854 1528 188 78 diuinum
991 1528 137 78 esse
1076 1528 86 78 a
1110 1528 171 78 diuina
1230 1528 171 78 natura
1350 1528 222 78 existente
1521 1528 103 78 in
1572 1528 137 78 eis:
1658 1528 137 78 esse
1726 1528 103 78 vero

76 1595 120 56 quo
144 1595 120 56 vna
213 1595 120 56 res
281 1595 188 56 differt
418 1595 103 56 ab
470 1595 154 56 alia,
573 1595 120 56 sit
641 1595 137 56 esse
727 1595 206 56 proprium
881 1595 206 56 cuiusque
1035 1595 86 56 a
1069 1595 171 56 natura
1189 1595 137 56 sibi
1275 1595 188 56 propria
1412 1595 120 56 qua
1480 1595 120 56 vna
1549 1595 120 56 res
1617 1595 188 56 differt
1754 1595 103 56 ab

80 1643 165 61 alia,
190 1643 220 61 secundum
355 1643 147 61 quam
447 1643 147 61 esse
538 1643 202 61 diuinum
685 1643 257 61 obumbratur
887 1643 110 61 in
942 1643 165 61 rebus
1052 1643 220 61 secundum
1217 1643 147 61 plus
1309 1643 92 61 &
1346 1643 184 61 minus:
1474 1643 92 61 &
1511 1643 165 61 cadit
1621 1643 92 61 a
1658 1643 128 61 sua
1713 1643 110 61 syna

82 1696 217 74 ceritate
245 1696 145 74 quam
335 1696 163 74 habet
443 1696 108 74 in
498 1696 127 74 se.
570 1696 108 74 Et
624 1696 217 74 secundum
787 1696 127 74 hoc
859 1696 163 74 forte
968 1696 163 74 dixit
1076 1696 253 74 idololatra
1275 1696 145 74 ille
1365 1696 271 74 Trimegistus
1582 1696 145 74 quod
1672 1696 145 74 deus
1745 1696 90 74 est

91 1754 142 54 omne
180 1754 142 54 quod
269 1754 142 54 est,
358 1754 89 54 &
393 1754 142 54 quod
482 1754 160 54 omnia
589 1754 160 54 plena
695 1754 142 54 sunt
784 1754 142 54 deo.
908 1754 124 54 Hic
979 1754 142 54 ergo
1068 1754 195 54 oportet
1210 1754 160 54 primo
1317 1754 178 54 dictam
1441 1754 266 54 deceptionem
1637 1754 195 54 dissolue-

76 1806 118 73 re,
143 1806 84 73 &
177 1806 168 73 deinde
295 1806 235 73 falsitatem
479 1806 168 73 ipsius
597 1806 235 73 positionis
782 1806 101 73 in
832 1806 101 73 se
882 1806 235 73 ostendere.
1067 1806 202 73 Deceptio
1218 1806 151 73 autem
1319 1806 134 73 illa
1403 1806 101 73 in
1453 1806 118 73 qua
1521 1806 185 73 erantur
1638 1806 185 73 paralogi-

82 1863 158 67 zati,
188 1863 228 67 processit
363 1863 211 67 secundum
521 1863 228 67 fallaciam
697 1863 351 67 aequiuocationis,
995 1863 158 67 quasi
1100 1863 211 67 arguendo
1258 1863 140 67 sic.
1346 1863 140 67 Homo
1434 1863 123 67 non
1504 1863 158 67 solum
1609 1863 123 67 est
1680 1863 123 67 ens
1732 1863 88 67 ta-

84 1909 114 74 le:
149 1909 114 74 sed
214 1909 147 74 etiam
313 1909 114 74 ens
378 1909 262 74 simpliciter,
591 1909 82 74 &
623 1909 213 74 similiter
787 1909 213 74 quodlibet
950 1909 164 74 aliud.
1065 1909 114 74 Cum
1130 1909 131 74 ergo
1212 1909 196 74 singulum
1359 1909 180 74 dicitur
1490 1909 131 74 esse
1572 1909 114 74 ens
1637 1909 131 74 tale
1719 1909 98 74 ab
1752 1909 65 74 eo

87 1965 129 65 quod
167 1965 112 65 est
232 1965 96 65 in
280 1965 96 65 eo
328 1965 177 65 entitas
456 1965 80 65 &
489 1965 161 65 natura
601 1965 161 65 talis:
713 1965 129 65 ergo
794 1965 257 65 consimiliter
1003 1965 241 65 vnumquodque
1195 1965 177 65 dicetur
1324 1965 112 65 ens
1388 1965 241 65 simpliciter
1581 1965 96 65 ab
1629 1965 96 65 eo
1677 1965 129 65 quod
1758 1965 96 65 in

79 2016 136 68 ipso
164 2016 119 68 est
232 2016 170 68 natura
351 2016 170 68 aliqua
470 2016 85 68 &
504 2016 187 68 entitas
641 2016 272 68 simpliciter,
862 2016 136 68 quod
947 2016 119 68 non
1015 2016 119 68 est
1083 2016 136 68 nisi
1168 2016 170 68 diuina
1287 2016 221 68 essentia.
1458 2016 136 68 ergo
1543 2016 119 68 &c.
1611 2016 136 68 Quod
1696 2016 119 68 non
1747 2016 68 68 se

89 2080 192 56 quitur,
228 2080 192 56 quoniam
368 2080 140 56 esse
455 2080 262 56 simpliciter
664 2080 192 56 dicitur
804 2080 262 56 dupliciter.
1013 2080 122 56 Vno
1083 2080 140 56 modo
1170 2080 140 56 esse
1258 2080 105 56 in
1310 2080 122 56 sua
1380 2080 262 56 communitate
1589 2080 192 56 dictum.
1711 2080 105 56 Alio

83 2134 146 60 modo
174 2134 146 60 esse
266 2134 183 60 primum
394 2134 92 60 &
431 2134 183 60 princi
559 2134 201 60 paliter
705 2134 201 60 dictum,
852 2134 220 60 secundum
1016 2134 146 60 quod
1108 2134 110 60 in
1163 2134 146 60 ente
1254 2134 183 60 creato
1383 2134 128 60 ens
1456 2134 275 60 simpliciter
1657 2134 165 60 dicitur

75 2186 130 50 vno
149 2186 148 50 modo
241 2186 130 50 ens
315 2186 222 50 analogum
482 2186 111 50 ad
537 2186 278 50 substantiam
759 2186 93 50 &
796 2186 241 50 accidens,
981 2186 148 50 alio
1074 2186 148 50 modo
1166 2186 130 50 ens
1240 2186 259 50 substantia
1444 2186 222 50 respectu
1592 2186 241 50 accidentis.

75 2236 187 71 Secundo
211 2236 136 71 modo
296 2236 136 71 esse
381 2236 255 71 simpliciter
585 2236 136 71 soli
670 2236 119 71 deo
738 2236 221 71 conuenit:
908 2236 136 71 quia
992 2236 119 71 est
1060 2236 136 71 esse
1145 2236 119 71 per
1213 2236 238 71 essentiam,
1400 2236 85 71 &
1434 2236 119 71 non
1502 2236 136 71 nisi
1587 2236 136 71 esse
1672 2236 136 71 quod
1740 2236 85 71 est

77 2290 190 58 necesse
215 2290 156 58 esse,
319 2290 104 58 vt
370 2290 190 58 habitum
509 2290 121 58 est
578 2290 173 58 supra,
699 2290 86 58 a
733 2290 121 58 quo
802 2290 156 58 omnia
906 2290 138 58 alia
993 2290 173 58 habent
1114 2290 138 58 esse
1200 2290 138 58 suum
1286 2290 121 58 per
1355 2290 346 58 participationem.
1649 2290 104 58 Et
1701 2290 121 58 est
1753 2290 69 58 il

70 2337 137 63 lud
149 2337 156 63 esse
246 2337 137 63 dei
324 2337 371 63 incommunicabile
636 2337 234 63 secundum
812 2337 234 63 personas
987 2337 254 63 absolutas
1182 2337 98 63 &
1221 2337 273 63 singulare,
1436 2337 176 63 sicut
1553 2337 98 63 &
1592 2337 156 63 ipsa
1670 2337 156 63 diuina

72 2399 247 70 essentia.
262 2399 114 70 vt
319 2399 171 70 supra
434 2399 305 70 determinatum
681 2399 152 70 est.
776 2399 152 70 Esse
871 2399 171 70 autem
986 2399 285 70 simpliciter
1214 2399 171 70 primo
1328 2399 152 70 modo
1423 2399 133 70 est
1499 2399 209 70 commune
1633 2399 190 70 analogum

77 2449 210 63 creaturae
238 2449 81 63 &
271 2449 210 63 creatori,
432 2449 113 63 non
497 2449 226 63 continendo
675 2449 97 63 in
723 2449 97 63 se
772 2449 178 63 diuinam
901 2449 210 63 essentiam
1063 2449 97 63 vt
1111 2449 162 63 partem
1224 2449 129 63 suam
1305 2449 210 63 formalem,
1467 2449 145 63 sicut
1563 2449 129 63 illi
1644 2449 210 63 ponebant:

80 2496 116 65 sed
147 2496 265 65 participando
362 2496 133 65 esse
445 2496 182 65 diuinae
578 2496 216 65 essentiae
744 2496 100 65 in
794 2496 265 65 similitudine
1009 2496 116 65 rei
1076 2496 182 65 creatae
1208 2496 100 65 ad
1258 2496 199 65 effigiem
1407 2496 182 65 diuinae
1540 2496 199 65 naturae.
1689 2496 100 65 vt
1722 2496 100 65 expo

84 2556 143 68 situm
179 2556 111 68 est
243 2556 159 68 supra,
354 2556 79 68 &
386 2556 143 68 infra
482 2556 175 68 amplius
609 2556 223 68 exponetur.
784 2556 127 68 Illi
863 2556 143 68 autem
958 2556 111 68 non
1022 2556 270 68 distinguebant
1245 2556 143 68 inter
1340 2556 127 68 esse
1420 2556 238 68 simpliciter
1610 2556 143 68 primo
1706 2556 127 68 modo
1769 2556 48 68 &

90 2606 181 66 secundo,
225 2606 196 66 credentes
376 2606 105 66 non
436 2606 120 66 dici
512 2606 120 66 esse
587 2606 241 66 simpliciter,
783 2606 120 66 nisi
858 2606 166 66 secundo
979 2606 136 66 modo,
1069 2606 120 66 quod
1144 2606 105 66 non
1204 2606 105 66 est
1265 2606 151 66 verum.
1370 2606 120 66 Esse
1445 2606 120 66 enim
1521 2606 226 66 simpliciter
1686 2606 136 66 dicitur

81 2657 127 80 quia
160 2657 269 80 indeterminate
382 2657 79 80 &
414 2657 190 80 absolute
556 2657 206 80 acceptum.
714 2657 111 80 sed
778 2657 127 80 tale
857 2657 158 80 potest
967 2657 142 80 esse,
1062 2657 127 80 quia
1141 2657 111 80 nec
1205 2657 111 80 est
1268 2657 253 80 determiatum:
1474 2657 111 80 nec
1537 2657 158 80 aliqua
1632 2657 190 80 intentione

80 2726 258 62 determinabile,
294 2726 186 62 cuiusmodi
437 2726 100 62 est
495 2726 114 62 esse
566 2726 172 62 diuinum,
695 2726 114 62 quia
766 2726 129 62 ipsum
852 2726 100 62 non
910 2726 100 62 est
967 2726 114 62 nisi
1038 2726 129 62 esse.
1124 2726 172 62 secundum
1253 2726 114 62 quod
1325 2726 129 62 dicit
1410 2726 129 62 btuns
1496 2726 157 62 Dionyy.
1611 2726 100 62 aut
1668 2726 114 62 quia
1739 2726 100 62 non

71 2761 111 68 est
135 2761 270 68 determinatum:
357 2761 111 68 est
421 2761 143 68 tamen
516 2761 270 68 determinabile
738 2761 111 68 per
802 2761 143 68 aliam
897 2761 238 68 intentionem
1088 2761 127 68 sibi
1168 2761 254 68 aduenientem,
1374 2761 238 68 quemadmodum
1565 2761 127 68 enim
1644 2761 159 68 dictum
1740 2761 79 68 est

72 2825 160 58 supra,
184 2825 96 58 in
232 2825 128 58 omni
313 2825 193 58 creatura
457 2825 225 58 compositio
634 2825 112 58 est
698 2825 96 58 ex
746 2825 193 58 essentia
890 2825 80 58 &
922 2825 144 58 esse.
1019 2825 160 58 Errori
1131 2825 257 58 praedictorum
1340 2825 144 58 prope
1436 2825 144 58 sunt,
1532 2825 144 58 licet
1628 2825 112 58 non
1677 2825 128 58 perci-

80 2883 163 63 piant,
194 2883 130 63 illi
275 2883 114 63 qui
340 2883 163 63 dicunt
454 2883 130 63 quod
535 2883 130 63 esse
616 2883 98 63 in
665 2883 211 63 creatutis
827 2883 114 63 sit
892 2883 179 63 aliquid
1023 2883 98 63 re
1071 2883 195 63 diuersum
1218 2883 98 63 ab
1266 2883 130 63 ipsa
1348 2883 195 63 essentia
1494 2883 228 63 creaturae.
1673 2883 114 63 Cum
1721 2883 98 63 enim

77 2934 106 65 res
138 2934 122 65 illa
214 2934 91 65 de
259 2934 106 65 qua
320 2934 152 65 dicunt
427 2934 122 65 quod
503 2934 106 65 sit
564 2934 137 65 ipsum
655 2934 137 65 esse,
746 2934 122 65 sit.
822 2934 167 65 praeter
944 2934 198 65 essentiam
1096 2934 122 65 rei:
1172 2934 76 65 &
1203 2934 106 65 non
1263 2934 152 65 potest
1370 2934 122 65 esse
1446 2934 183 65 accidens
1583 2934 137 65 verum
1674 2934 76 65 &
1689 2934 122 65 absolu

68 2987 124 62 tum
139 2987 106 62 in
192 2987 124 62 re:
263 2987 142 62 quia
351 2987 142 62 tunc
440 2987 248 62 substantia
635 2987 124 62 non
705 2987 195 62 haberet
847 2987 142 62 esse
935 2987 142 62 nisi
1024 2987 124 62 per
1095 2987 142 62 suum
1183 2987 230 62 accidens:
1360 2987 124 62 cum
1431 2987 159 62 tamen
1537 2987 159 62 debet
1643 2987 142 62 esse
1714 2987 106 62 econ

69 3048 157 64 uerso,
179 3048 94 64 eo
227 3048 126 64 quod
305 3048 189 64 accidens
447 3048 110 64 non
510 3048 142 64 habet
605 3048 126 64 esse
683 3048 126 64 nisi
762 3048 110 64 per
825 3048 252 64 substantiam:
1030 3048 126 64 quia
1108 3048 220 64 accidentis
1282 3048 126 64 esse
1360 3048 110 64 est
1423 3048 173 64 inesse:
1549 3048 173 64 Necesse
1675 3048 126 64 ergo
1738 3048 79 64 est

73 3092 120 69 eam
142 3092 137 69 esse
227 3092 275 69 substantiam.
451 3092 155 69 Quare
554 3092 120 69 cum
622 3092 120 69 non
691 3092 172 69 potest
811 3092 137 69 esse
897 3092 240 69 substantia
1086 3092 206 69 alterius
1240 3092 240 69 creaturae,
1429 3092 137 69 quia
1515 3092 240 69 substantia
1687 3092 120 69 vnius

74 3145 186 56 creaturae
217 3145 100 56 non
274 3145 100 56 dat
332 3145 115 56 esse
404 3145 158 56 alteri:
518 3145 86 56 eo
561 3145 115 56 quod
633 3145 100 56 vna
690 3145 172 56 creatura
819 3145 100 56 per
877 3145 215 56 substantiam
1049 3145 115 56 suam
1121 3145 129 56 habet
1207 3145 115 56 esse
1278 3145 129 56 aliod
1364 3145 86 56 ab
1407 3145 158 56 altera:
1522 3145 158 56 necesse
1637 3145 143 56 igitur
1737 3145 100 56 ha-

70 3193 119 91 bent
144 3193 149 91 ponere
248 3193 119 91 quod
323 3193 104 91 sit
382 3193 208 91 substantia
546 3193 208 91 creatoris:
709 3193 119 91 quod
784 3193 149 91 omnino
888 3193 104 91 est
947 3193 238 91 impossibile.
1140 3193 119 91 quia
1215 3193 119 91 ipsa
1289 3193 104 91 non
1348 3193 104 91 dat
1408 3193 104 91 eis
1467 3193 134 91 esse:
1556 3193 238 91 communicando
1735 3193 74 91 eis
