2300 3778
80 331 107 76 rat
141 331 77 76 a
172 331 92 76 se
218 331 169 76 ratione
341 331 107 76 vel
402 331 199 76 relatione
555 331 107 76 aut
617 331 230 76 intentione:
801 331 123 76 bene
878 331 153 76 potest
985 331 107 76 per
1046 331 92 76 se
1092 331 184 76 secundum
1231 331 199 76 huiusmodi
1384 331 246 76 diuersitatem
1583 331 123 76 esse
1660 331 92 76 in
1691 331 138 76 seipso,

83 400 102 57 vt
134 400 220 57 contingit
303 400 102 57 in
354 400 237 57 proposito,
541 400 153 57 sicut
642 400 170 57 patet.
761 400 85 57 ⁋
795 400 102 57 Ad
846 400 220 57 secundum:
1015 400 136 57 quod
1100 400 136 57 deus
1185 400 119 57 est
1253 400 102 57 in
1304 400 136 57 omni
1388 400 136 57 ente
1473 400 186 57 aliquid
1609 400 186 57 praeter
1727 400 102 57 eius

80 443 231 78 essentiam:
261 443 132 78 ergo
343 443 115 78 &c.
409 443 198 78 Dicendum
557 443 132 78 quod
640 443 148 78 verum
739 443 132 78 est:
821 443 115 78 non
887 443 115 78 per
953 443 264 78 inhaerentiam
1167 443 198 78 qualiter
1315 443 198 78 accidens
1464 443 115 78 est
1529 443 99 78 in
1579 443 214 78 subiecto:
1744 443 115 78 sed

71 499 119 63 per
139 499 254 63 operationem
342 499 186 63 tanquam
478 499 153 63 dans,
579 499 136 63 esse
664 499 85 63 &
698 499 254 63 conseruans,
901 499 102 63 vt
952 499 153 63 alibi
1054 499 153 63 habet
1139 499 203 63 declarari.

424 550 142 80 Irca
513 550 195 80 quartum
655 550 213 80 arguitur
815 550 142 80 quod
904 550 142 80 deus
992 550 160 80 habet
1099 550 302 80 compositionem
1348 550 124 80 cum
1419 550 160 80 alio:
1525 550 107 80 vt
1578 550 231 80 subiectum
1738 550 89 80 cum

424 611 234 69 accidente.
608 611 151 69 Primo
709 611 134 69 sic.
792 611 268 69 Philosophous
1010 611 151 69 dicit
1110 611 100 69 in
1161 611 151 69 primo
1261 611 201 69 Physica.
1412 611 234 69 Substantia
1596 611 151 69 nulli
1696 611 117 69 est
1746 611 84 69 ac-

433 663 174 65 cidens.
560 663 95 65 ex
607 663 111 65 quo
670 663 142 65 sumit
765 663 205 65 Auicieen,
923 663 126 65 quod
1002 663 221 65 substantia
1176 663 95 65 in
1223 663 111 65 vno
1287 663 111 65 non
1350 663 158 65 potest
1460 663 126 65 esse
1540 663 190 65 accidens
1682 663 95 65 in
1713 663 111 65 alio.

437 715 137 73 quod
523 715 206 73 probatur
677 715 120 73 per
745 715 223 73 exemplum.
916 715 154 73 Calor
1019 715 137 73 enim
1105 715 120 73 non
1173 715 171 73 potest
1293 715 137 73 esse
1379 715 154 73 forma
1482 715 291 73 substantialis
1704 715 120 73 ignis

425 773 133 60 quia
508 773 116 60 est
575 773 199 60 accidens
724 773 216 60 alterius.
890 773 116 60 sed
957 773 232 60 sapientia,
1139 773 183 60 virtus,
1272 773 216 60 iustitia,
1438 773 116 60 &c.
1505 773 216 60 huiusmodi
1654 773 166 60 acciden-

391 810 125 86 tia
462 810 142 86 sunt
551 810 107 86 in
605 810 178 86 homine
729 810 89 86 &
765 810 196 86 angelo,
907 810 89 86 &
943 810 142 86 sunt
1032 810 107 86 in
1085 810 142 86 deo.
1174 810 142 86 ergo
1263 810 107 86 in
1317 810 142 86 ipso
1406 810 249 86 substantia
1602 810 142 86 esse
1691 810 125 86 non
1744 810 89 86 pos

75 871 152 77 sunt:
177 871 118 77 sed
244 871 254 77 accidentia.
447 871 118 77 sed
515 871 102 77 id
566 871 102 77 in
617 871 118 77 quo
684 871 118 77 est
752 871 203 77 accidens
904 871 237 77 compositum
1090 871 118 77 est
1158 871 118 77 cum
1226 871 135 77 ipso
1310 871 102 77 vt
1361 871 237 77 subiectum.
1547 871 135 77 ergo
1632 871 118 77 &c.
1700 871 85 77 ⁋
1717 871 118 77 Secun

69 921 104 81 do
121 921 139 81 sic.
207 921 208 81 quicquid
363 921 243 81 dignitatis
554 921 87 81 &
589 921 260 81 nobilitatis
797 921 121 81 est
866 921 104 81 in
918 921 243 81 creaturis:
1109 921 156 81 totum
1213 921 121 81 deo
1282 921 277 81 attribuendum
1508 921 139 81 est:
1595 921 104 81 vt
1647 921 156 81 infra
1733 921 87 81 vi-

76 977 196 79 debitur.
223 977 115 79 sed
288 977 229 79 accidentia
468 977 131 79 esse
550 977 98 79 in
599 977 229 79 creaturis:
779 977 229 79 dignitatis
959 977 115 79 est
1024 977 82 79 &
1057 977 262 79 nobilitatis:
1270 977 98 79 vt
1319 977 147 79 patet
1417 977 98 79 in
1466 977 229 79 sapientia,
1646 977 213 79 bonitate,

61 1031 78 62 &
93 1031 220 62 huiusmodi:
265 1031 188 62 secundum
407 1031 220 62 Augustinus
579 1031 94 62 in
626 1031 126 62 ser.
705 1031 94 62 de
752 1031 204 62 imagine.,
909 1031 110 62 per
972 1031 204 62 huiusmodi
1129 1031 126 62 enim
1207 1031 94 62 vt
1254 1031 141 62 dicit
1348 1031 220 62 reformatur
1521 1031 141 62 imago
1615 1031 94 62 in
1662 1031 173 62 homine.
1772 1031 63 62 er

73 1096 99 65 go
123 1096 182 65 ponenda
255 1096 132 65 sunt
338 1096 132 65 esse
421 1096 99 65 in
470 1096 132 65 deo.
553 1096 132 65 omne
636 1096 132 65 tale
719 1096 149 65 habet
818 1096 281 65 compositionem
1049 1096 116 65 cum
1116 1096 149 65 alio:
1215 1096 99 65 vt
1265 1096 215 65 subiectum
1430 1096 116 65 cum
1496 1096 232 65 accidente.
1678 1096 132 65 ergo
1744 1096 83 65 &c.

77 1147 76 59 ⁋
107 1147 91 59 In
153 1147 213 59 contrarium
321 1147 122 59 est:
397 1147 168 59 quoniam
519 1147 122 59 omne
595 1147 213 59 compositum
763 1147 107 59 cum
824 1147 122 59 alio
900 1147 91 59 vt
946 1147 198 59 subiectum
1098 1147 107 59 cum
1159 1147 213 59 accidente:
1327 1147 91 59 in
1373 1147 183 59 potentia
1510 1147 107 59 est
1571 1147 91 59 ad
1617 1147 137 59 illud
1693 1147 137 59 quantum

64 1203 155 67 estide
172 1203 108 67 se:
234 1203 124 67 quia
311 1203 186 67 accidens
450 1203 108 67 est
512 1203 124 67 quod
589 1203 139 67 adest
682 1203 77 67 &
713 1203 139 67 abest
806 1203 170 67 praeter
929 1203 186 67 subiecti
1068 1203 263 67 corruptionem.
1285 1203 186 67 secundum
1424 1203 232 67 Porphyrium.
1610 1203 93 67 In
1656 1203 108 67 deo
1718 1203 139 67 autem

71 1248 150 91 nulla
171 1248 150 91 cadit
272 1248 200 91 potentia
422 1248 100 91 ad
472 1248 150 91 aliud
572 1248 83 91 a
605 1248 117 91 se:
672 1248 134 91 quia
756 1248 100 91 in
806 1248 134 91 ipso
889 1248 150 91 nulla
989 1248 150 91 cadit
1089 1248 234 91 compositio
1273 1248 100 91 ex
1323 1248 200 91 potentia
1473 1248 83 91 &
1507 1248 150 91 actu.
1607 1248 134 91 ergo
1674 1248 83 91 &c.

69 1313 95 91 ⁋
107 1313 229 91 Dicendum
279 1313 153 91 quod
374 1313 153 91 ista
470 1313 229 91 quaestio
642 1313 172 91 nihil
756 1313 172 91 aliud
871 1313 229 91 quaerit:
1042 1313 153 91 quam
1138 1313 115 91 an
1195 1313 115 91 in
1252 1313 134 91 deo
1329 1313 134 91 sit
1405 1313 210 91 aliquod
1558 1313 248 91 accidens,
1730 1313 95 91 vel

76 1396 145 66 possit
178 1396 131 66 esse:
265 1396 160 66 quoniam
381 1396 87 66 si
425 1396 116 66 sic,
498 1396 131 66 esset
585 1396 102 66 vel
643 1396 145 66 posset
744 1396 116 66 esse
817 1396 87 66 in
861 1396 116 66 ipso
933 1396 203 66 compositio
1093 1396 87 66 ex
1137 1396 203 66 substantia
1296 1396 73 66 &
1325 1396 203 66 accidente.
1485 1396 87 66 si
1529 1396 116 66 non,
1601 1396 116 66 non.
1674 1396 87 66 Et
1717 1396 102 66 est
1761 1396 58 66 di

73 1447 176 55 cendum
196 1447 211 55 absolute
354 1447 140 55 quod
442 1447 105 55 in
495 1447 123 55 deo
565 1447 176 55 nullum
688 1447 176 55 potest
811 1447 140 55 esse
899 1447 228 55 accidens:
1074 1447 88 55 &
1109 1447 123 55 per
1179 1447 246 55 consequens
1373 1447 158 55 neque
1478 1447 246 55 compositio
1671 1447 105 55 ex
1706 1447 123 55 subie

73 1496 114 75 cto
138 1496 81 75 &
170 1496 227 75 accidente.
349 1496 146 75 Cuius
446 1496 211 75 potissima
609 1496 146 75 ratio
706 1496 130 75 est:
787 1496 130 75 quod
869 1496 130 75 deus
950 1496 97 75 ex
999 1496 114 75 hoc
1064 1496 130 75 quod
1145 1496 114 75 est
1210 1496 162 75 primum
1323 1496 130 75 ens:
1405 1496 146 75 nihil
1502 1496 162 75 potest
1616 1496 162 75 habere
1730 1496 97 75 in
1762 1496 65 75 se

77 1548 115 81 per
142 1548 313 81 participationem
406 1548 99 81 ab
455 1548 148 81 alio:
554 1548 132 81 quia
637 1548 198 81 quicquid
785 1548 148 81 habet
884 1548 181 81 aliquid
1016 1548 99 81 ab
1065 1548 132 81 alio
1147 1548 115 81 per
1213 1548 330 81 participationem,
1493 1548 231 81 necessario
1675 1548 99 81 id
1708 1548 115 81 habet

69 1608 103 63 ab
120 1608 103 63 eo
172 1608 120 63 qui
241 1608 155 63 habet
344 1608 155 63 illud
447 1608 120 63 per
516 1608 241 63 essentiam:
705 1608 86 63 &
739 1608 120 63 ita
808 1608 155 63 prius
911 1608 103 63 eo
963 1608 86 63 &
997 1608 275 63 essentialius
1220 1608 138 63 est:
1306 1608 103 63 vt
1358 1608 155 63 patet
1461 1608 103 63 ex
1495 1608 327 63 praedeterminatis.

70 1654 129 79 Deus
150 1654 129 79 ergo
231 1654 193 79 quicquid
376 1654 145 79 habet
472 1654 97 79 in
521 1654 113 79 se:
585 1654 145 79 habet
682 1654 113 79 per
746 1654 129 79 suam
827 1654 258 79 substantiam:
1036 1654 81 79 &
1068 1654 129 79 quid
1149 1654 113 79 sic
1213 1654 161 79 habet,
1326 1654 113 79 est
1390 1654 306 79 substantialiter
1648 1654 161 79 illud:
1744 1654 81 79 non

72 1710 203 68 subiectum
228 1710 140 68 eius:
322 1710 171 68 tanquam
446 1710 203 68 subiectum
602 1710 94 68 ei
649 1710 125 68 quod
727 1710 125 68 sibi
805 1710 187 68 accidit.
945 1710 125 68 vnde
1023 1710 125 68 deus
1101 1710 109 68 ita
1163 1710 109 68 est
1226 1710 140 68 bonus
1319 1710 125 68 quod
1397 1710 140 68 nihil
1491 1710 140 68 aliud
1584 1710 109 68 est
1647 1710 125 68 quam
1709 1710 109 68 boni-

78 1760 112 79 tas
142 1760 144 79 ipsa:
238 1760 112 79 ita
302 1760 192 79 sapiens:
446 1760 128 79 quod
527 1760 112 79 est
591 1760 128 79 ipsa
671 1760 208 79 sapientia
831 1760 128 79 sua:
911 1760 80 79 &
943 1760 112 79 sic
1007 1760 96 79 de
1055 1760 144 79 aliis
1151 1760 128 79 quae
1231 1760 96 79 ei
1279 1760 272 79 attribuuntur.
1504 1760 160 79 Aliter
1616 1760 128 79 enim
1696 1760 128 79 deus
1760 1760 64 79 mu

68 1823 172 66 tabilis
193 1823 156 66 esset:
303 1823 78 66 &
334 1823 94 66 in
381 1823 187 66 potentia
521 1823 94 66 ad
568 1823 141 66 aliud
662 1823 78 66 a
693 1823 109 66 se:
755 1823 94 66 vt
802 1823 187 66 obiectum
943 1823 125 66 est.
1021 1823 94 66 Et
1068 1823 109 66 hoc
1130 1823 109 66 est
1193 1823 125 66 quod
1271 1823 141 66 dicit
1365 1823 219 66 Augustinus
1536 1823 94 66 v.
1583 1823 94 66 de
1630 1823 125 66 Tri.
1692 1823 141 66 Intelli

79 1879 163 59 gamus
187 1879 145 59 deum
278 1879 108 59 si
332 1879 235 59 possumus,
512 1879 145 59 sine
603 1879 235 59 qualitate
783 1879 181 59 bonum,
910 1879 145 59 sine
1000 1879 253 59 quantitate
1199 1879 199 59 magnum,
1343 1879 145 59 sine
1434 1879 145 59 vlla
1524 1879 126 59 sua
1596 1879 235 59 mutatione
1759 1879 72 59 mu

75 1931 175 72 tabilia
202 1931 223 72 facientem:
378 1931 191 72 nihilque
521 1931 223 72 patientem.
696 1931 143 72 Aliae
792 1931 127 72 vero
871 1931 111 72 res
935 1931 127 72 quae
1015 1931 191 72 dicuntur
1158 1931 207 72 essentiae
1317 1931 111 72 vel
1381 1931 239 72 substantiae
1572 1931 175 72 capiunt
1684 1931 143 72 accidem

81 1988 131 56 tia:
163 1988 164 56 quibus
278 1988 99 56 in
327 1988 115 56 eis
393 1988 131 56 fiat
475 1988 115 56 vel
541 1988 148 56 magna
639 1988 115 56 vel
705 1988 296 56 quantulacumque
951 1988 197 56 mutatio.
1099 1988 115 56 Deo
1165 1988 148 56 autem
1263 1988 181 56 aliquid
1395 1988 214 56 huiusmodi
1559 1988 197 56 accidere
1707 1988 115 56 non
1756 1988 66 56 po

75 2034 145 61 test:
172 2034 81 61 &
204 2034 129 61 ideo
284 2034 129 61 sola
365 2034 113 61 est
429 2034 242 61 immutabilis
622 2034 225 61 substantia
800 2034 113 61 vel
864 2034 193 61 essentia
1009 2034 129 61 quae
1089 2034 129 61 deus
1170 2034 129 61 est.
1250 2034 193 61 Accidens
1395 2034 129 61 enim
1476 2034 129 61 dici
1556 2034 113 61 non
1621 2034 161 61 solet:
1717 2034 97 61 nisi

69 2088 135 69 quod
154 2088 118 69 cum
221 2088 169 69 aliqua
340 2088 220 69 mutatione
509 2088 135 69 eius
593 2088 118 69 rei
661 2088 118 69 cui
729 2088 186 69 accidit
864 2088 169 69 amitti
982 2088 186 69 potest.
1118 2088 152 69 nihil
1219 2088 169 69 itaque
1337 2088 203 69 accidens
1490 2088 101 69 in
1540 2088 135 69 deo:
1625 2088 135 69 quia
1693 2088 118 69 nihil

67 2147 216 60 mutabile
229 2147 126 60 aut
301 2147 270 60 amissibile.
517 2147 108 60 In
571 2147 162 60 rebus
679 2147 144 60 enim
769 2147 144 60 quae
859 2147 126 60 per
931 2147 342 60 participationem
1218 2147 288 60 magnitudinis
1452 2147 180 60 magnae
1578 2147 162 60 sunt:
1668 2147 144 60 quibus

67 2201 156 61 aliud
171 2201 121 61 est
240 2201 156 61 esse:
344 2201 156 61 aliud
448 2201 173 61 magnas
569 2201 156 61 esse:
673 2201 104 61 in
725 2201 121 61 his
794 2201 156 61 rebus
898 2201 156 61 aliud
1002 2201 121 61 est
1071 2201 242 61 magnitudo:
1262 2201 156 61 aliud
1366 2201 139 61 quod
1452 2201 104 61 ab
1504 2201 104 61 ea
1556 2201 260 61 magnitudine
1747 2201 69 61 ma

73 2248 129 66 gnum
153 2248 129 66 est.
234 2248 113 66 sed
298 2248 129 66 illa
378 2248 113 66 est
443 2248 129 66 vera
523 2248 209 66 magnitudo
684 2248 113 66 qua
748 2248 161 66 magnum
861 2248 113 66 est
925 2248 193 66 quicquod
1070 2248 145 66 aliud
1166 2248 161 66 magnum
1278 2248 193 66 dicitur:
1423 2248 129 66 quae
1504 2248 193 66 primitus
1648 2248 145 66 magna
1729 2248 96 66 est:

74 2307 209 63 multoque
231 2307 279 63 excellentius
458 2307 140 63 quam
545 2307 105 63 ea
597 2307 140 63 quae
684 2307 314 63 participatione
946 2307 140 63 eius
1034 2307 157 63 magna
1138 2307 157 63 sunt.
1243 2307 140 63 Deus
1330 2307 157 63 autem
1435 2307 140 63 quia
1522 2307 140 63 ipse
1610 2307 122 63 non
1679 2307 105 63 ea
1732 2307 122 63 ma-

67 2353 208 67 gnitudine
227 2353 160 67 magnus
340 2353 112 67 est
404 2353 128 67 quae
484 2353 128 67 ipse
564 2353 112 67 non
628 2353 128 67 est:
708 2353 96 67 vt
757 2353 144 67 quasi
853 2353 208 67 particeps
1013 2353 128 67 eius
1093 2353 112 67 sit
1157 2353 128 67 deus
1238 2353 112 67 cum
1302 2353 160 67 magnus
1414 2353 128 67 est:
1494 2353 192 67 alioquin
1639 2353 128 67 ipsa
1703 2353 112 67 esset

69 2411 161 61 maior
176 2411 232 61 magnitudo
355 2411 143 61 quam
444 2411 161 61 deus:
551 2411 143 61 deus
640 2411 143 61 ergo
729 2411 268 61 magnitudine
943 2411 178 61 magnus
1068 2411 143 61 est:
1157 2411 196 61 ipseque
1300 2411 125 61 est
1371 2411 161 61 eadem
1478 2411 250 61 magnitudo:
1674 2411 143 61 ipse
1746 2411 71 61 bo

70 2463 148 76 nitas
168 2463 131 76 sua,
250 2463 230 76 aeternitas
431 2463 131 76 sua,
513 2463 197 76 potentia
660 2463 131 76 sua.
742 2463 98 76 Et
791 2463 131 76 ideo
873 2463 148 76 dicit
972 2463 197 76 Boethius
1120 2463 98 76 de
1169 2463 131 76 Tri.
1251 2463 164 76 Nullum
1366 2463 98 76 in
1415 2463 98 76 eo
1464 2463 148 76 aliud
1563 2463 246 76 praeterquam
1759 2463 98 76 id

80 2522 131 71 quod
161 2522 131 71 est,
243 2522 147 71 neque
341 2522 131 71 enim
423 2522 213 71 subiectum
587 2522 147 71 fieri
685 2522 180 71 potest.
816 2522 147 71 nulla
914 2522 164 71 igitur
1029 2522 98 71 in
1078 2522 98 71 eo
1127 2522 245 71 diuersitas:
1323 2522 147 71 nulla
1421 2522 98 71 ex
1470 2522 245 71 diuersitate
1650 2522 164 71 plurali-

66 2572 141 81 tas:
155 2572 159 81 nulla
261 2572 106 81 ex
314 2572 283 81 accidentibus
544 2572 247 81 multitudo.
738 2572 88 81 &
773 2572 106 81 de
826 2572 177 81 hebdo.
950 2572 141 81 Quod
1038 2572 141 81 est,
1127 2572 177 81 aliquo
1250 2572 141 81 modo
1339 2572 265 81 participare
1551 2572 194 81 potest.
1692 2572 124 81 sed
1745 2572 71 81 ip

66 2622 132 87 sum
141 2622 151 87 esse
236 2622 169 87 nullo
348 2622 151 87 modo
443 2622 188 87 aliquo
555 2622 245 87 participat.

73 2661 91 112 ⁋
109 2661 109 112 Ad
164 2661 182 112 primum
291 2661 109 112 in
345 2661 254 112 oppositum:
545 2661 145 112 quod
636 2661 218 112 accidens
799 2661 109 112 in
854 2661 127 112 vno
926 2661 127 112 non
999 2661 182 112 potest
1126 2661 145 112 esse
1217 2661 254 112 substantia
1417 2661 109 112 in
1471 2661 145 112 alio
1562 2661 127 112 &c.
1634 2661 218 112 Dicendum

75 2762 124 63 quod
153 2762 140 63 verum
246 2762 109 63 est
308 2762 109 63 sub
370 2762 140 63 eadem
464 2762 171 63 ratione
588 2762 109 63 rei
650 2762 78 63 &
681 2762 186 63 naturae:
821 2762 93 63 vt
867 2762 202 63 caliditas
1022 2762 109 63 cum
1084 2762 109 63 sit
1147 2762 171 63 eiusdem
1271 2762 109 63 rei
1333 2762 78 63 &
1364 2762 171 63 naturae
1488 2762 186 63 secundum
1628 2762 171 63 speciem
1752 2762 93 63 in

83 2810 165 65 corpore
203 2810 180 65 simplici
338 2810 75 65 &
368 2810 150 65 mixto:
473 2810 105 65 cum
534 2810 105 65 sit
594 2810 180 65 accidens
729 2810 90 65 in
774 2810 150 65 mixto:
879 2810 105 65 non
939 2810 150 65 potest
1044 2810 120 65 esse
1119 2810 210 65 substantia
1284 2810 90 65 in
1329 2810 195 65 simplici.
1480 2810 105 65 sed
1540 2810 90 65 in
1585 2810 195 65 proposito
1720 2810 90 65 sapi

75 2864 151 59 entia,
181 2864 181 59 bonitas,
316 2864 75 59 &
347 2864 196 59 huiusmodi
498 2864 91 59 in
543 2864 106 59 deo
603 2864 75 59 &
633 2864 196 59 creaturis
784 2864 106 59 non
845 2864 121 59 sunt
920 2864 166 59 eiusdem
1041 2864 181 59 rationis
1177 2864 181 59 secundum
1313 2864 106 59 rem
1373 2864 75 59 &
1403 2864 181 59 naturam:
1539 2864 121 59 quia
1615 2864 91 59 in
1660 2864 136 59 nullo
1736 2864 75 59 rea

75 2916 96 61 li
123 2916 192 61 conicant
267 2916 176 61 creator
395 2916 80 61 &
427 2916 208 61 creatura:
587 2916 96 61 vt
635 2916 176 61 habitum
763 2916 112 61 est
827 2916 160 61 supra:
939 2916 112 61 sed
1002 2916 224 61 tantummodo
1178 2916 144 61 talia
1274 2916 96 61 in
1322 2916 192 61 creatura
1466 2916 288 61 proportionalia
1706 2916 128 61 sunt
1770 2916 48 61 &

75 2974 143 63 consia
175 2974 300 63 correspondentibus
431 2974 86 63 in
474 2974 114 63 deo,
546 2974 157 63 propter
660 2974 114 63 quod
731 2974 86 63 id
774 2974 114 63 quod
845 2974 171 63 accidens
974 2974 100 63 est
1031 2974 86 63 in
1073 2974 185 63 creatura,
1216 2974 114 63 bene
1287 2974 143 63 potest
1387 2974 114 63 esse
1459 2974 200 63 substantia
1616 2974 86 63 in
1658 2974 114 63 deo:
1715 2974 86 63 quia

75 3022 140 70 etiam
169 3022 93 70 in
215 3022 202 70 creaturis
371 3022 218 70 accidentia
542 3022 124 70 sunt
619 3022 171 70 virtute
744 3022 93 70 in
790 3022 233 70 substantia:
977 3022 93 70 eo
1023 3022 124 70 quod
1101 3022 218 70 substantia
1272 3022 109 70 est
1334 3022 140 70 causa
1427 3022 249 70 accidentium:
1630 3022 78 70 &
1661 3022 186 70 secundum

69 3074 236 57 Philosophum,
261 3074 192 57 principia
409 3074 222 57 substantiae
586 3074 118 57 sunt
660 3074 192 57 principia
808 3074 236 57 principiorum
1000 3074 236 57 accidentium:
1192 3074 74 57 &
1221 3074 103 57 non
1280 3074 133 57 solum
1369 3074 118 57 quod
1443 3074 103 57 est
1502 3074 177 57 accidens
1635 3074 89 57 in
1664 3074 148 57 creatura

74 3129 104 63 sub
134 3129 119 63 alia
208 3129 163 63 ratione
327 3129 104 63 rei
386 3129 104 63 est
445 3129 89 63 in
490 3129 119 63 deo:
564 3129 104 63 sed
624 3129 74 63 &
653 3129 119 63 quid
728 3129 104 63 est
787 3129 208 63 substantia
951 3129 89 63 in
995 3129 163 63 vtroque
1114 3129 104 63 sub
1173 3129 119 63 alia
1248 3129 163 63 ratione
1366 3129 104 63 rei
1426 3129 104 63 est
1485 3129 89 63 in
1530 3129 104 63 deo
1589 3129 119 63 quam
1663 3129 89 63 in
1693 3129 119 63 creatu

77 3183 96 68 ra.
132 3183 150 68 Propter
241 3183 109 68 quod
309 3183 123 68 dicit
391 3183 164 68 Boethius
514 3183 82 68 de
555 3183 191 68 trinitate.
705 3183 123 68 Decem
787 3183 232 68 praedicamenta
978 3183 109 68 quae
1046 3183 82 68 de
1087 3183 123 68 rebus
1169 3183 150 68 omnibus
1278 3183 232 68 vniuersaliter
1469 3183 218 68 praedicatur.
1646 3183 82 68 i.
1674 3183 136 68 substan-

72 3231 115 87 tia,
143 3231 187 87 qualitas,
287 3231 201 87 quantitas,
445 3231 86 87 ad
488 3231 172 87 aliquid,
617 3231 115 87 vbi,
689 3231 129 87 situm
775 3231 129 87 esse,
861 3231 158 87 facere,
976 3231 129 87 pati,
1062 3231 115 87 pars
1134 3231 129 87 eorum
1220 3231 86 87 in
1263 3231 201 87 reliquarum
1421 3231 129 87 rerum
1507 3231 244 87 praedicatione
1694 3231 129 87 substam
