2328 3782
54 326 200 86 specie,
199 326 164 86 multa
309 326 255 86 speciebus,
509 326 146 86 vnum
600 326 200 86 genere,
746 326 164 86 multa
855 326 346 86 possessionibus,
1146 326 146 86 vnum
1237 326 255 86 principio.
1438 326 91 86 &
1474 326 219 86 secundum
1638 326 127 86 hoc
1693 326 127 86 vnun-

58 394 200 72 quodque
203 394 145 72 vnum
294 394 200 72 minorem
439 394 164 72 habet
548 394 236 72 vnitatem,
730 394 236 72 inquantum
912 394 200 72 amplius
1057 394 182 72 diuidi
1184 394 200 72 potest,
1330 394 91 72 &
1366 394 182 72 vnitas
1493 394 182 72 diuina
1620 394 182 72 omnino
1729 394 91 72 api

63 449 116 70 cem
130 449 166 70 tenet,
246 449 100 70 eo
296 449 133 70 quod
379 449 166 70 omnino
495 449 282 70 indiuisibilis
727 449 133 70 est:
810 449 100 70 vt
860 449 149 70 patet
959 449 100 70 ex
1009 449 282 70 quaestionibus
1241 449 199 70 articuli
1391 449 282 70 praecedentis.
1623 449 100 70 Et
1656 449 166 70 secundum

64 506 124 59 hoc
135 506 160 59 dicit
242 506 196 59 Auicen.
384 506 142 59 iii.
473 506 160 59 meta.
580 506 178 59 Vnitas
704 506 249 59 aggregalis
900 506 213 59 debilior
1060 506 124 59 est
1131 506 196 59 vnitate
1273 506 320 59 continuitatis.
1540 506 107 59 In
1593 506 196 59 vnitate
1717 506 107 59 enim

60 562 288 65 continuitatis
297 562 118 65 non
365 562 118 65 est
432 562 220 65 multitudo
601 562 101 65 in
652 562 203 65 effectu:
804 562 118 65 sed
872 562 101 65 in
923 562 203 65 potentia
1075 562 186 65 tantum.
1210 562 101 65 In
1261 562 186 65 vnitate
1396 562 152 65 autem
1498 562 220 65 aggregali
1667 562 118 65 est
1718 562 101 65 ali-

68 610 125 64 qua
139 610 232 64 multitudo
318 610 107 64 in
371 610 214 64 effectu.
532 610 178 64 Vnitas
656 610 143 64 enim
746 610 125 64 sua
817 610 143 64 quia
906 610 214 64 diminuta
1066 610 143 64 est,
1155 610 125 64 non
1227 610 178 64 aufert
1352 610 107 64 ei
1405 610 303 64 multitudinem.
1655 610 107 64 Et
1690 610 125 64 talis

48 668 125 63 est
120 668 143 63 illa
209 668 143 63 quae
298 668 232 63 reperitur
476 668 107 63 in
530 668 196 63 numero,
673 668 107 63 de
726 668 125 63 qua
798 668 161 63 nobis
905 668 161 63 debet
1012 668 143 63 esse
1101 668 178 63 sermo.
1226 668 107 63 De
1280 668 125 63 vno
1351 668 178 63 igitur
1476 668 232 63 sciendum:
1654 668 143 63 quod
1726 668 89 63 cum

56 715 120 63 sit
124 715 120 63 ens
193 715 137 63 quod
278 715 120 63 non
347 715 223 63 diuiditur
518 715 137 63 siue
604 715 223 63 indiuisum
775 715 137 63 est,
860 715 223 63 inquantum
1032 715 120 63 est
1100 715 137 63 vnum
1186 715 137 63 illa
1271 715 171 63 natura
1391 715 154 63 entis
1494 715 120 63 aut
1562 715 205 63 convenit
1699 715 120 63 situi

48 772 126 66 aut
120 772 144 66 non.
210 772 162 66 Primo
318 772 144 66 modo
409 772 270 66 dupliciter.
625 772 126 66 Aut
697 772 144 66 enim
787 772 162 66 illud
895 772 126 66 ens
968 772 288 66 consideratur
1202 772 108 66 vt
1256 772 126 66 est
1328 772 126 66 sub
1400 772 162 66 situ,
1508 772 126 66 aut
1563 772 252 66 consideratur

50 824 168 67 absque
168 824 168 67 situm.
285 824 118 67 Cum
352 824 118 67 ens
420 824 118 67 est
487 824 218 67 indiuisum
655 824 134 67 quod
739 824 168 67 omnino
856 824 118 67 non
923 824 201 67 conuenit
1074 824 168 67 situi,
1192 824 134 67 tunc
1276 824 118 67 est
1343 824 168 67 vnitas
1460 824 302 67 substantialis,
1712 824 134 67 quae

52 878 112 57 est
116 878 96 57 in
164 878 239 57 substantiis
355 878 207 57 separatis
515 878 80 57 a
547 878 191 57 materia.
690 878 160 57 Maxime
802 878 191 57 secundum
946 878 239 57 philosophos
1137 878 191 57 ponentes
1281 878 160 57 vnicam
1392 878 112 57 sub
1456 878 112 57 vna
1520 878 176 57 specie.
1648 878 144 57 Aliis
1743 878 112 57 duo

54 932 111 66 bus
117 932 142 66 modis
212 932 190 66 scilicet
354 932 111 66 cum
417 932 111 66 est
481 932 111 66 ens
544 932 205 66 indiuisum
702 932 126 66 quod
781 932 190 66 convenit
923 932 158 66 situi,
1033 932 111 66 est
1097 932 158 66 vnitas
1207 932 253 66 accidentalis
1412 932 126 66 quae
1491 932 205 66 inuenitur
1649 932 95 66 in
1681 932 142 66 quanti-

53 986 156 63 tate.
157 986 104 63 Et
208 986 121 63 est
278 986 173 63 vnitas
399 986 242 63 principium
589 986 190 63 numeri,
728 986 121 63 cum
797 986 277 63 consideratur
1022 986 173 63 absque
1143 986 156 63 situ,
1247 986 173 63 vnitas
1368 986 138 63 quae
1455 986 156 63 cadit
1558 986 104 63 in
1610 986 190 63 punctum
1731 986 87 63 cum

56 1043 255 65 consideratur
263 1043 96 65 vt
311 1043 111 65 sub
374 1043 143 65 situ.
470 1043 191 65 secundum
613 1043 127 65 quod
693 1043 143 65 dicit
788 1043 175 65 Commen.
916 1043 159 65 super.
1027 1043 96 65 v.
1075 1043 143 65 meta.
1170 1043 96 65 c.
1218 1043 96 65 de
1266 1043 127 65 vno.
1345 1043 143 65 Debes
1441 1043 143 65 scire
1536 1043 127 65 quod
1616 1043 127 65 vnum
1696 1043 96 65 in
1727 1043 96 65 quam

57 1094 170 59 titate
176 1094 102 59 si
227 1094 119 59 non
296 1094 204 59 habuerit
449 1094 170 59 situm,
568 1094 119 59 est
636 1094 239 59 principium
824 1094 239 59 numerorum.
1011 1094 102 59 Si
1062 1094 136 59 vero
1147 1094 222 59 habuerit,
1318 1094 119 59 est
1386 1094 204 59 punctus.
1539 1094 102 59 Et
1590 1094 204 59 vniuntur
1727 1094 102 59 haec

52 1147 135 68 tria
136 1147 101 68 in
187 1147 118 68 vno
254 1147 135 68 modo
338 1147 219 68 vnitatis.
506 1147 135 68 Alio
590 1147 135 68 modo
674 1147 269 68 distinguendo
893 1147 151 68 vnum.
994 1147 202 68 scilicet
1145 1147 135 68 quod
1230 1147 135 68 vnum
1314 1147 185 68 numero,
1448 1147 135 68 quod
1532 1147 118 68 cum
1600 1147 135 68 alio
1684 1147 151 68 debet
1768 1147 67 68 fa

45 1200 143 63 cere
135 1200 215 63 numerum,
296 1200 126 63 aut
368 1200 126 63 est
439 1200 143 63 tale
529 1200 143 63 quod
619 1200 108 63 in
673 1200 126 63 sua
744 1200 305 63 singularitate
995 1200 126 63 non
1067 1200 126 63 est
1139 1200 161 63 natum
1246 1200 179 63 diuidi
1372 1200 215 63 secundum
1533 1200 108 63 id
1587 1200 108 63 in
1641 1200 126 63 quo
1695 1200 126 63 habet

60 1252 147 59 suam
151 1252 257 59 singularem
353 1252 238 59 vnitatem,
536 1252 128 59 aut
610 1252 110 59 in
665 1252 128 59 sua
738 1252 312 59 singularitate
995 1252 165 59 natum
1105 1252 128 59 est
1178 1252 202 59 diuidi,
1325 1252 92 59 &
1362 1252 220 59 secundum
1527 1252 110 59 id
1582 1252 110 59 in
1637 1252 128 59 quo
1692 1252 128 59 habet

61 1306 132 64 sua
136 1306 357 64 singularitatem:
437 1306 169 64 Primo
550 1306 150 64 modo
644 1306 132 64 est
719 1306 188 64 vnitas
851 1306 113 64 in
907 1306 207 64 omnibus
1057 1306 188 64 quoquo
1189 1306 150 64 modo
1283 1306 244 64 separatis
1471 1306 94 64 a
1508 1306 263 64 quantitate
1696 1306 132 64 conti

59 1362 141 55 nua,
147 1362 88 55 &
183 1362 159 55 etiam
288 1362 106 55 in
341 1362 123 55 his
412 1362 141 55 quae
500 1362 176 55 habent
623 1362 264 55 quantitatem
834 1362 211 55 secundum
993 1362 106 55 id
1046 1362 141 55 quod
1134 1362 141 55 sunt
1222 1362 123 55 ens
1293 1362 88 55 &
1328 1362 194 55 aliquid
1469 1362 106 55 in
1522 1362 176 55 natura
1645 1362 123 55 sua
1715 1362 88 55 &
1733 1362 88 55 es-

50 1417 160 65 sentia
162 1417 176 65 praeter
289 1417 239 65 intentionem
481 1417 207 65 continuae
640 1417 255 65 quantitatis.
848 1417 207 65 cuiusmodi
1007 1417 128 65 sunt
1087 1417 144 65 omnia
1183 1417 176 65 praeter
1310 1417 128 65 illa
1390 1417 128 65 quae
1470 1417 128 65 sunt
1550 1417 96 65 de
1582 1417 239 65 praedicamento

55 1472 257 61 quantitatis
261 1472 240 61 continuae.
449 1472 137 61 Vnde
535 1472 154 61 forma
638 1472 189 61 simplex
775 1472 206 61 secundum
929 1472 137 61 quod
1015 1472 120 61 est
1084 1472 206 61 essentia
1238 1472 206 61 quaedam,
1392 1472 137 61 etsi
1478 1472 120 61 sit
1547 1472 257 61 diuisibilis
1752 1472 103 61 in

53 1530 146 62 plura
150 1530 227 62 supposita,
328 1530 195 62 secundum
474 1530 146 62 tamen
572 1530 130 62 quod
653 1530 146 62 habet
750 1530 292 62 singularitatem
993 1530 162 62 omnino
1107 1530 243 62 diuisibilis
1301 1530 113 62 non
1366 1530 130 62 est.
1447 1530 146 62 Sicut
1544 1530 130 62 iste
1625 1530 130 62 homo
1690 1530 130 62 singu-

61 1577 154 61 laris
163 1577 205 61 secundum
317 1577 137 61 suam
403 1577 171 61 formam
523 1577 239 61 singularem
711 1577 154 61 huius
813 1577 256 61 humanitatis
1018 1577 120 61 non
1087 1577 154 61 habet
1189 1577 171 61 diuidi
1309 1577 188 61 omnino.
1446 1577 222 61 Similiter
1617 1577 154 61 neque
1719 1577 137 61 ali-

54 1631 124 63 quod
131 1631 170 63 aliorum
255 1631 155 63 entium
363 1631 186 63 secundum
503 1631 93 63 id
549 1631 124 63 quod
627 1631 139 63 habet
720 1631 124 63 esse
797 1631 170 63 aliquid
921 1631 170 63 praeter
1045 1631 232 63 quantitatem
1231 1631 217 63 continuam.
1402 1631 124 63 Sola
1479 1631 124 63 enim
1557 1631 201 63 quantitas
1696 1631 124 63 conti-

51 1684 114 56 nua
116 1684 195 56 secundum
262 1684 97 56 id
310 1684 130 56 quod
391 1684 114 56 est
456 1684 97 56 in
505 1684 162 56 natura
619 1684 81 56 &
651 1684 195 56 essentia
797 1684 114 56 sua
862 1684 114 56 per
927 1684 97 56 se
975 1684 243 56 diuisibilis
1170 1684 130 56 est.
1251 1684 130 56 Vnde
1332 1684 162 56 vnitas
1446 1684 178 56 secundo
1576 1684 130 56 modo
1657 1684 114 56 est
1722 1684 97 56 in
1754 1684 65 56 ha

53 1740 196 67 bentibus
199 1740 196 67 materiam
346 1740 114 67 sub
411 1740 228 67 quantitate
590 1740 196 67 continua
737 1740 212 67 extensam.
900 1740 130 67 lsta
982 1740 130 67 enim
1063 1740 212 67 magnitudo
1226 1740 228 67 singularis
1405 1740 196 67 secundum
1552 1740 130 67 suam
1633 1740 163 67 formam
1748 1740 114 67 sin

61 1790 183 68 gularis
194 1790 266 68 magnitudinis
410 1790 133 68 quae
493 1790 116 68 est
560 1790 133 68 vnum
643 1790 183 68 aliquod
776 1790 216 68 indiuisum
942 1790 100 68 in
992 1790 149 68 actu,
1091 1790 133 68 nata
1174 1790 116 68 est
1241 1790 166 68 diuidi
1357 1790 100 68 in
1407 1790 149 68 plura
1506 1790 199 68 secundum
1639 1790 183 68 magnitudi

64 1843 123 70 nes
135 1843 210 70 proprias
292 1843 263 70 singulares,
502 1843 175 70 quarum
625 1843 280 70 multitudinem
852 1843 193 70 virtute
992 1843 88 70 &
1027 1843 210 70 potentia
1185 1843 245 70 continebat
1377 1843 158 70 prior
1482 1843 175 70 vnitas
1605 1843 228 70 indiuisa,
1762 1843 53 70 a

57 1896 126 64 quae
136 1896 111 64 per
199 1896 221 64 diuisionem
373 1896 221 64 receditur,
547 1896 79 64 &
578 1896 142 64 tanto
673 1896 142 64 plus,
768 1896 158 64 quanto
878 1896 126 64 plus
957 1896 205 64 multitudo
1115 1896 111 64 per
1178 1896 221 64 diuisionem
1352 1896 284 64 multiplicatur.
1589 1896 95 64 Et
1636 1896 111 64 est
1700 1896 126 64 haec
1763 1896 63 64 na

52 1955 147 64 tura
143 1955 220 64 vnitatis
309 1955 147 64 quae
400 1955 129 64 est
474 1955 257 64 principium
676 1955 312 64 constitutiuum
933 1955 202 64 numeri.
1080 1955 202 64 Virtute
1227 1955 147 64 enim
1318 1955 184 64 vnitas
1447 1955 92 64 a
1484 1955 129 64 qua
1557 1955 220 64 procedit
1704 1955 110 64 nume

59 2003 131 61 rus,
140 2003 147 61 totum
238 2003 196 61 numerum,
385 2003 82 61 &
418 2003 147 61 omnes
516 2003 163 61 partes
630 2003 131 61 eius
711 2003 98 61 in
760 2003 98 61 se
809 2003 212 61 continet.
972 2003 196 61 secundum
1119 2003 131 61 quod
1201 2003 147 61 dicit
1299 2003 163 61 Diony.
1413 2003 98 61 c.
1462 2003 98 61 v.
1511 2003 98 61 de
1560 2003 114 61 di.
1625 2003 114 61 no.
1690 2003 98 61 In
1723 2003 98 61 mona

54 2064 113 61 de
111 2064 170 61 omnis
224 2064 207 61 numerus
375 2064 283 61 vniformiter
601 2064 151 61 ante
695 2064 264 61 subsistit,
902 2064 94 61 &
940 2064 170 61 habet
1053 2064 207 61 numerum
1204 2064 170 61 omnem
1317 2064 170 61 monas
1430 2064 113 61 in
1487 2064 188 61 seipsa
1600 2064 226 61 singulari-

50 2117 146 61 ter,
141 2117 91 61 &
178 2117 164 61 omnis
287 2117 201 61 numerus
433 2117 183 61 vnitur
561 2117 183 61 quidem
689 2117 110 61 in
744 2117 201 61 monade:
890 2117 201 61 quantum
1036 2117 164 61 autem
1145 2117 91 61 a
1182 2117 183 61 monade
1310 2117 164 61 prima
1419 2117 201 61 recedit
1565 2117 183 61 tantum
1675 2117 146 61 multi-

48 2161 229 71 plicatur.
224 2161 246 71 Veruntamen
418 2161 317 71 intelligendum:
682 2161 141 71 quod
770 2161 158 71 monas
875 2161 141 71 quae
963 2161 123 71 est
1033 2161 246 71 principium
1227 2161 193 71 numeri,
1368 2161 176 71 potest
1491 2161 176 71 habere
1614 2161 106 71 in
1667 2161 106 71 se
1702 2161 123 71 omnem

56 2229 181 52 numerum
187 2229 115 52 qui
253 2229 197 52 procedit
400 2229 99 52 ab
450 2229 148 52 ipsa,
548 2229 246 52 dupliciter,
745 2229 115 52 vel
811 2229 197 52 secundum
959 2229 246 52 substantiam
1156 2229 82 52 &
1189 2229 197 52 naturam,
1336 2229 115 52 vel
1402 2229 197 52 secundum
1550 2229 213 52 potentiam
1714 2229 82 52 &
1730 2229 99 52 vir-

54 2272 192 65 tutem.
188 2272 173 65 Primo
304 2272 154 65 modo
400 2272 173 65 monas
515 2272 115 65 in
572 2272 288 65 magnitudine
803 2272 173 65 habet
918 2272 115 65 in
976 2272 115 65 se
1033 2272 173 65 omnem
1149 2272 231 65 numerum,
1322 2272 134 65 qui
1398 2272 134 65 per
1475 2272 269 65 diuisionem
1667 2272 154 65 magni-

53 2334 196 60 tudinis
196 2334 178 60 potest
321 2334 143 60 inde
410 2334 250 60 procedere.
606 2334 107 60 Et
660 2334 143 60 quia
749 2334 178 60 vnitas
874 2334 161 60 talis
981 2334 196 60 accidit
1124 2334 268 60 substantiae
1338 2334 125 60 rei
1410 2334 125 60 per
1481 2334 286 60 magnitudinem
1713 2334 143 60 quae

51 2378 113 67 per
115 2378 97 67 se
164 2378 113 67 est
228 2378 258 67 diuisibilis,
438 2378 177 67 accidit
566 2378 145 67 etiam
663 2378 97 67 ei
711 2378 177 67 diuidi,
840 2378 81 67 &
873 2378 258 67 multiplicari
1082 2378 193 67 secundum
1227 2378 177 67 numerum
1356 2378 161 67 talium
1469 2378 209 67 vnitatum,
1630 2378 113 67 per
1678 2378 129 67 illius

47 2438 200 61 scilicet
198 2438 200 61 vnitatis
348 2438 234 61 diuisionem
531 2438 100 61 in
582 2438 117 61 qua
648 2438 184 61 fuerunt
782 2438 184 61 vnitae:
915 2438 100 61 vt
966 2438 150 61 patet
1066 2438 100 61 in
1116 2438 217 61 diuisione
1283 2438 150 61 vnius
1383 2438 167 61 lineae
1500 2438 100 61 in
1550 2438 184 61 plures:
1683 2438 117 61 vel
1750 2438 100 61 in

54 2485 121 66 qua
123 2485 155 66 natae
226 2485 189 66 fuerunt
364 2485 172 66 vniri:
484 2485 103 66 vt
536 2485 155 66 patet
639 2485 103 66 in
691 2485 224 66 diuisione
863 2485 189 66 plurium
1001 2485 155 66 rerum
1105 2485 276 66 corporalium,
1328 2485 138 66 siue
1415 2485 189 66 genere,
1552 2485 138 66 siue
1639 2485 189 66 specie,
1759 2485 69 66 si

54 2540 110 54 ue
109 2540 184 54 numero
237 2540 312 54 distinctarum.
495 2540 165 54 Omnis
605 2540 147 54 enim
697 2540 221 54 materia,
862 2540 92 54 &
899 2540 165 54 omnis
1009 2540 239 54 magnitudo
1193 2540 92 54 &
1230 2540 239 54 quantitas
1414 2540 221 54 continua
1579 2540 239 54 inquantum
1744 2540 74 54 hu

52 2591 203 68 iusmodi
199 2591 148 68 nata
292 2591 129 68 est
366 2591 148 68 esse
458 2591 129 68 vna
532 2591 259 68 magnitudo,
735 2591 92 68 &
772 2591 148 68 vnum
864 2591 259 68 continuum,
1068 2591 92 68 &
1105 2591 129 68 vna
1178 2591 222 68 materia,
1345 2591 148 68 nisi
1437 2591 166 68 esset
1548 2591 259 68 diuersitas
1733 2591 92 68 for

54 2644 140 66 marum
148 2644 280 66 substantialium
381 2644 280 66 distinguentium
615 2644 109 66 res
677 2644 187 66 secundum
817 2644 249 66 magnitudines
1020 2644 202 66 diuersas.
1175 2644 140 66 Eorma
1269 2644 125 66 enim
1346 2644 187 66 diuidit:
1487 2644 93 66 vt
1533 2644 140 66 dicit
1611 2644 218 66 Philosophus.

57 2700 129 60 Vnde
138 2700 81 60 &
170 2700 145 60 licet
267 2700 178 60 numerus
396 2700 145 60 omnis
493 2700 161 60 maxime
606 2700 161 60 talium
719 2700 194 60 vnitatum
864 2700 113 60 sit
929 2700 258 60 accidentalis
1139 2700 161 60 qualem
1252 2700 194 60 viderunt
1397 2700 242 60 philosophi,
1591 2700 129 60 quia
1672 2700 113 60 non
1720 2700 97 60 pro-

55 2753 158 66 cedit
161 2753 140 66 nisi
249 2753 105 66 ex
301 2753 334 66 multiplicatione
582 2753 211 66 vnitatum
740 2753 123 66 per
810 2753 246 66 diuisionem
1003 2753 211 66 continui
1161 2753 281 66 procedentem:
1390 2753 158 66 sicut
1495 2753 211 66 testatur
1635 2753 176 66 Boethius

57 2811 182 61 loquens
190 2811 99 61 de
240 2811 132 61 tali
322 2811 166 61 nuero,
438 2811 116 61 cum
504 2811 149 61 dicit
604 2811 99 61 in
653 2811 149 61 libro
753 2811 99 61 de
802 2811 182 61 vnitate
935 2811 83 61 &
968 2811 132 61 vno.
1051 2811 232 61 Pluralitas
1233 2811 116 61 non
1299 2811 116 61 est
1365 2811 132 61 nisi
1448 2811 99 61 ex
1498 2811 265 61 aggregatione
1696 2811 116 61 vnita

54 2865 137 63 tum.
140 2865 137 63 Quae
225 2865 206 63 vnitates
379 2865 103 63 si
431 2865 137 63 sint
517 2865 257 63 disgregatae
722 2865 189 63 faciunt
859 2865 291 63 multitudinem.
1099 2865 103 63 Si
1151 2865 137 63 vero
1236 2865 137 63 sint
1322 2865 257 63 congregatae
1528 2865 103 63 in
1579 2865 189 63 materia
1716 2865 86 63 &
1733 2865 86 63 con

51 2918 177 64 tinuo,
175 2918 195 64 faciunt
317 2918 302 64 magnitudinem.
566 2918 142 64 Vnde
655 2918 195 64 propter
797 2918 213 64 vnitates
956 2918 266 64 quantitatis
1169 2918 231 64 continuae
1347 2918 248 64 existentes
1542 2918 106 64 in
1595 2918 231 64 potentia,
1755 2918 53 64 &

56 2973 208 59 discretae
216 2973 224 59 existentes
392 2973 96 59 in
440 2973 144 59 actu,
536 2973 192 59 continue
680 2973 176 59 subdit.
808 2973 192 59 Nihilque
952 2973 192 59 interest
1096 2973 128 59 nisi
1176 2973 128 59 quod
1256 2973 144 59 illae
1352 2973 240 59 disgregatae
1544 2973 144 59 sunt:
1640 2973 144 59 istae
1720 2973 96 59 vero

55 3020 253 60 continuae.
254 3020 108 60 Re
308 3020 144 60 vera
398 3020 162 60 nihil
506 3020 199 60 differt
651 3020 108 60 ex
705 3020 162 60 parte
813 3020 126 60 rei
885 3020 90 60 &
921 3020 181 60 numeri
1048 3020 217 60 secundum
1210 3020 144 60 esse
1301 3020 144 60 quod
1391 3020 162 60 habet
1499 3020 108 60 in
1553 3020 217 60 continuo
1716 3020 90 60 &
1752 3020 108 60 in

58 3073 192 60 materia
197 3073 245 60 sensibili.
389 3073 175 60 Refert
512 3073 157 60 tamen
617 3073 175 60 multum
739 3073 105 60 ex
791 3073 157 60 parte
896 3073 262 60 intellectus
1106 3073 175 60 nostri
1228 3073 87 60 &
1263 3073 175 60 numeri
1385 3073 210 60 secundum
1542 3073 140 60 esse
1630 3073 140 60 quod
1700 3073 122 60 habet

56 3128 210 59 abstractum
221 3128 90 59 in
266 3128 150 59 anima.
371 3128 90 59 In
416 3128 135 59 rebus
506 3128 120 59 enim
581 3128 105 59 non
641 3128 135 59 habet
731 3128 120 59 esse
806 3128 120 59 nisi
881 3128 180 59 secundum
1016 3128 135 59 situm
1106 3128 90 59 in
1151 3128 195 59 continuo:
1301 3128 90 59 in
1346 3128 135 59 anima
1436 3128 135 59 autem
1526 3128 135 59 habet
1616 3128 120 59 esse
1676 3128 135 59 abstra-

61 3177 134 77 ctum
145 3177 84 77 a
179 3177 151 77 situ,
279 3177 84 77 &
313 3177 218 77 continuo.
480 3177 117 77 Sic
548 3177 134 77 ergo
631 3177 101 77 vt
682 3177 168 77 dictum
799 3177 117 77 est
866 3177 168 77 vnitas
984 3177 101 77 in
1034 3177 201 77 continuo
1185 3177 101 77 in
1235 3177 201 77 potentia
1386 3177 117 77 est
1453 3177 151 77 omnis
1554 3177 184 77 numerus
1688 3177 101 77 ex
1721 3177 101 77 ipsa

49 3235 376 87 multiplicabilis,
369 3235 94 87 &
406 3235 263 87 principium
613 3235 207 87 numeri:
763 3235 132 87 non
839 3235 150 87 quia
933 3235 113 87 in
989 3235 244 87 numerando
1177 3235 169 87 primo
1290 3235 132 87 est
1365 3235 188 87 vnitas
1496 3235 226 87 accepta,
1666 3235 94 87 &
1703 3235 150 87 dein
