2319 3778
464 322 101 81 de
515 322 219 81 dualitas,
683 322 84 81 &
716 322 118 81 sic
784 322 219 81 deinceps:
952 322 118 81 sed
1019 322 135 81 quia
1103 322 101 81 de
1154 322 101 81 eo
1204 322 135 81 quod
1288 322 151 81 primo
1389 322 118 81 est
1456 322 135 81 vnum
1540 322 101 81 in
1591 322 118 81 se,
1658 322 118 81 vel
1725 322 151 81 natum
1826 322 118 81 est
1894 322 151 81 esse,
1995 322 151 81 prima
2079 322 151 81 diuisio

455 387 103 59 ne
506 387 120 59 fit
575 387 137 59 duo,
661 387 189 59 secunda
798 387 223 59 diuisione
970 387 120 59 fit
1038 387 154 59 tria,
1141 387 86 59 &
1176 387 120 59 sic
1244 387 206 59 deinceps
1399 387 103 59 in
1450 387 223 59 infinitum
1622 387 172 59 semper
1742 387 223 59 augmentum
1914 387 172 59 numeri
2017 387 223 59 praecedente

455 439 221 70 diuisione
625 439 221 70 continui:
794 439 102 70 vt
845 439 237 70 determinat
1032 439 254 70 Philosophus
1235 439 102 70 in
1286 439 136 70 iii.
1371 439 170 70 physi.
1490 439 204 70 Secundum
1642 439 221 70 potentiam
1812 439 136 70 vero
1897 439 85 70 &
1931 439 204 70 virtutem
2066 439 170 70 multipli

472 494 218 64 cationem
635 494 91 64 &
671 494 200 64 numerum
817 494 163 64 omnis
925 494 127 64 rei
998 494 163 64 habet
1107 494 109 64 in
1161 494 109 64 se
1216 494 181 64 vnitas
1343 494 163 64 prima
1452 494 145 64 quae
1542 494 145 64 deus
1633 494 145 64 est,
1724 494 91 64 a
1760 494 127 64 qua
1833 494 163 64 omnis
1942 494 236 64 multitudo
2105 494 127 64 crea-

467 549 172 70 turarum
592 549 203 70 procedit.
748 549 187 70 secundum
889 549 125 70 quod
967 549 141 70 dicit
1061 549 156 70 Diony.
1170 549 94 70 v.
1217 549 94 70 c.
1264 549 94 70 de
1311 549 109 70 di.
1373 549 109 70 no.
1436 549 94 70 In
1482 549 125 70 tota
1561 549 156 70 omnium
1670 549 156 70 natura
1779 549 141 70 omnes
1873 549 187 70 secundum
2013 549 187 70 singulas
2138 549 94 70 natu

463 603 114 69 rae
528 603 196 69 rationes
675 603 228 69 convolutae
854 603 131 69 sunt
936 603 114 69 per
1001 603 131 69 vnam
1083 603 228 69 inconfusam
1262 603 212 69 vnitatem.
1425 603 82 69 &
1458 603 114 69 ca.
1523 603 147 69 xiii.
1621 603 114 69 Dia
1686 603 98 69 in
1735 603 163 69 seipso
1849 603 131 69 vnum
1931 603 245 69 vniformiter
2110 603 131 69 praeam

463 656 116 62 bit
529 656 83 62 &
562 656 330 62 circumprehendit.
842 656 132 62 Aquo
925 656 116 62 vno
991 656 215 62 procedunt
1156 656 149 62 omnia
1255 656 198 62 secundum
1403 656 182 62 numerum
1535 656 116 62 non
1601 656 116 62 per
1667 656 165 62 ipsius
1783 656 248 62 diuisionem:
1981 656 99 62 vt
2030 656 99 62 de
2080 656 132 62 ipso
2146 656 83 62 vno

452 708 160 70 fiant
559 708 142 70 duo:
648 708 107 70 vt
701 708 196 70 accidit
844 708 107 70 in
897 708 178 70 numero
1022 708 125 70 qui
1093 708 214 70 procedit
1253 708 107 70 ex
1307 708 125 70 vno
1378 708 107 70 in
1431 708 231 70 continuis
1609 708 160 70 sicut
1716 708 178 70 dictum
1840 708 142 70 est:
1929 708 125 70 sed
2001 708 125 70 per
2054 708 178 70 causalem

452 773 233 58 rationem:
631 773 108 58 vt
685 773 108 58 de
739 773 126 58 vno
811 773 161 58 primo
918 773 233 58 principio
1098 773 197 58 causali
1241 773 179 58 omnium
1367 773 161 58 primo
1475 773 215 58 procedat
1636 773 215 58 secundum
1797 773 108 58 id
1851 773 144 58 quod
1941 773 126 58 est
2013 773 179 58 primum
2120 773 108 58 cau-

460 816 179 68 satum,
586 816 90 68 &
621 816 143 68 post
711 816 161 68 illud
819 816 215 68 tertium,
980 816 90 68 &
1016 816 126 68 sic
1088 816 215 68 deinceps
1249 816 161 68 vsque
1356 816 108 68 ad
1410 816 197 68 vltimam
1554 816 251 68 creaturam,
1751 816 90 68 &
1787 816 126 68 hoc
1859 816 179 68 semper
1984 816 215 68 secundum
2127 816 108 68 gra-

471 869 123 70 dus
542 869 247 70 dignitatis
736 869 194 70 naturae
877 869 247 70 procedendo
1070 869 106 70 ab
1123 869 176 70 infima
1246 869 264 70 creaturarum
1458 869 159 70 vsque
1564 869 106 70 ad
1616 869 229 70 supremam,
1793 869 123 70 vel
1863 869 299 70 determinatam,
2110 869 106 70 si
2145 869 88 70 sit

455 925 124 51 eam
526 925 195 51 ponere,
668 925 124 51 vel
739 925 319 51 indeterminatam
1004 925 106 51 in
1057 925 230 51 infinitum
1235 925 266 51 procedendo.
1447 925 124 51 Nam
1518 925 106 51 vt
1571 925 159 51 dicit
1677 925 248 51 Dionysius.
1872 925 106 51 in
1925 925 213 51 epistola
2085 925 106 51 ad
2120 925 124 51 Demo-

465 975 194 72 philum,
606 975 246 72 vnaquaeque
800 975 158 72 circa
905 975 141 72 deum
993 975 246 72 dispositio
1187 975 246 72 deiformior
1381 975 158 72 magis
1486 975 211 72 distante
1645 975 141 72 est,
1733 975 88 72 &
1768 975 264 72 illuminatio
1979 975 158 72 magis
2085 975 141 72 vero
2155 975 88 72 lu-

472 1042 146 60 mini
563 1042 255 60 proximior,
763 1042 127 60 non
836 1042 236 60 localiter
1017 1042 255 60 accipiens,
1218 1042 127 60 sed
1290 1042 218 60 secundum
1454 1042 127 60 dei
1527 1042 273 60 receptricem
1745 1042 346 60 opportunissimam
2018 1042 218 60 proximita-

472 1082 140 62 tem.
559 1082 87 62 &
594 1082 105 62 de
646 1082 122 62 di.
716 1082 122 62 no.
786 1082 105 62 c.
839 1082 157 62 iiii.
943 1082 122 62 Per
1013 1082 157 62 omnia
1118 1082 192 62 veniens
1258 1082 297 62 perfectissima
1503 1082 192 62 bonitas
1643 1082 157 62 solas
1748 1082 175 62 implet
1870 1082 157 62 circa
1975 1082 105 62 se
2027 1082 192 62 optimas
2150 1082 87 62 es-

472 1135 200 68 sentias:
622 1135 233 68 extenditur
806 1135 150 68 autem
906 1135 150 68 vsque
1006 1135 100 68 ad
1056 1135 250 68 nouissimas,
1256 1135 117 68 his
1323 1135 167 68 quidem
1440 1135 283 68 vniuersaliter
1673 1135 233 68 adueniens,
1856 1135 117 68 his
1923 1135 150 68 autem
2023 1135 167 68 minus:
2123 1135 117 68 aliis

475 1192 145 57 autem
571 1192 225 57 nouissime:
748 1192 96 57 vt
797 1192 241 57 vnumquodque
990 1192 113 57 eam
1054 1192 241 57 participare
1247 1192 161 57 potest
1359 1192 257 57 existentium.
1569 1192 80 57 &
1601 1192 96 57 de
1649 1192 129 57 cae.
1729 1192 145 57 Hier.
1826 1192 96 57 c.
1874 1192 129 57 xii.
1955 1192 96 57 In
1987 1192 257 57 participatione

475 1246 230 55 sapientiae
655 1246 131 55 esse
737 1246 82 55 &
770 1246 230 55 scientiae,
950 1246 131 55 cone
1032 1246 115 55 est
1098 1246 180 55 omnibus
1229 1246 246 55 deiformibus
1426 1246 344 55 intellectualibus:
1721 1246 115 55 sed
1787 1246 148 55 sicut
1885 1246 213 55 vnicuique
2049 1246 180 55 propria
2164 1246 82 55 de-

472 1295 163 68 finit
580 1295 235 68 analogia.
761 1295 127 68 Hoc
834 1295 163 68 autem
942 1295 90 68 &
979 1295 109 68 de
1033 1295 199 68 omnibus
1178 1295 199 68 diuinis
1322 1295 217 68 mentibus
1485 1295 127 68 non
1557 1295 217 68 fortasse
1720 1295 145 68 quis
1811 1295 181 68 errans
1937 1295 235 68 definiet.
2118 1295 109 68 Et
2155 1295 90 68 per

478 1353 130 61 haec
559 1353 147 61 omnia
657 1353 98 61 ad
706 1353 163 61 primum
820 1353 82 61 &
853 1353 147 61 inter
951 1353 98 61 se
1000 1353 179 61 connexa
1130 1353 130 61 sunt
1212 1353 82 61 &
1244 1353 228 61 colligata,
1424 1353 98 61 vt
1473 1353 163 61 dicit.
1587 1353 130 61 vii.
1668 1353 98 61 c.
1717 1353 98 61 in
1766 1353 147 61 fine.
1864 1353 98 61 Et
1913 1353 114 61 sic
1978 1353 245 61 vniuersitas
2157 1353 82 61 en-

465 1407 159 68 tium,
571 1407 194 68 numerus
713 1407 177 68 quidam
836 1407 141 68 est,
925 1407 212 68 constans
1083 1407 106 68 ex
1136 1407 247 68 vnitatibus
1331 1407 283 68 participatis
1560 1407 106 68 in
1613 1407 230 68 essentiis
1790 1407 177 68 rerum,
1913 1407 230 68 incipiens
2090 1407 106 68 ab
2125 1407 124 68 vnita

466 1472 99 58 te
516 1472 182 58 diuina,
648 1472 132 58 quae
731 1472 165 58 vnitas
846 1472 116 58 est
912 1472 116 58 per
978 1472 215 58 essentiam
1143 1472 116 58 non
1209 1472 116 58 per
1275 1472 330 58 participationem:
1556 1472 83 58 a
1589 1472 116 58 qua
1655 1472 132 58 omne
1737 1472 149 58 aliud
1836 1472 198 58 vnitatem
1985 1472 99 58 in
2034 1472 198 58 essentia
2166 1472 83 58 sua

467 1512 262 72 participat:
676 1512 140 72 quae
763 1512 157 72 etiam
868 1512 122 72 est
938 1512 105 72 in
990 1512 210 72 potentia
1148 1512 157 72 omnis
1252 1512 192 72 numerus
1392 1512 297 72 vniuersitatis
1637 1512 175 72 rerum,
1759 1512 87 72 &
1794 1512 245 72 principium
1986 1512 140 72 eius
2073 1512 122 72 per
2126 1512 122 72 rerum

468 1568 99 70 ab
518 1568 132 70 ipsa
601 1568 331 70 multiplicationem
882 1568 116 70 non
948 1568 116 70 per
1015 1568 182 70 aliquam
1147 1568 116 70 sui
1213 1568 248 70 diuisionem,
1412 1568 149 70 sicut
1511 1568 182 70 accidit
1644 1568 99 70 in
1693 1568 182 70 vnitate
1826 1568 99 70 in
1875 1568 166 70 nunero
1991 1568 248 70 accidentali
2173 1568 83 70 pro

467 1620 175 75 cedente
594 1620 96 75 ex
642 1620 207 75 continuo:
801 1620 96 75 vt
849 1620 159 75 dictum
961 1620 127 75 est.
1040 1620 96 75 Et
1088 1620 111 75 per
1152 1620 111 75 hoc
1215 1620 143 75 recte
1311 1620 207 75 intelligi
1470 1620 159 75 potest
1581 1620 207 75 processus
1741 1620 143 75 rerum
1836 1620 207 75 creatarum
1995 1620 80 75 a
2027 1620 207 75 sapientia
2170 1620 64 75 di

471 1675 162 68 uina,
579 1675 144 68 modo
668 1675 90 68 &
704 1675 179 68 ordine
830 1675 251 68 numerorum:
1027 1675 108 68 vt
1081 1675 197 68 propter
1225 1675 126 68 hoc
1297 1675 233 68 sapientia
1476 1675 179 68 diuina
1602 1675 179 68 numero
1727 1675 269 68 comparetur,
1943 1675 162 68 iuxta
2051 1675 162 68 illud
2140 1675 108 68 quod

467 1725 179 71 dicitur
597 1725 98 71 in
646 1725 130 71 lii.
727 1725 244 71 sapientiae.
923 1725 196 71 Circuiui
1070 1725 114 71 ego
1135 1725 81 71 &
1167 1725 114 71 cor
1233 1725 147 71 meum:
1330 1725 98 71 vt
1379 1725 163 71 scirem
1493 1725 81 71 &
1526 1725 261 71 considerarem
1738 1725 81 71 &
1770 1725 212 71 quaererem
1933 1725 228 71 sapientiam
2113 1725 81 71 &
2129 1725 114 71 nume-

475 1786 121 64 rum.
550 1786 181 64 secundum
686 1786 121 64 quod
762 1786 211 64 determinat
928 1786 211 64 Augustinus
1094 1786 106 64 ii.
1154 1786 91 64 de
1199 1786 106 64 li.
1260 1786 106 64 ar.
1320 1786 106 64 Vbi
1381 1786 196 64 fortassis
1532 1786 226 64 philosophis
1713 1786 226 64 attendentes
1894 1786 166 64 diuinam
2015 1786 211 64 sapientiam
2181 1786 91 64 in

468 1832 140 66 suis
556 1832 210 66 operibus
714 1832 210 66 secundum
871 1832 210 66 rationem
1029 1832 228 66 numerorum
1204 1832 245 66 procedere,
1397 1832 105 66 in
1449 1832 175 66 quibus
1572 1832 140 66 duae
1659 1832 193 66 species
1800 1832 228 66 numerorum
1975 1832 123 66 non
2045 1832 193 66 possunt
2167 1832 88 66 per

478 1888 185 62 eandem
607 1888 351 62 approximationem
902 1888 111 62 se
958 1888 185 62 habere
1087 1888 111 62 ad
1143 1888 240 62 vnitatem:
1327 1888 222 62 dixerunt
1494 1888 148 62 quod
1586 1888 111 62 in
1641 1888 148 62 tota
1734 1888 296 62 vniuersitate
1974 1888 166 62 rerum
2085 1888 129 62 non
2140 1888 111 62 pos-

478 1941 135 68 sent
562 1941 118 68 duo
630 1941 185 68 diuersa
765 1941 169 68 maxime
883 1941 202 68 secundum
1034 1941 219 68 essentiam
1203 1941 236 68 specificam
1388 1941 118 68 per
1456 1941 202 68 aequalem
1607 1941 236 68 distantiam
1793 1941 101 68 se
1843 1941 169 68 habere
1961 1941 101 68 ad
2012 1941 185 68 primum.
2147 1941 101 68 Et
2181 1941 67 68 se

468 1993 170 72 cundum
587 1993 119 72 hoc
655 1993 153 72 etiam
758 1993 239 72 posuerunt,
945 1993 136 72 quod
1030 1993 102 72 ab
1081 1993 136 72 ipso
1167 1993 187 72 tanquam
1303 1993 119 72 vno
1371 1993 119 72 non
1439 1993 170 72 posset
1558 1993 222 72 procedere
1729 1993 222 72 immediate
1899 1993 136 72 nisi
1984 1993 153 72 vnum:
2087 1993 119 72 non
2155 1993 136 72 quin

467 2042 156 70 plura
571 2042 174 70 possit
693 2042 226 70 immediate
866 2042 243 70 producere:
1058 2042 122 70 sed
1127 2042 139 70 quia
1214 2042 156 70 plura
1318 2042 209 70 secundum
1475 2042 226 70 essentiam
1649 2042 122 70 per
1718 2042 261 70 mediationem
1927 2042 87 70 &
1962 2042 209 70 aequalem
2101 2042 156 70 distan-

477 2102 142 68 tiam
566 2102 107 68 in
619 2102 160 68 gradu
726 2102 89 68 &
762 2102 178 68 ordine
886 2102 195 68 naturae
1028 2102 124 68 non
1099 2102 195 68 possunt
1241 2102 107 68 se
1295 2102 107 68 ad
1348 2102 160 68 ipsum
1454 2102 178 68 habere
1579 2102 124 68 per
1650 2102 320 68 immediationem:
1916 2102 160 68 sicut
2023 2102 124 68 nec
2094 2102 142 68 duae
2165 2102 89 68 spe

486 2152 141 62 cies
575 2152 230 62 numerorum
751 2152 106 62 ad
805 2152 177 62 primam
928 2152 230 62 vnitatem.
1105 2152 159 62 Patet
1211 2152 177 62 igitur
1335 2152 106 62 ex
1388 2152 177 62 dictis
1512 2152 141 62 quod
1600 2152 106 62 in
1653 2152 159 62 rebus
1759 2152 141 62 vnus
1847 2152 124 62 est
1918 2152 194 62 numerus
2042 2152 212 62 accidenta-

486 2207 125 57 lis
557 2207 107 57 in
611 2207 249 57 habentibus
807 2207 285 57 magnitudinem
1038 2207 107 57 ex
1091 2207 231 57 diuisione
1269 2207 231 57 continui.
1447 2207 125 57 Est
1518 2207 160 57 etiam
1625 2207 160 57 alius
1732 2207 196 57 numerus
1874 2207 285 57 essentialis,
2106 2207 125 57 qui
2159 2207 89 57 est

480 2263 105 70 in
533 2263 193 70 omnibus
674 2263 193 70 entibus
814 2263 299 70 vniuersaliter
1061 2263 211 70 secundum
1219 2263 105 70 id
1272 2263 141 70 quod
1359 2263 141 70 sunt
1447 2263 193 70 praeter
1588 2263 264 70 intentionem
1799 2263 229 70 continui.
1975 2263 141 70 Vnde
2063 2263 88 70 &
2098 2263 105 70 in
2133 2263 123 70 illis

484 2314 137 71 quae
569 2314 137 71 sunt
655 2314 171 71 omnino
775 2314 205 71 separata
929 2314 86 71 a
963 2314 188 71 materia
1100 2314 86 71 &
1134 2314 274 71 magnitudine,
1356 2314 240 71 philosophi
1545 2314 120 71 non
1613 2314 222 71 posuerunt
1784 2314 188 71 numerum
1921 2314 291 71 accidentalem,
2160 2314 120 71 sed

487 2369 253 69 essentialem
689 2369 185 69 tantum:
824 2369 135 69 quem
909 2369 236 69 vocauerunt
1094 2369 185 69 numerum
1229 2369 219 69 formalem,
1397 2369 152 69 licet
1498 2369 101 69 in
1549 2369 152 69 illis
1650 2369 135 69 quae
1734 2369 236 69 numerantur
1920 2369 101 69 ex
1970 2369 219 69 diuisione
2122 2369 118 69 conti

487 2426 119 66 nui
555 2426 271 66 praecedentis
775 2426 136 66 actu
860 2426 119 66 vel
928 2426 220 66 potentia,
1097 2426 152 66 etiam
1199 2426 152 66 cadat
1300 2426 186 66 numerus
1436 2426 254 66 essentialis
1639 2426 152 66 alius
1741 2426 102 66 ab
1792 2426 136 66 isto
1876 2426 254 66 accidentali
2080 2426 119 66 qui
2130 2426 119 66 proce

470 2474 131 57 dit
545 2474 112 57 ex
601 2474 243 57 diuisione
789 2474 243 57 continui:
976 2474 112 57 vt
1032 2474 169 57 infra
1144 2474 225 57 patebit.
1313 2474 150 57 Quem
1406 2474 300 57 distinguendo
1650 2474 225 57 secundum
1818 2474 225 57 duplicem
1987 2474 206 57 numerum
2118 2474 131 57 acci-

490 2528 224 66 dentalem,
662 2528 138 66 vnum
748 2528 293 66 mathematicum,
990 2528 86 66 &
1024 2528 155 66 alium
1128 2528 241 66 naturalem,
1318 2528 155 66 dicit
1421 2528 207 66 Boethius
1576 2528 103 66 de
1628 2528 241 66 trinitate.
1818 2528 190 66 Numerus
1956 2528 172 66 duplex
2077 2528 138 66 est.
2146 2528 103 66 vnus

483 2566 119 88 quo
551 2566 239 88 nuneramus,
739 2566 153 88 alter
841 2566 136 88 vero
926 2566 136 88 qui:
1011 2566 102 88 in
1062 2566 153 88 rebus
1165 2566 290 88 numerabilibus
1403 2566 204 88 constat.
1556 2566 85 88 &
1590 2566 256 88 philosophus
1795 2566 170 88 dicit.
1914 2566 153 88 iiii.
2016 2566 153 88 meta.
2102 2566 153 88 Numerus

478 2639 134 68 est
554 2639 134 68 aut
631 2639 134 68 quo
708 2639 268 68 numeratur,
918 2639 134 68 aut
995 2639 287 68 numerabile.
1224 2639 191 68 Quorum
1358 2639 153 68 vnus
1454 2639 134 68 est
1531 2639 172 68 rerum
1646 2639 306 68 subiectarum,
1894 2639 153 68 siue
1990 2639 153 68 sunt
2067 2639 172 68 substan

477 2703 162 56 tiae,
585 2703 144 56 siue
675 2703 270 56 accidentia.
891 2703 162 56 Alter
999 2703 144 56 vero
1089 2703 126 56 est
1161 2703 216 56 vnitatum
1323 2703 252 56 formalium,
1520 2703 180 56 quibus
1646 2703 162 56 ipsae
1754 2703 126 56 res
1826 2703 288 56 informantur.
2060 2703 108 56 De
2096 2703 144 56 quibus

490 2743 210 68 Boethius
648 2743 158 68 dicit
753 2743 158 68 libro
858 2743 105 68 de
911 2743 245 68 trinitate.
1103 2743 140 68 Vnum
1191 2743 123 68 res
1261 2743 140 68 est,
1348 2743 175 68 vnitas
1471 2743 123 68 qua
1541 2743 140 68 vnum
1628 2743 210 68 dicimus.
1786 2743 123 68 Duo
1856 2743 175 68 rursus
1978 2743 105 68 in
2031 2743 158 68 rebus
2118 2743 123 68 sunt:

490 2802 105 70 vt
542 2802 192 70 homines
682 2802 122 70 vel
751 2802 209 70 lapides:
908 2802 209 70 dualitas
1065 2802 140 70 vero
1153 2802 157 70 nihil
1257 2802 157 70 aliud
1362 2802 140 70 est,
1449 2802 122 70 sed
1519 2802 175 70 tantum
1641 2802 227 70 dualitas,
1816 2802 122 70 qua
1886 2802 122 70 duo
1955 2802 192 70 homines
2095 2802 122 70 vel
2165 2802 122 70 duo

486 2848 210 64 lapides
639 2848 134 64 duo
715 2848 191 64 fiunt,
849 2848 96 64 &
887 2848 115 64 in
945 2848 229 64 caeteris
1117 2848 172 64 eodem
1232 2848 172 64 modo.
1346 2848 115 64 Et
1404 2848 229 64 Auicenna
1576 2848 172 64 dicit
1690 2848 191 64 tertio
1824 2848 325 64 metaphysicae.
2092 2848 115 64 Si
2130 2848 115 64 quis

490 2905 210 68 dixerit
643 2905 153 68 quod
738 2905 248 68 multitudo
929 2905 267 68 componitur
1139 2905 114 68 ex
1196 2905 172 68 rebus
1310 2905 153 68 quae
1406 2905 134 68 non
1482 2905 153 68 sunt
1577 2905 248 68 vnitates,
1768 2905 172 68 sicut
1883 2905 114 68 ex
1940 2905 248 68 hominibus
2131 2905 95 68 &
2150 2905 95 68 be-

481 2951 171 70 stiis,
601 2951 189 70 dicemus
738 2951 137 70 quod
824 2951 154 70 sicut
926 2951 120 70 hae
995 2951 120 70 res
1064 2951 120 70 non
1132 2951 137 70 sunt
1218 2951 223 70 vnitates:
1389 2951 120 70 sed
1458 2951 120 70 res
1526 2951 223 70 subiectae
1698 2951 257 70 vnitatibus:
1903 2951 120 70 sic
1972 2951 86 70 &
2006 2951 120 70 non
2075 2951 137 70 sunt
2143 2951 103 70 mul-

491 3006 198 77 titudo:
635 3006 126 77 sed
707 3006 126 77 res
779 3006 234 77 subiectae
959 3006 288 77 multitudini:
1193 3006 90 77 &
1229 3006 162 77 sicut
1337 3006 126 77 res
1409 3006 144 77 sunt
1499 3006 144 77 vnae
1589 3006 126 77 non
1661 3006 234 77 vnitates,
1841 3006 126 77 sic
1913 3006 144 77 sunt
2003 3006 162 77 multa
2111 3006 126 77 non
2165 3006 90 77 mul

484 3061 220 57 titudo.
644 3061 180 57 Istos
764 3061 180 57 autem
884 3061 160 57 duos
984 3061 180 57 modos
1104 3061 200 57 numeri
1244 3061 320 57 accidentalis
1504 3061 320 57 connumerando
1764 3061 140 57 cum
1844 3061 180 57 dicto
1964 3061 200 57 numero
2084 3061 160 57 essen-

485 3115 186 70 tiali,
616 3115 260 70 distinguit
820 3115 204 70 Commen.
969 3115 149 70 tres
1062 3115 204 70 species
1210 3115 242 70 numerorum
1396 3115 186 70 super.
1526 3115 149 70 iii.
1619 3115 297 70 metaphysicae
1861 3115 242 70 exponendo
2047 3115 167 70 illud
2139 3115 112 70 phi-

490 3168 232 60 losophi.
663 3168 116 60 De
721 3168 290 60 necessitate
953 3168 135 60 est
1030 3168 193 60 ponere
1165 3168 174 60 alium
1281 3168 212 60 numerum
1435 3168 97 60 &
1474 3168 212 60 numerum
1628 3168 328 60 arithmeticum.
1899 3168 212 60 dicens.
2053 3168 154 60 Tres
2130 3168 116 60 sunt

472 3217 226 83 species
637 3217 288 83 numerorum.
863 3217 144 83 Est
946 3217 165 83 enim
1049 3217 226 83 numerus
1213 3217 350 83 mathematicus,
1501 3217 144 83 qui
1584 3217 144 83 non
1666 3217 350 83 multiplicatur
1954 3217 247 83 secundum
2119 3217 123 83 mul
