2322 3783
41 322 328 101 tiplicationem
311 322 328 101 nummeratorum.
582 322 116 101 Et
640 322 135 101 est
717 322 213 101 numerus
871 322 251 101 formalis,
1065 322 135 101 qui
1142 322 328 101 multiplicatur
1412 322 135 101 per
1470 322 348 101 multiplicationem

48 408 204 75 entium.
197 408 111 75 Et
253 408 130 75 est
327 408 223 75 numerus,
494 408 167 75 cuius
605 408 204 75 numerus
754 408 149 75 ille
847 408 130 75 est
921 408 186 75 forma,
1051 408 93 75 &
1088 408 149 75 sunt
1181 408 278 75 sensibilia.
1404 408 149 75 Vnde
1496 408 297 75 differentiam
1719 408 93 75 nu-

39 468 158 66 meri
138 468 295 66 mathematici
374 468 138 66 qui
453 468 138 66 non
532 468 335 66 multiplicatur
807 468 374 66 multiplicatione
1123 468 315 66 numeratorum,
1379 468 98 66 &
1418 468 138 66 hoc
1497 468 217 66 propter
1635 468 177 66 conside

42 516 211 72 rationem
201 516 211 72 secundum
359 516 141 72 esse
447 516 264 72 abstractum,
657 516 211 72 possumus
816 516 211 72 accipere
974 516 105 72 ex
1026 516 141 72 illo
1114 516 141 72 quod
1202 516 281 72 philosophous
1430 516 158 72 dicit
1536 516 105 72 in
1589 516 158 72 iiii.
1676 516 141 72 physi.

35 573 111 60 Si
90 573 203 60 fuerint
237 573 111 60 hi
293 573 184 60 quidem
422 573 184 60 canes,
551 573 147 60 illi
643 573 166 60 autem
753 573 166 60 equi,
864 573 203 60 vtrique
1011 573 184 60 autem.
1140 573 147 60 vii.
1233 573 147 60 idem
1325 573 203 60 numerus
1472 573 147 60 est,
1564 573 147 60 quia
1638 573 166 60 numerus

46 621 145 70 vnus
136 621 90 70 &
172 621 145 70 idem
263 621 181 70 vbique
389 621 145 70 est:
480 621 127 70 qui
552 621 127 70 est
624 621 253 70 aequalium,
823 621 90 70 &
859 621 181 70 simul.
986 621 199 70 Dicitur
1130 621 145 70 enim
1221 621 163 70 recte
1329 621 145 70 quod
1419 621 199 70 numerus
1564 621 127 70 qui
1636 621 127 70 est
1690 621 127 70 canum

38 677 157 73 idem
136 677 98 73 &
175 677 215 73 hominum
332 677 117 73 si
391 677 235 73 aequalis
567 677 215 73 vterque
724 677 157 73 sit,
822 677 176 73 decem
939 677 176 73 autem
1056 677 137 73 non
1135 677 176 73 idem,
1252 677 176 73 neque
1370 677 176 73 decem
1487 677 196 73 eadem.
1624 677 117 73 Hi
1663 677 157 73 quidem

36 730 148 66 enim
129 730 185 66 canes,
259 730 148 66 illi
351 730 148 66 vero
444 730 167 66 equi.
555 730 241 66 Inquantum
740 730 167 66 tamen
852 730 167 66 forma
963 730 185 66 numeri
1092 730 278 66 mathematici
1315 730 130 66 est
1389 730 111 66 in
1444 730 278 66 naturalibus
1667 730 167 66 rebus
1759 730 56 66 &

41 784 276 62 sensibilibus,
268 784 227 62 necessario
446 784 276 62 multiplicatur
673 784 195 62 secundum
819 784 178 62 numerum
949 784 243 62 sensibilium
1143 784 81 62 &
1176 784 276 62 magnitudinum.
1403 784 130 62 Vnde
1484 784 130 62 quod
1565 784 178 62 numerus
1678 784 130 62 mathe-

40 841 189 63 maticus
177 841 120 63 non
246 841 291 63 multiplicatur
485 841 206 63 secundum
640 841 343 63 multiplicationem
931 841 274 63 magnitudinum
1154 841 274 63 numeratorum,
1377 841 120 63 hoc
1445 841 223 63 contingit
1616 841 189 63 propter
1736 841 69 63 ma

39 891 162 62 iorem
147 891 306 62 abstractionem
399 891 90 62 &
435 891 306 62 simplicitatem
686 891 144 62 quam
776 891 180 62 habent
902 891 180 62 numeri
1028 891 162 62 super
1136 891 306 62 magnitudines.
1387 891 180 62 Numeri
1513 891 144 62 enim
1585 891 216 62 abstractio

46 943 93 65 em
92 943 77 65 a
123 943 123 65 situ
200 943 93 65 in
246 943 185 65 continuo
385 943 77 65 &
416 943 170 65 materia
539 943 216 65 sensibili.
709 943 247 65 Magnitudinis
910 943 139 65 autem
1002 943 216 65 abstractio
1172 943 108 65 est
1234 943 77 65 a
1265 943 170 65 materia
1388 943 201 65 sensibili
1543 943 170 65 tantum,
1666 943 123 65 quia
1728 943 77 65 non

45 1000 245 62 intelligitur
244 1000 214 62 magnitudo,
412 1000 123 62 nisi
489 1000 107 62 per
550 1000 138 62 situm
642 1000 92 62 in
688 1000 199 62 continuo.
841 1000 92 62 Et
887 1000 123 62 quia
964 1000 107 62 sic
1025 1000 214 62 simplicior
1193 1000 77 62 &
1224 1000 138 62 prior
1316 1000 107 62 est
1377 1000 230 62 intellectus
1561 1000 153 62 numeri
1668 1000 123 62 quam
1729 1000 77 62 con

45 1052 165 71 tinui,
160 1052 132 71 ideo
242 1052 148 71 ratio
341 1052 165 71 nuneri
456 1052 115 71 per
522 1052 231 71 additionem
703 1052 148 71 situs
802 1052 148 71 cadit
901 1052 99 71 in
950 1052 214 71 continuum
1115 1052 247 71 descendente
1313 1052 296 71 demonstratione
1560 1052 247 71 arithmetica
1741 1052 66 71 in

37 1106 282 65 geometricam,
266 1106 229 65 inquantum
443 1106 282 65 magnitudines
672 1106 176 65 numeri
795 1106 176 65 quidam
918 1106 159 65 sunt:
1024 1106 106 65 vt
1077 1106 159 65 dicit
1183 1106 264 65 Philosophus
1394 1106 106 65 in
1447 1106 159 65 primo
1553 1106 176 65 Poste.
1676 1106 106 65 Et
1711 1106 106 65 pro-

51 1170 144 61 pter
141 1170 144 61 idem
231 1170 162 61 dicit
340 1170 217 61 Boethius
502 1170 108 61 de
556 1170 144 61 vni.
647 1170 90 61 &
683 1170 144 61 vno,
773 1170 144 61 quod
863 1170 235 61 continuum
1044 1170 126 61 non
1116 1170 126 61 est
1188 1170 144 61 nisi
1278 1170 108 61 ex
1333 1170 235 61 discreto:
1513 1170 144 61 quia
1585 1170 235 61 intellectus

39 1216 315 67 continuitatis
299 1216 111 67 in
354 1216 222 67 continuo
521 1216 130 67 non
595 1216 130 67 est
669 1216 148 67 nisi
761 1216 315 67 continuatione
1020 1216 296 67 discretorum:
1261 1216 111 67 vt
1316 1216 222 67 secundum
1483 1216 130 67 hoc
1557 1216 222 67 continua
1705 1216 111 67 quam

42 1268 159 66 titas
148 1268 124 66 non
219 1268 177 66 habeat
343 1268 141 66 esse
431 1268 141 66 nisi
519 1268 106 66 ex
572 1268 194 66 virtute
713 1268 265 66 quantitatis
925 1268 247 66 discretae.
1119 1268 247 66 Quodcumque
1314 1268 141 66 enim
1402 1268 194 66 quantum
1543 1268 247 66 signaueris
1737 1268 106 66 in

47 1322 226 57 continuo,
220 1322 191 57 necesse
359 1322 121 57 est
428 1322 139 57 quod
515 1322 121 57 sit
585 1322 156 57 vnum.
689 1322 156 57 Quare
793 1322 121 57 cum
862 1322 139 57 vnum
949 1322 156 57 etiam
1053 1322 278 57 mathematicum
1279 1322 121 57 non
1348 1322 174 57 habeat
1470 1322 139 57 esse
1557 1322 156 57 etiam
1643 1322 174 57 secundum

40 1370 298 69 abstractionem
286 1370 280 69 mathematicam
514 1370 140 69 nisi
601 1370 105 69 in
654 1370 210 69 materia:
812 1370 158 69 licet
917 1370 316 69 intelligibili:
1180 1370 105 69 vt
1233 1370 140 69 vult
1320 1370 280 69 Philosophus.
1548 1370 140 69 vii.
1618 1370 193 69 metaphysi

50 1424 132 77 cae:
132 1424 132 77 quae
214 1424 165 77 quidem
329 1424 181 77 materia
461 1424 132 77 nata
543 1424 115 77 est
609 1424 181 77 situari
741 1424 115 77 sub
807 1424 181 77 puncto,
938 1424 82 77 &
971 1424 165 77 diuidi
1087 1424 115 77 sub
1153 1424 214 77 continuo:
1317 1424 148 77 patet
1416 1424 165 77 aparte
1531 1424 132 77 quod
1613 1424 82 77 &
1630 1424 181 77 continuae

42 1477 244 67 quantitatis
237 1477 81 67 &
270 1477 228 67 discretae,
449 1477 81 67 &
482 1477 196 67 vnitatis
628 1477 81 67 &
661 1477 163 67 numeri
775 1477 212 67 vtriusque
938 1477 147 67 vnica
1036 1477 114 67 est
1101 1477 147 67 radix
1199 1477 196 67 scilicet
1346 1477 196 67 materia:
1492 1477 130 67 quae
1574 1477 98 67 ex
1623 1477 98 67 se
1672 1477 114 67 nec
1721 1477 81 67 est

40 1541 198 65 punctus
184 1541 126 65 nec
256 1541 180 65 linea:
381 1541 126 65 sed
453 1541 162 65 cuius
561 1541 144 65 haec
651 1541 144 65 sunt
740 1541 198 65 vltima:
884 1541 108 65 vt
938 1541 198 65 dicitur
1082 1541 108 65 in
1136 1541 162 65 primo
1243 1541 162 65 libro
1351 1541 108 65 de
1405 1541 287 65 generatione,
1638 1541 90 65 &
1674 1541 108 65 in
1710 1541 90 65 qua

43 1593 162 65 nihil
151 1593 180 65 omnino
277 1593 126 65 est
348 1593 269 65 distinctum:
564 1593 108 65 vt
618 1593 198 65 dicitur
761 1593 108 65 in
815 1593 198 65 secundo
959 1593 162 65 meta.
1067 1593 198 65 Materia
1210 1593 144 65 enim
1300 1593 269 65 determinata
1516 1593 126 65 per
1587 1593 233 65 vnitatem,
1749 1593 54 65 &

47 1643 214 57 vnitate
202 1643 136 57 per
280 1643 175 57 situm
396 1643 291 57 determinata
629 1643 116 57 in
687 1643 214 57 puncto,
842 1643 97 57 &
881 1643 194 57 puncto
1017 1643 214 57 fluente
1172 1643 97 57 &
1211 1643 214 57 extenso
1367 1643 116 57 in
1425 1643 252 57 continuum
1619 1643 136 57 sub
1677 1643 136 57 forma

35 1695 244 59 naturali,
223 1695 132 59 per
298 1695 263 59 diuisionem
505 1695 132 59 sub
580 1695 169 59 eadem
693 1695 169 59 forma
806 1695 207 59 numero,
956 1695 132 59 vel
1031 1695 132 59 sub
1107 1695 226 59 pluribus
1276 1695 188 59 numero
1407 1695 113 59 in
1464 1695 169 59 eadem
1576 1695 207 59 specie,
1708 1695 94 59 vel

34 1751 126 63 sub
106 1751 216 63 pluribus
268 1751 180 63 specie
394 1751 108 63 in
448 1751 162 63 eodem
555 1751 198 63 genere,
699 1751 180 63 potest
825 1751 288 63 multiplicari
1059 1751 108 63 in
1113 1751 162 63 plura
1221 1751 162 63 entia
1329 1751 270 63 differentia
1544 1751 198 63 numero:
1688 1751 144 63 quae

40 1804 154 62 nata
136 1804 154 62 sunt
232 1804 250 62 quandoque
425 1804 173 62 etiam
540 1804 212 62 quantum
694 1804 135 62 est
771 1804 115 62 ex
829 1804 192 62 natura
963 1804 192 62 formae
1098 1804 173 62 fieri
1214 1804 154 62 vnum
1310 1804 212 62 numero,
1464 1804 289 62 quemadmodum
1675 1804 135 62 omnes

48 1858 164 55 aquae
157 1858 146 55 aqua
249 1858 146 55 vna:
340 1858 128 55 vel
413 1858 146 55 quae
504 1858 237 55 quandoque
687 1858 201 55 quantum
833 1858 128 55 est
906 1858 110 55 ex
960 1858 183 55 natura
1088 1858 183 55 formae
1216 1858 128 55 non
1289 1858 146 55 sunt
1380 1858 146 55 nata
1471 1858 164 55 fieri
1581 1858 146 55 vnum
1654 1858 146 55 numero

53 1909 102 59 vt
104 1909 221 59 indiuidua
274 1909 238 59 animalium:
460 1909 119 59 vel
528 1909 102 59 in
579 1909 153 59 plura
681 1909 153 59 entia
783 1909 255 59 differentia
986 1909 187 59 specie:
1122 1909 102 59 vt
1173 1909 136 59 sunt
1258 1909 204 59 diuersae
1411 1909 187 59 species
1546 1909 238 59 animalium:
1716 1909 85 59 vel

45 1962 108 59 in
99 1962 162 59 plura
207 1962 162 59 entia
314 1962 269 59 differentia
530 1962 198 59 genere:
674 1962 108 59 vt
727 1962 216 59 animalia
889 1962 90 59 &
925 1962 216 59 plantae,
1087 1962 144 59 quae
1176 1962 162 59 omnia
1284 1962 198 59 quantum
1428 1962 126 59 est
1500 1962 108 59 ex
1554 1962 198 59 ratione
1697 1962 144 59 mate

48 2022 161 65 riae,
155 2022 89 65 &
191 2022 215 65 continui
352 2022 143 65 nata
442 2022 143 65 sunt
531 2022 143 65 esse
621 2022 143 65 vnum
710 2022 107 65 in
764 2022 197 65 materia
907 2022 89 65 &
943 2022 233 65 continuo,
1122 2022 89 65 &
1158 2022 233 65 similiter
1337 2022 125 65 vna
1408 2022 197 65 materia
1551 2022 89 65 &
1587 2022 143 65 vnum
1659 2022 143 65 conti-

48 2067 143 76 nuum
138 2067 107 76 in
191 2067 197 76 omnibus
334 2067 161 76 illis
442 2067 143 76 nata
531 2067 143 76 sunt
621 2067 161 76 esse.
728 2067 107 76 Et
782 2067 125 76 sic
853 2067 161 76 omnia
961 2067 143 76 quae
1050 2067 143 76 sunt
1140 2067 107 76 in
1194 2067 215 76 materia,
1355 2067 89 76 &
1390 2067 233 76 continuo,
1569 2067 143 76 nata
1659 2067 143 76 sunt
1730 2067 72 76 es

47 2121 108 61 se
101 2121 144 61 vnum
191 2121 198 61 vnitate
335 2121 270 61 simpliciter
551 2121 90 61 &
587 2121 252 61 essentiali
785 2121 216 61 materiae
948 2121 90 61 &
984 2121 234 61 continuo.
1164 2121 180 61 quibus
1290 2121 162 61 etiam
1398 2121 234 61 propterea
1578 2121 198 61 accidit
1704 2121 90 61 di-

42 2174 141 72 uidi
130 2174 88 72 &
166 2174 282 72 multiplicari
394 2174 123 72 sub
465 2174 211 72 diuersis
623 2174 194 72 formis,
764 2174 106 72 vt
817 2174 176 72 dictum
940 2174 141 72 est:
1028 2174 88 72 &
1063 2174 123 72 non
1133 2174 158 72 solum
1239 2174 194 72 diuidi:
1380 2174 123 72 sed
1450 2174 158 72 etiam
1556 2174 194 72 vnitate
1679 2174 123 72 acci-

43 2233 209 52 dentali
195 2233 95 52 &
233 2233 152 52 situ
328 2233 228 52 secundum
498 2233 209 52 punctum
650 2233 95 52 &
688 2233 247 52 continuum
878 2233 304 52 determinari.
1125 2233 95 52 &
1163 2233 133 52 sic
1239 2233 209 52 accidit
1390 2233 114 52 ei
1447 2233 171 52 omnis
1561 2233 247 52 multitudo
1732 2233 76 52 nu

46 2287 152 65 meri
141 2287 246 65 procedens
330 2287 114 65 ex
387 2287 246 65 diuisione
577 2287 227 65 materiae
747 2287 95 65 &
785 2287 246 65 continui.
975 2287 171 65 Sicut
1089 2287 152 65 enim
1183 2287 171 65 omnis
1297 2287 209 65 materia
1449 2287 209 65 quantum
1600 2287 133 65 est
1676 2287 114 65 ex
1714 2287 95 65 na-

48 2335 154 68 tura
144 2335 232 68 materiae
318 2335 154 68 nata
415 2335 135 68 est
492 2335 154 68 esse
588 2335 135 68 vna
666 2335 232 68 materia:
839 2335 135 68 sic
917 2335 154 68 omne
1013 2335 251 68 continuum
1206 2335 212 68 quantum
1361 2335 135 68 est
1438 2335 116 68 ex
1496 2335 193 68 natura
1612 2335 193 68 continui

49 2391 156 59 natum
152 2391 121 59 est
222 2391 138 59 esse
308 2391 138 59 vnum
395 2391 242 59 continuum.
585 2391 86 59 &
619 2391 156 59 sicut
723 2391 207 59 materiae
879 2391 207 59 accidunt
1034 2391 173 59 vnitas
1155 2391 190 59 punctus
1294 2391 86 59 &
1328 2391 225 59 continuum
1501 2391 86 59 &
1536 2391 190 59 numerus
1674 2391 104 59 ex
1709 2391 86 59 di-

46 2446 193 68 uisione
187 2446 140 68 eius
274 2446 245 68 procedens,
467 2446 123 68 sic
537 2446 88 68 &
572 2446 158 68 rebus
677 2446 280 68 materialibus
904 2446 210 68 accidunt
1062 2446 158 68 eadem
1167 2446 193 68 propter
1307 2446 210 68 materiam
1464 2446 88 68 &
1499 2446 123 68 per
1569 2446 175 68 formam
1692 2446 140 68 quae

50 2498 153 65 habet
152 2498 136 65 illa
237 2498 255 65 determinare
441 2498 102 65 in
492 2498 204 65 materia:
645 2498 102 65 vt
696 2498 119 65 sic
764 2498 119 65 per
832 2498 238 65 diuisionem
1018 2498 204 65 materiae
1171 2498 85 65 &
1205 2498 204 65 continui
1358 2498 238 65 existentis
1545 2498 119 65 sub
1613 2498 153 65 eadem
1698 2498 102 65 for-

44 2550 104 65 ma
96 2550 190 65 numero,
234 2550 207 65 secundum
389 2550 138 65 quod
476 2550 138 65 aqua
562 2550 121 65 vna
631 2550 138 65 est:
718 2550 86 65 &
752 2550 156 65 linea
856 2550 138 65 vna:
943 2550 207 65 procedit
1098 2550 190 65 numerus
1237 2550 242 65 repletione
1427 2550 207 65 vnitatum
1582 2550 104 65 in
1617 2550 190 65 infinitum

47 2606 156 53 addendo
160 2606 142 53 nunero
260 2606 114 53 quid
331 2606 199 53 desciditur
487 2606 71 53 a
515 2606 185 53 continuo.
657 2606 170 53 secundum
785 2606 114 53 quod
856 2606 185 53 determiat
998 2606 227 53 philosophus.
1182 2606 114 53 iii.
1253 2606 185 53 phyicica.
1395 2606 99 53 vel
1452 2606 99 53 per
1509 2606 199 53 diuisionem
1665 2606 128 53 eorum
1736 2606 71 53 sub

48 2658 213 59 diuersis
208 2658 195 59 formis,
349 2658 195 59 genere,
491 2658 124 59 vel
562 2658 195 59 specie.
704 2658 124 59 Sub
775 2658 213 59 qualibet
934 2658 142 59 enim
1023 2658 159 59 earum
1129 2658 124 59 per
1200 2658 213 59 diuersas
1359 2658 177 59 formas
1483 2658 195 59 numero,
1607 2658 195 59 similiter

51 2710 204 70 procedit
204 2710 289 70 multiplicatio
442 2710 170 70 numeri
562 2710 102 70 in
613 2710 221 70 infinitum
783 2710 119 70 per
851 2710 272 70 generationem
1072 2710 238 70 continuam.
1259 2710 204 70 Generans
1413 2710 136 70 enim
1498 2710 119 70 non
1566 2710 187 70 generat
1685 2710 119 70 aliud

50 2764 119 65 nisi
124 2764 104 65 per
184 2764 193 65 materiam:
332 2764 89 65 vt
376 2764 133 65 dicit
465 2764 237 65 Philosophus.
658 2764 119 65 vii.
732 2764 133 65 meta.
821 2764 89 65 Et
865 2764 104 65 est
925 2764 222 65 aduertendum
1102 2764 119 65 quod
1177 2764 163 65 diuisio
1295 2764 178 65 materiae
1428 2764 178 65 secundum
1562 2764 178 65 diuersas
1680 2764 119 65 formas

47 2815 153 66 specie
154 2815 92 66 ad
200 2815 169 66 nunerum
323 2815 184 66 formarum
461 2815 276 66 substantialium
691 2815 199 66 pertinet:
844 2815 107 66 qui
905 2815 261 66 multiplicatur
1120 2815 291 66 multiplicatione
1366 2815 138 66 numer
1458 2815 169 66 atorum:
1580 2815 123 66 quia
1657 2815 92 66 in
1688 2815 107 66 ipsa-

43 2869 104 63 rum
103 2869 134 63 rerum
192 2869 179 63 essentia
326 2869 209 63 consistit.
490 2869 119 63 Vnde
565 2869 134 63 talem
654 2869 164 63 numerum
773 2869 179 63 secundum
908 2869 209 63 Aristotele
1072 2869 149 63 posuit
1176 2869 134 63 Plato
1265 2869 89 63 in
1310 2869 119 63 suis
1385 2869 149 63 ldeis,
1489 2869 119 63 quas
1564 2869 149 63 posuit
1668 2869 119 63 esse
1727 2869 75 63 cau

44 2924 110 56 sas
107 2924 78 56 &
138 2924 204 56 principia
295 2924 141 56 rerum
390 2924 251 56 sensibilium,
594 2924 78 56 &
625 2924 188 56 secundum
766 2924 173 56 numerum
892 2924 141 56 eorum
986 2924 251 56 multiplicari
1190 2924 235 56 sensibilia.
1378 2924 173 56 Nunerus
1504 2924 126 56 vero
1582 2924 126 56 quid
1661 2924 110 56 est
1708 2924 94 56 ipsa

44 2977 260 58 sensibilia,
251 2977 138 58 sunt
338 2977 121 58 res
407 2977 225 58 numeratae
580 2977 173 58 nunero
701 2977 260 58 mathematico
909 2977 121 58 eis
978 2977 260 58 inhaerente:
1186 2977 104 58 vt
1238 2977 173 58 dictum
1359 2977 138 58 est.
1446 2977 225 58 Diuisione
1619 2977 138 58 vero
1688 2977 104 58 mate

45 3031 124 63 riae
123 3031 187 63 secundum
263 3031 233 63 quantitatem
450 3031 93 63 in
497 3031 140 63 eadem
590 3031 171 63 specie,
714 3031 78 63 &
746 3031 249 63 replicatione
948 3031 156 63 talium
1057 3031 187 63 vnitatum
1197 3031 187 63 procedit
1337 3031 171 63 proprie
1461 3031 171 63 numerus
1570 3031 218 63 accidentalis

38 3086 282 54 mathematicus.
271 3086 199 54 secundum
420 3086 133 54 quod
503 3086 100 54 de
553 3086 133 54 tali
636 3086 182 54 vnitate
768 3086 149 54 dicit
868 3086 182 54 Auicen.
1001 3086 133 54 iii.
1084 3086 149 54 meta.
1183 3086 116 54 Cum
1250 3086 133 54 sibi
1332 3086 216 54 adiugitur
1498 3086 133 54 alia
1581 3086 166 54 vnitas
1681 3086 116 54 prae-

45 3133 114 64 ter
110 3133 130 64 eam,
191 3133 146 64 earum
288 3133 227 64 coniunctio
466 3133 114 64 sit
531 3133 195 64 numerus.
677 3133 130 64 Quod
758 3133 114 64 non
823 3133 211 64 contingit
985 3133 97 64 ex
1034 3133 259 64 replicatione
1245 3133 178 64 plurium
1374 3133 195 64 vnitatum
1520 3133 195 64 secundum
1650 3133 146 64 species

47 3190 227 72 diuersas,
221 3190 192 72 quoniam
361 3190 210 72 secundum
519 3190 280 72 philosophum.
746 3190 105 72 x.
798 3190 157 72 meta,
903 3190 122 72 non
973 3190 122 72 est
1043 3190 192 72 numerus
1183 3190 140 72 nisi
1270 3190 227 72 multitudo
1445 3190 227 72 mensurata
1620 3190 122 72 per
1673 3190 122 72 vnum.

54 3242 144 68 Vnum
144 3242 162 68 autem
252 3242 162 68 plura
360 3242 234 68 mensurare
540 3242 126 68 non
612 3242 198 68 potest,
756 3242 144 68 nisi
846 3242 144 68 sint
937 3242 198 68 eiusdem
1081 3242 198 68 speciei
1225 3242 90 68 &
1261 3242 216 68 naturae.
1423 3242 216 68 secundum
1585 3242 144 68 quod
1675 3242 126 68 vno
1729 3242 72 68 ho

40 3306 166 77 mine
144 3306 290 77 mensuramus
371 3306 207 77 plures
516 3306 248 77 homines,
702 3306 103 77 &
744 3306 145 77 vna
827 3306 145 77 oue
909 3306 207 77 plures
1054 3306 186 77 oues.
1178 3306 166 77 Vnum
1282 3306 166 77 enim
1385 3306 103 77 &
1427 3306 186 77 multa
1530 3306 269 77 opponuntur,
