2335 3774
472 336 211 96 Loquendo
631 336 141 96 vero
719 336 106 96 de
772 336 123 96 non
842 336 141 96 ente
930 336 159 96 primo
1036 336 159 96 modo,
1142 336 229 96 cuiusmodi
1318 336 123 96 est
1388 336 264 96 tragelaphus
1600 336 123 96 vel
1670 336 282 96 hircoceruus,
1899 336 123 96 non
1970 336 123 96 est
2040 336 159 96 verum
2128 336 106 96 quod

464 415 152 74 potest
570 415 137 74 esse:
661 415 122 74 quia
737 415 137 74 neque
828 415 152 74 potest
935 415 122 74 esse
1011 415 182 74 potentia
1147 415 182 74 materiae
1284 415 137 74 neque
1375 415 243 74 efficientis.
1573 415 122 74 Deus
1649 415 122 74 enim
1725 415 137 74 nihil
1816 415 152 74 potest
1922 415 152 74 facere
2028 415 137 74 cuius
2119 415 106 74 non
2165 415 76 74 est

471 467 218 71 exemplar.
639 467 84 71 &
672 467 134 71 tali
756 467 117 71 non
823 467 134 71 enti
906 467 218 71 opponitur
1074 467 117 71 ens
1141 467 100 71 de
1191 467 100 71 se
1241 467 134 71 quod
1325 467 117 71 est
1392 467 151 71 ipsum
1492 467 151 71 esse:
1592 467 84 71 &
1626 467 134 71 ideo
1710 467 234 71 econtrario
1894 467 117 71 non
1961 467 167 71 potest
2078 467 117 71 non
2128 467 117 71 esse.

475 517 86 67 â‹
509 517 103 67 Ad
561 517 206 67 secundum
716 517 138 67 quod
802 517 120 67 ens
870 517 224 67 inquantum
1042 517 120 67 ens
1111 517 224 67 diuiditur
1283 517 103 67 in
1335 517 120 67 ens
1403 517 206 67 potentia
1558 517 86 67 &
1593 517 120 67 ens
1661 517 155 67 actu:
1765 517 206 67 Dicendum
1919 517 138 67 quod
2005 517 172 67 dictum
2126 517 155 67 illud

472 574 125 67 ens
544 574 233 67 inquantum
723 574 125 67 ens
794 574 233 67 diuiditur
973 574 107 67 in
1027 574 125 67 ens
1098 574 215 67 potentia
1259 574 89 67 &
1295 574 125 67 ens
1367 574 161 67 actu,
1474 574 179 67 potest
1599 574 233 67 intelligi
1778 574 268 67 dupliciter.
1993 574 125 67 Vno
2064 574 143 67 modo
2154 574 125 67 ap-

480 623 187 77 pellando
621 623 109 77 ens
683 623 203 77 inquantum
839 623 125 77 ens,
917 623 109 77 ens
979 623 94 77 in
1026 623 109 77 sua
1088 623 234 77 communitate
1275 623 203 77 acceptum,
1431 623 94 77 vt
1478 623 249 77 reduplicetur
1681 623 140 77 ratio
1774 623 171 77 nominis
1899 623 171 77 tantum.
2024 623 125 77 Alio
2102 623 125 77 modo
2180 623 94 77 ap

474 676 214 76 pellando
635 676 125 76 ens
706 676 232 76 inquantum
885 676 125 76 ens
956 676 196 76 naturam
1099 676 125 76 qua
1170 676 196 76 aliquid
1313 676 125 76 ens
1384 676 143 76 est:
1474 676 107 76 vt
1527 676 161 76 solum
1634 676 286 76 reduplicetur
1866 676 178 76 natura
1991 676 89 76 &
2027 676 125 76 res
2098 676 125 76 qua
2152 676 89 76 ali

479 735 145 68 quid
570 735 200 68 dicitur
715 735 145 68 ens.
806 735 109 68 Si
860 735 164 68 primo
969 735 164 68 modo,
1078 735 145 68 tunc
1169 735 127 68 est
1242 735 200 68 diuisio
1387 735 200 68 quaedam
1533 735 236 68 aequiuoce
1714 735 236 68 referendo
1896 735 182 68 membra
2023 735 109 68 ad
2059 735 182 68 diuersa,

481 800 97 51 vt
529 800 145 51 aliud
626 800 259 51 intelligatur
836 800 129 51 esse
917 800 113 51 ens
982 800 97 51 in
1030 800 210 51 potentia,
1192 800 145 51 aliud
1289 800 129 51 vero
1370 800 113 51 ens
1434 800 97 51 in
1483 800 145 51 actu.
1580 800 113 51 Hoc
1644 800 129 51 modo
1725 800 113 51 est
1790 800 178 51 diuisio
1919 800 145 51 entis
2016 800 226 51 communiter
2177 800 65 51 ac

486 839 148 69 cepti
584 839 99 69 ad
633 839 214 69 creatorem
798 839 82 69 &
831 839 230 69 creaturam.
1011 839 115 69 Est
1077 839 131 69 enim
1159 839 181 69 creator
1291 839 115 69 ens
1357 839 99 69 in
1406 839 131 69 actu
1488 839 148 69 puro:
1587 839 148 69 omnis
1685 839 131 69 vero
1767 839 197 69 creatura
1915 839 197 69 respectu
2063 839 164 69 illius
2162 839 82 69 est

475 893 111 69 ens
539 893 95 69 in
586 893 207 69 potentia,
745 893 95 69 vt
793 893 143 69 infra
888 893 191 69 dicetur.
1031 893 143 69 Sicut
1127 893 95 69 si
1174 893 222 69 diceretur,
1349 893 143 69 canis
1445 893 207 69 inquantum
1603 893 143 69 canis
1699 893 207 69 diuiditur
1858 893 95 69 in
1905 893 143 69 sydus
2001 893 79 69 &
2033 893 222 69 latrabile.
2191 893 64 69 Si

474 948 185 67 secundo
608 948 151 67 modo,
709 948 117 67 sic
776 948 117 67 est
843 948 185 67 diuisio
978 948 151 67 quasi
1078 948 201 67 subiecti
1229 948 101 67 in
1280 948 252 67 accidentia,
1481 948 218 67 referendo
1649 948 168 67 membra
1766 948 101 67 ad
1817 948 168 67 eadem,
1934 948 101 67 vt
1985 948 201 67 singulum
2119 948 134 67 entium

476 1001 112 62 sit
540 1001 112 62 ens
604 1001 96 62 in
652 1001 193 62 potentia
797 1001 225 62 quandoque:
973 1001 80 62 &
1005 1001 112 62 sic
1070 1001 112 62 non
1134 1001 112 62 est
1198 1001 177 62 diuisio
1326 1001 128 62 nisi
1407 1001 144 62 entis
1503 1001 177 62 creati:
1631 1001 80 62 &
1663 1001 112 62 non
1728 1001 193 62 continet
1872 1001 225 62 creatorem.
2048 1001 96 62 Et
2097 1001 112 62 hoc
2161 1001 112 62 mo-

473 1053 101 68 do
524 1053 236 68 intelligit
709 1053 253 68 Philosophus
911 1053 152 68 illam
1013 1053 253 68 diuisionem,
1215 1053 135 68 Omne
1299 1053 118 68 ens
1367 1053 185 68 creatum
1501 1053 135 68 siue
1586 1053 202 68 causatum
1737 1053 118 68 aut
1805 1053 118 68 est
1872 1053 101 68 in
1923 1053 135 68 actu
2007 1053 118 68 aut
2074 1053 101 68 in
2108 1053 135 68 poten-

483 1113 122 65 tia:
559 1113 122 65 quia
635 1113 198 65 quandoque
788 1113 91 65 in
833 1113 122 65 actu
910 1113 198 65 quandoque
1062 1113 91 65 in
1108 1113 198 65 potentia:
1260 1113 107 65 aut
1321 1113 137 65 habet
1413 1113 91 65 in
1458 1113 91 65 se
1504 1113 168 65 aliquid
1626 1113 107 65 quo
1687 1113 107 65 est
1748 1113 91 65 in
1794 1113 137 65 actu:
1885 1113 76 65 &
1916 1113 168 65 aliquid
2038 1113 107 65 quo
2099 1113 107 65 est
2160 1113 91 65 in
2190 1113 61 65 po

487 1160 185 67 tentia,
622 1160 101 67 vt
672 1160 168 67 dictum
790 1160 118 67 est
857 1160 168 67 supra.
975 1160 84 67 &
1008 1160 134 67 ideo
1092 1160 118 67 non
1160 1160 151 67 valet
1260 1160 219 67 assumptio
1428 1160 101 67 de
1479 1160 202 67 creatore
1630 1160 134 67 deo.
1714 1160 84 67 â‹
1748 1160 101 67 Ad
1798 1160 185 67 tertium
1933 1160 202 67 dicendum
2084 1160 151 67 sicut
2185 1160 101 67 ad

484 1221 168 77 tertium
606 1221 229 77 quaestionis
789 1221 260 77 praecedentis.
1003 1221 138 77 eadem
1095 1221 122 77 enim
1171 1221 107 77 est
1232 1221 138 77 ratio
1324 1221 244 77 duplicitatis
1523 1221 92 77 si
1569 1221 138 77 nihil
1660 1221 168 77 dicatur
1783 1221 122 77 post
1859 1221 153 77 summam
1966 1221 199 77 essentiam
2103 1221 138 77 futurum

477 1270 143 60 sicut
572 1270 95 60 si
620 1270 175 60 dicatur
747 1270 127 60 quia
827 1270 127 60 ante
906 1270 143 60 illam
1002 1270 143 60 nihil
1097 1270 143 60 fuit,
1192 1270 95 60 vt
1240 1270 143 60 dicit
1335 1270 191 60 Anselmus
1479 1270 127 60 mon.
1558 1270 127 60 cap.
1622 1270 95 60 xix.

786 1374 140 58 lrca
874 1374 193 58 tertium
1014 1374 210 58 arguitur
1172 1374 140 58 quod
1259 1374 140 58 deus
1347 1374 123 58 non
1417 1374 175 58 potest
1540 1374 210 58 cogitari
1697 1374 123 58 non
1767 1374 158 58 esse.
1873 1374 158 58 Primo
1978 1374 123 58 sic
2048 1374 193 58 ratione
2170 1374 88 58 An-

790 1428 150 55 selis
890 1428 100 55 in
940 1428 183 55 prosol.
1073 1428 100 55 Id
1123 1428 117 55 quo
1190 1428 150 55 nihil
1290 1428 166 55 potest
1406 1428 200 55 cogitari
1556 1428 166 55 maius,
1672 1428 117 55 non
1739 1428 166 55 potest
1856 1428 200 55 cogitari
2005 1428 117 55 non
2072 1428 150 55 esse.
2155 1428 100 55 Deus

793 1479 122 69 est
862 1479 243 69 huiusmodi.
1053 1479 139 69 ergo
1140 1479 122 69 &c.
1210 1479 156 69 Minor
1314 1479 156 69 patet
1418 1479 104 69 ex
1470 1479 191 69 ratione
1609 1479 191 69 nominis
1748 1479 208 69 secundum
1905 1479 347 69 praedeterminata.
2183 1479 69 69 Ma

802 1534 105 71 ior
862 1534 165 71 euidens
982 1534 120 71 est.
1057 1534 165 71 quoniam
1177 1534 120 71 quod
1252 1534 105 71 non
1312 1534 150 71 potest
1417 1534 180 71 cogitari
1551 1534 105 71 non
1611 1534 135 71 esse,
1701 1534 210 71 necessario
1866 1534 150 71 melius
1971 1534 105 71 est
2031 1534 90 71 eo
2076 1534 120 71 quod
2136 1534 120 71 potest

799 1589 197 62 cogitari
946 1589 115 62 non
1012 1589 148 62 esse,
1111 1589 99 62 vt
1160 1589 148 62 dicit
1259 1589 197 62 Anselmus
1407 1589 82 62 &
1440 1589 181 62 probat.
1571 1589 99 62 4.
1620 1589 230 62 rationibus
1801 1589 164 62 contra
1916 1589 263 62 insipientem,
2130 1589 99 62 vt
2163 1589 82 62 pa-

797 1641 116 71 tet
864 1641 266 71 inspicienti.
1080 1641 83 71 â‹
1113 1641 183 71 Secundo
1246 1641 133 71 sic.
1329 1641 100 71 id
1379 1641 116 71 non
1446 1641 166 71 potest
1562 1641 200 71 cogitari
1712 1641 116 71 non
1778 1641 133 71 esse
1862 1641 100 71 in
1911 1641 116 71 quo
1978 1641 133 71 sunt
2044 1641 200 71 indifferen

789 1696 119 55 tia
857 1696 136 55 esse
942 1696 85 55 &
976 1696 221 55 essentia:
1146 1696 136 55 quia
1231 1696 119 55 res
1299 1696 119 55 non
1367 1696 221 55 cogitatur
1537 1696 136 55 nisi
1622 1696 221 55 cogitando
1792 1696 136 55 eius
1877 1696 238 55 essentiam.
2064 1696 136 55 tale
2149 1696 136 55 ergo

482 1742 109 64 non
545 1742 203 64 cogitatur
701 1742 125 64 nisi
779 1742 203 64 cogitetur
935 1742 140 64 esse,
1028 1742 125 64 Deus
1106 1742 109 64 est
1168 1742 218 64 huiusmodi,
1340 1742 94 64 vt
1387 1742 156 64 dictum
1496 1742 109 64 est
1558 1742 156 64 supra.
1667 1742 125 64 ergo
1745 1742 109 64 &c.
1808 1742 78 64 â‹
1839 1742 156 64 Tertio
1948 1742 125 64 sic.
2026 1742 140 64 illud
2119 1742 125 64 quod
2182 1742 62 64 ha

485 1805 114 62 bet
550 1805 131 62 esse
632 1805 229 62 verissimum
812 1805 114 62 non
877 1805 163 62 potest
991 1805 196 62 cogitari
1138 1805 114 62 non
1204 1805 147 62 esse:
1302 1805 131 62 quia
1384 1805 163 62 verius
1498 1805 147 62 habet
1596 1805 131 62 esse
1678 1805 131 62 quod
1760 1805 114 62 non
1825 1805 163 62 potest
1939 1805 196 62 cogitari
2087 1805 114 62 non
2136 1805 114 62 esse:

484 1856 127 68 quam
563 1856 127 68 quod
642 1856 158 68 potest
753 1856 190 68 cogitari
895 1856 111 68 non
959 1856 142 68 esse:
1054 1856 127 68 quia
1133 1856 158 68 quanto
1243 1856 127 68 esse
1323 1856 142 68 minus
1417 1856 158 68 potest
1528 1856 174 68 absolui
1655 1856 79 68 a
1686 1856 111 68 re:
1750 1856 79 68 &
1781 1856 174 68 inesse:
1908 1856 79 68 &
1939 1856 253 68 intelligere:
2129 1856 111 68 tanto

476 1909 156 75 habet
579 1909 138 75 esse
666 1909 190 75 verius,
804 1909 104 75 vt
856 1909 190 75 patebit
995 1909 156 75 infra
1098 1909 104 75 de
1150 1909 259 75 immutatione
1358 1909 138 75 dei.
1444 1909 138 75 Deus
1531 1909 156 75 habet
1635 1909 138 75 esse
1721 1909 259 75 verissimum,
1929 1909 138 75 quia
2015 1909 121 75 est
2084 1909 156 75 ipsum
2171 1909 69 75 es

489 1960 97 65 se
537 1960 113 65 per
602 1960 225 65 essentiam,
779 1960 97 65 vt
827 1960 161 65 dictum
939 1960 129 65 est:
1020 1960 80 65 &
1052 1960 145 65 omnia
1149 1960 129 65 alia
1229 1960 161 65 habent
1342 1960 97 65 ab
1390 1960 97 65 eo
1438 1960 129 65 esse
1519 1960 113 65 per
1583 1960 322 65 participationem,
1857 1960 97 65 vt
1905 1960 145 65 infra
2002 1960 193 65 dicetur.
2146 1960 129 65 ergo

489 2020 117 62 &c.
556 2020 84 62 â‹
590 2020 101 62 Ad
640 2020 218 62 oppositum
808 2020 151 62 Primo
908 2020 134 62 sic,
992 2020 134 62 quid
1076 2020 117 62 nec
1143 2020 117 62 est
1210 2020 117 62 nec
1277 2020 134 62 fuit
1361 2020 117 62 nec
1428 2020 134 62 erit
1512 2020 168 62 potest
1630 2020 201 62 cogitari
1780 2020 151 62 esse,
1881 2020 101 62 vt
1931 2020 184 62 aliquod
2049 2020 201 62 generabile

486 2066 132 71 quod
568 2066 181 71 nunquam
699 2066 263 71 generabitur.
913 2066 132 71 ergo
995 2066 181 71 econtra
1127 2066 132 71 quod
1209 2066 115 71 est
1275 2066 164 71 semper
1390 2066 132 71 fuit
1472 2066 82 71 &
1505 2066 164 71 semper
1620 2066 132 71 erit
1702 2066 164 71 potest
1817 2066 197 71 cogitari
1965 2066 115 71 non
2031 2066 148 71 esse.
2130 2066 115 71 Hoc
2179 2066 66 71 au

448 2132 69 61 x
476 2132 97 61 tem
531 2132 97 61 est
587 2132 125 61 solus
670 2132 125 61 deus,
754 2132 83 61 vt
795 2132 125 61 infra
879 2132 194 61 videbitur.
1031 2132 111 61 ergo
1101 2132 97 61 &c.
1156 2132 69 61 â‹
1184 2132 153 61 Secundo
1295 2132 111 61 sic.
1364 2132 111 61 Dam.
1434 2132 111 61 lib.
1503 2132 83 61 i.
1545 2132 111 61 cap.
1614 2132 111 61 iii.
1684 2132 139 61 Tntimn
1781 2132 194 61 praeualuit
1934 2132 194 61 perniciosa
2086 2132 167 61 hominium
2197 2132 56 61 na

479 2185 156 53 turae
583 2185 191 53 malitia
722 2185 104 53 vt
774 2185 139 53 deum
861 2185 174 53 dicant
983 2185 122 53 non
1052 2185 156 53 esse.
1156 2185 156 53 Dixit
1261 2185 156 53 enim,
1365 2185 104 53 vt
1417 2185 122 53 ait
1486 2185 174 53 Dauid,
1608 2185 226 53 insipiens
1782 2185 104 53 in
1834 2185 156 53 corde
1938 2185 122 53 suo
2008 2185 122 53 non
2077 2185 122 53 est
2129 2185 122 53 deus.

477 2228 128 74 Sed
550 2228 128 74 non
623 2228 202 74 dicitur
770 2228 147 74 nisi
862 2228 147 74 quod
953 2228 257 74 cogitatur:
1155 2228 147 74 quia
1247 2228 183 74 verbum
1375 2228 183 74 mentis
1504 2228 128 74 est
1577 2228 293 74 cogitationis
1815 2228 257 74 conceptio.
2017 2228 220 74 secundum
2164 2228 73 74 Au

480 2279 133 73 gust.
569 2279 89 73 de
613 2279 222 73 triniitate.
791 2279 118 73 quod
865 2279 118 73 ergo
939 2279 104 73 &c.
998 2279 74 73 â‹
1027 2279 148 73 Tertio
1131 2279 104 73 sic
1190 2279 89 73 ex
1234 2279 133 73 eodem
1323 2279 104 73 per
1382 2279 177 73 Anselmus
1515 2279 163 73 prosoi.
1634 2279 118 73 cap.
1708 2279 133 73 iiii.
1796 2279 104 73 vbi
1856 2279 133 73 illud
1944 2279 177 73 tractans
2077 2279 133 73 Dixit
2151 2279 89 73 insi

473 2338 148 68 piens
571 2338 99 68 in
621 2338 148 68 corde
719 2338 115 68 suo
785 2338 115 68 non
851 2338 115 68 est
917 2338 148 68 deus,
1015 2338 165 68 arguit
1131 2338 132 68 sic.
1213 2338 99 68 Si
1262 2338 148 68 dixit
1361 2338 132 68 hoc,
1443 2338 115 68 aut
1509 2338 148 68 dixit
1608 2338 132 68 quod
1690 2338 197 68 cogitare
1838 2338 181 68 potuit:
1970 2338 82 68 &
2003 2338 148 68 habeo
2085 2338 148 68 proposi

484 2390 136 65 tum:
569 2390 119 65 aut
637 2390 136 65 quid
723 2390 205 65 cogitare
876 2390 119 65 non
945 2390 188 65 potuit.
1081 2390 119 65 sed
1149 2390 188 65 quomodo
1286 2390 205 65 cogitare
1439 2390 119 65 non
1507 2390 171 65 potuit
1627 2390 136 65 quod
1712 2390 171 65 dixit,
1832 2390 119 65 cum
1900 2390 136 65 idem
1985 2390 119 65 sit
2053 2390 171 65 dicere
2173 2390 102 65 in

487 2440 161 67 corde
594 2440 89 67 &
630 2440 232 67 cogitare:
809 2440 143 67 ergo
898 2440 125 67 &c.
970 2440 89 67 â‹
1005 2440 179 67 Quarto
1130 2440 143 67 sic.
1220 2440 179 67 quanto
1345 2440 197 67 aliquid
1488 2440 161 67 magis
1595 2440 232 67 cogitatur
1773 2440 179 67 inesse
1899 2440 179 67 alicui
2024 2440 161 67 tanto
2113 2440 125 67 minus

477 2488 182 77 potest
604 2488 219 77 cogitari
769 2488 219 77 remoueri
933 2488 109 77 ab
987 2488 182 77 eodem.
1115 2488 164 77 verbi
1225 2488 201 77 gratia:
1371 2488 182 77 Quanto
1498 2488 201 77 aliquid
1644 2488 164 77 magis
1754 2488 182 77 scitur
1881 2488 146 77 esse
1972 2488 219 77 calidum:
2118 2488 128 77 tanto

485 2558 151 56 minus
586 2558 168 56 potest
704 2558 202 56 cogitari
855 2558 118 56 non
922 2558 134 56 esse
1006 2558 202 56 calidum:
1157 2558 84 56 &
1191 2558 168 56 quanto
1309 2558 151 56 minus
1410 2558 168 56 scitur
1527 2558 134 56 esse
1611 2558 202 56 calidum,
1762 2558 151 56 tanto
1863 2558 151 56 magis
1964 2558 168 56 potest
2065 2558 168 56 cogitari

487 2602 120 67 non
556 2602 138 67 esse
642 2602 206 67 calidum.
796 2602 206 67 creatura
951 2602 155 67 magis
1054 2602 172 67 scitur
1174 2602 138 67 esse
1260 2602 103 67 ab
1312 2602 172 67 homine
1432 2602 138 67 quam
1518 2602 155 67 deus:
1621 2602 138 67 quia
1707 2602 120 67 per
1776 2602 138 67 esse
1862 2602 223 67 creaturae
2034 2602 206 67 probatur
2171 2602 69 67 es

476 2654 106 74 se
529 2654 141 74 dei.
617 2654 123 74 Sed
688 2654 141 74 homo
776 2654 176 74 potest
899 2654 211 74 cogitare
1057 2654 106 74 de
1110 2654 211 74 qualibet
1268 2654 211 74 creatura
1427 2654 158 74 ipsam
1532 2654 123 74 non
1603 2654 158 74 esse,
1708 2654 106 74 vt
1761 2654 158 74 infra
1866 2654 246 74 videbitur.
2060 2654 141 74 ergo
2130 2654 106 74 mul-

479 2706 109 72 to
533 2706 163 72 magis
642 2706 181 72 potest
769 2706 217 72 cogitare
932 2706 109 72 de
986 2706 127 72 deo
1058 2706 163 72 ipsum
1167 2706 127 72 non
1221 2706 127 72 esse.

494 2773 105 101 â‹
536 2773 126 101 Ad
599 2773 147 101 hoc
683 2773 273 101 dicendum:
892 2773 168 101 quod
997 2773 252 101 secundum
1186 2773 273 101 praedicta
1395 2773 189 101 sicut
1521 2773 252 101 quaestio
1710 2773 126 101 de
1773 2773 314 101 cognoscendo
2024 2773 126 101 de
2087 2773 147 101 deo
2171 2773 126 101 an

495 2867 116 62 sit
562 2867 165 62 potest
677 2867 132 62 esse
760 2867 99 62 de
809 2867 248 62 incomplexo,
1007 2867 83 62 &
1040 2867 99 62 de
1090 2867 132 62 esse
1173 2867 116 62 dei
1239 2867 99 62 in
1288 2867 165 62 natura
1404 2867 116 62 sua
1470 2867 116 62 qua
1536 2867 116 62 est
1602 2867 99 62 id
1651 2867 132 62 quod
1734 2867 132 62 est:
1817 2867 116 62 vel
1883 2867 99 62 de
1932 2867 198 62 complexo
2081 2867 83 62 &
2114 2867 99 62 de
2147 2867 99 62 esse

484 2917 128 64 dei
557 2917 110 64 in
612 2917 165 64 anima
722 2917 256 64 cogitante:
923 2917 220 64 Possumus
1088 2917 147 64 enim
1180 2917 165 64 scire
1290 2917 147 64 hanc
1381 2917 311 64 compositionem
1638 2917 128 64 qua
1711 2917 201 64 dicimus
1857 2917 147 64 Deus
1949 2917 147 64 est:
2041 2917 147 64 esse
2114 2917 128 64 veram

484 2979 103 58 in
535 2979 171 58 anima:
655 2979 154 58 licet
758 2979 120 58 non
827 2979 189 58 sciamus
964 2979 189 58 naturam
1101 2979 171 58 illius
1221 2979 137 58 esse
1307 2979 137 58 quod
1392 2979 120 58 dei
1461 2979 137 58 est:
1546 2979 274 58 Consimiliter
1769 2979 206 58 quaestio
1924 2979 103 58 de
1975 2979 223 58 cogitando
2129 2979 103 58 deum

485 3028 111 67 esse
554 3028 138 67 potest
651 3028 111 67 esse
720 3028 166 67 quaestio
845 3028 83 67 de
886 3028 207 67 incomplexo:
1052 3028 83 67 an
1093 3028 166 67 scilicet
1218 3028 180 67 contingit
1356 3028 166 67 cogitare
1481 3028 97 67 dei
1536 3028 180 67 entitatem
1674 3028 97 67 sub
1729 3028 111 67 esse
1799 3028 97 67 quo
1854 3028 97 67 est
1909 3028 83 67 id
1951 3028 111 67 quod
2020 3028 111 67 est:
2089 3028 97 67 vel
2144 3028 83 67 de
2172 3028 69 67 con

483 3083 175 65 plexo,
605 3083 105 65 an
657 3083 210 65 scilicet
814 3083 227 65 contingit
989 3083 210 65 cogitare
1146 3083 297 65 compositionem
1391 3083 140 65 esse
1478 3083 122 65 cum
1548 3083 122 65 deo
1618 3083 140 65 esse
1705 3083 175 65 veram:
1828 3083 87 65 &
1863 3083 280 65 consimiliter
2072 3083 175 65 quaestio

480 3143 94 55 de
527 3143 110 55 non
590 3143 204 55 cogitando
747 3143 126 55 deum
826 3143 110 55 non
888 3143 126 55 esse
967 3143 157 55 potest
1077 3143 126 55 esse
1155 3143 94 55 de
1202 3143 235 55 incomplexo:
1391 3143 94 55 an
1438 3143 188 55 scilicet
1579 3143 204 55 contingit
1736 3143 188 55 cogitare
1877 3143 110 55 non
1940 3143 204 55 entitatem
2097 3143 110 55 dei
2144 3143 94 55 ali-

480 3184 134 66 quam
564 3184 134 66 quae
648 3184 168 66 possit
766 3184 101 66 ei
816 3184 218 66 conuenire
984 3184 202 66 secundum
1136 3184 185 66 naturam
1270 3184 134 66 eius
1354 3184 101 66 in
1405 3184 118 66 se:
1472 3184 118 66 vel
1539 3184 101 66 de
1589 3184 218 66 complexo:
1757 3184 101 66 an
1808 3184 202 66 scilicet
1959 3184 218 66 contingit
2110 3184 118 66 cogi-

477 3242 148 80 tare
570 3242 130 80 per
644 3242 259 80 diuisionem
848 3242 111 80 in
903 3242 167 80 anima
1014 3242 148 80 esse
1107 3242 222 80 remoueri
1273 3242 93 80 a
1310 3242 148 80 deo,
1403 3242 148 80 siue
1496 3242 130 80 non
1570 3242 241 80 entitatem
1755 3242 185 80 inesse
1884 3242 185 80 eidem.
2014 3242 167 80 Primo
2125 3242 148 80 modo
