2320 3775
447 327 137 87 tura
532 327 137 87 est,
618 327 188 87 possunt
754 327 205 87 cogitare
908 327 120 87 non
977 327 154 87 esse:
1079 327 120 87 sic
1147 327 85 87 &
1182 327 171 87 idquid
1301 327 205 87 cogitant
1455 327 154 87 deum.
1558 327 137 87 Illi
1643 327 137 87 vero
1728 327 120 87 qui
1797 327 188 87 omnibus
1934 327 222 87 creaturis
2104 327 120 87 non
2156 327 68 87 so

448 409 114 61 lum
513 409 260 61 corporalibus
724 409 227 61 verunetiam
902 409 276 61 spiritualibus
1129 409 97 61 in
1178 409 130 61 esse
1259 409 243 61 constitutis
1454 409 114 61 per
1519 409 276 61 imaginationem
1746 409 130 61 deum
1827 409 243 61 praeferunt:
2022 409 81 61 &
2055 409 146 61 tamen
2136 409 81 61 tam

454 462 137 65 quam
539 462 222 65 creaturam
710 462 188 65 nobilem
847 462 222 65 cogitant,
1018 462 137 65 quam
1103 462 102 65 in
1154 462 154 65 rerum
1257 462 171 65 natura
1376 462 205 65 existere
1530 462 120 65 non
1598 462 273 65 conspiciunt:
1820 462 222 65 similiter
1991 462 137 65 bene
2059 462 154 65 cogita-

455 522 92 64 re
501 522 108 64 eum
562 522 108 64 non
624 522 123 64 esse
701 522 185 64 possunt.
839 522 185 64 secundum
977 522 123 64 quod
1054 522 138 64 dicit
1147 522 215 64 Augustinus
1316 522 92 64 in
1362 522 200 64 originali
1516 522 138 64 super
1608 522 138 64 illud
1700 522 138 64 Psal.
1792 522 123 64 lii.
1869 522 138 64 Dixit
1962 522 200 64 insipiens
2115 522 92 64 in
2146 522 77 64 cor

452 571 106 60 de
505 571 123 60 suo
576 571 123 60 non
646 571 123 60 est
717 571 159 60 deus.
823 571 212 60 Perpauci
981 571 212 60 (inquit)
1140 571 159 60 sunt:
1246 571 88 60 &
1281 571 229 60 difficile
1458 571 123 60 est
1528 571 106 60 vt
1581 571 247 60 incurramus
1775 571 106 60 in
1828 571 194 60 hominem
1969 571 123 60 qui
2040 571 159 60 dicat
2145 571 106 60 in

454 626 160 66 corde
561 626 125 66 suo
632 626 125 66 non
704 626 125 66 est
775 626 160 66 deus:
882 626 160 66 tamen
989 626 125 66 sic
1060 626 160 66 pauci
1167 626 160 66 sunt,
1274 626 107 66 vt
1328 626 160 66 inter
1435 626 178 66 multos
1559 626 196 66 timendo
1702 626 125 66 hoc
1773 626 196 66 dicere,
1916 626 107 66 in
1969 626 160 66 corde
2076 626 125 66 suo
2130 626 89 66 di-

446 673 154 74 cant:
548 673 137 74 quia
634 673 120 74 ore
702 673 120 74 suo
770 673 171 74 dicere
890 673 120 74 non
958 673 188 74 audent.
1095 673 120 74 Nec
1163 673 137 74 enim
1249 673 102 74 vt
1300 673 154 74 dicit
1402 673 154 74 super
1505 673 205 74 Psalmum.
1658 673 154 74 xiii.
1761 673 137 74 ipsi
1846 673 222 74 sacrilegi
2017 673 85 74 &
2034 673 188 74 detestan-

458 734 105 61 di
510 734 175 61 quidam
632 734 245 61 Philosophi
825 734 122 61 qui
895 734 210 61 peruersa
1052 734 87 61 &
1087 734 157 61 falsa
1192 734 105 61 de
1244 734 122 61 deo
1314 734 227 61 sentiunt,
1489 734 140 61 ausi
1577 734 140 61 sunt
1664 734 175 61 dicere
1786 734 122 61 non
1856 734 122 61 est
1926 734 157 61 deus.
2031 734 140 61 ldeo
2101 734 105 61 ergo

456 784 161 59 dixit
563 784 107 59 in
617 784 161 59 corde
724 784 143 59 suo:
813 784 143 59 quia
903 784 143 59 nemo
992 784 125 59 hoc
1064 784 161 59 audet
1171 784 179 59 dicere
1296 784 161 59 etiam
1403 784 107 59 si
1457 784 161 59 ausus
1564 784 179 59 fuerit
1689 784 232 59 cogitare.
1868 784 232 59 Implicite
2046 784 143 59 vero
2118 784 107 59 deum

459 839 122 54 non
528 839 140 54 esse
616 839 210 54 cogitant
773 839 227 54 quicumque
948 839 192 54 aliquid
1087 839 122 54 deo
1157 839 210 54 indignum
1315 839 105 54 de
1367 839 140 54 ipso
1454 839 122 54 deo
1524 839 122 54 vel
1594 839 122 54 deo
1664 839 175 54 inesse
1786 839 227 54 cogitant.
1961 839 105 54 De
2013 839 175 54 quibus
2118 839 105 54 suba

456 891 124 55 dit
527 891 106 55 in
580 891 159 55 dicto
686 891 159 55 Psal.
792 891 141 55 lii.
881 891 159 55 Rarum
987 891 194 55 hominum
1128 891 159 55 genus
1234 891 124 55 qui
1305 891 177 55 dicant
1429 891 106 55 in
1482 891 159 55 corde
1588 891 124 55 suo
1658 891 124 55 non
1729 891 124 55 est
1800 891 159 55 deus.
1906 891 106 55 At
1959 891 141 55 vero
2047 891 141 55 alio
2136 891 124 55 in-

461 944 206 62 tellectu
615 944 223 62 discussum
786 944 223 62 inuenitur
958 944 137 62 esse
1044 944 103 62 in
1095 944 223 62 pluribus.
1266 944 257 62 Inspiciamus
1472 944 154 62 facta
1575 944 308 62 flagitiosorum,
1832 944 308 62 facinorosorum,
2072 944 154 62 scelera

457 997 211 65 torumque
616 997 211 65 hominum:
774 997 141 65 isti
862 997 158 65 tales
967 997 141 65 sunt
1055 997 105 65 vt
1108 997 176 65 dicant
1231 997 105 65 in
1283 997 158 65 corde
1389 997 123 65 suo
1459 997 123 65 non
1529 997 123 65 est
1599 997 158 65 deus.
1705 997 158 65 Tales
1810 997 228 65 conuinco:
1986 997 158 65 facta
2091 997 123 65 sua
2144 997 88 65 pla

455 1055 136 64 cere
540 1055 119 64 deo
608 1055 271 64 arbitrantur:
828 1055 119 64 non
896 1055 119 64 est
964 1055 153 64 autem
1066 1055 136 64 deus
1150 1055 136 64 nisi
1235 1055 119 64 cui
1303 1055 220 64 displicet
1473 1055 237 64 iniquitas:
1659 1055 102 64 tu
1710 1055 136 64 ergo
1795 1055 119 64 cum
1863 1055 153 64 putas
1965 1055 102 64 ei
2015 1055 187 64 placere
2134 1055 85 64 ii-

461 1112 223 63 quitatem:
632 1112 154 63 negas
735 1112 154 63 deum:
838 1112 120 63 cum
906 1112 154 63 dicis
1009 1112 103 63 in
1060 1112 154 63 corde
1163 1112 137 63 tuo,
1249 1112 137 63 faue
1334 1112 137 63 deus
1420 1112 291 63 iniquitatibus
1660 1112 154 63 meis,
1763 1112 154 63 nihil
1865 1112 154 63 aliud
1968 1112 154 63 dicis
2071 1112 137 63 quam
2139 1112 86 63 non

463 1162 116 66 est
530 1162 149 66 deus.
629 1162 100 66 Et
679 1162 133 66 quod
762 1162 116 66 hoc
829 1162 116 66 non
895 1162 166 66 dicant
1012 1162 100 66 in
1061 1162 149 66 corde
1161 1162 116 66 suo
1227 1162 116 66 nec
1294 1162 133 66 isti
1377 1162 116 66 nec
1443 1162 266 66 praecedentes
1659 1162 133 66 nisi
1742 1162 233 66 intellectu
1925 1162 183 66 erroneo
2041 1162 183 66 phantasti

456 1210 113 69 co
513 1210 94 69 &
551 1210 264 69 obumbrato,
758 1210 189 69 probat
890 1210 264 69 Augustinus
1098 1210 132 69 per
1174 1210 245 69 sequentem
1362 1210 189 69 versum
1495 1210 208 69 eiusdem
1646 1210 170 69 Psal.
1759 1210 208 69 dicens.
1910 1210 227 69 Corrupti
2080 1210 151 69 sunt
2155 1210 57 69 &

461 1268 279 61 abominabiles
687 1268 157 61 facti
792 1268 139 61 sunt
879 1268 296 61 iniquitatibus
1123 1268 157 61 suis.
1227 1268 122 61 Sed
1297 1268 157 61 primo
1401 1268 139 61 vide
1488 1268 157 61 illos
1593 1268 244 61 corruptos,
1785 1268 105 61 vt
1837 1268 192 61 possint
1976 1268 174 61 dicere
2098 1268 105 61 in
2133 1268 87 61 cor

469 1321 97 71 de
517 1321 113 71 suo
582 1321 113 71 non
646 1321 113 71 est
711 1321 145 71 deus.
807 1321 209 71 Praemisso
968 1321 129 71 enim
1049 1321 161 71 versu,
1162 1321 145 71 Dixit
1258 1321 209 71 imprudens
1419 1321 97 71 in
1468 1321 145 71 corde
1564 1321 113 71 suo
1629 1321 113 71 non
1693 1321 113 71 est
1758 1321 145 71 deus:
1854 1321 81 71 &
1887 1321 177 71 tanquam
2016 1321 161 71 causae
2128 1321 129 71 quae

463 1372 209 60 rerentur
620 1372 140 60 vnde
707 1372 122 60 hoc
776 1372 174 60 possit
899 1372 174 60 dicere
1021 1372 244 60 imprudens,
1212 1372 227 60 subiecit.
1387 1372 209 60 Corrupti
1544 1372 140 60 sunt
1631 1372 87 60 &
1666 1372 279 60 abominabiles
1893 1372 157 60 facti
1997 1372 140 60 sunt
2084 1372 122 60 &c.
2137 1372 87 60 vbi

453 1422 152 62 Psal.
554 1422 152 62 xiii.
656 1422 152 62 habet
757 1422 101 62 In
808 1422 287 62 affectionibus
1044 1422 152 62 suis.
1145 1422 118 62 vbi
1213 1422 152 62 dicit
1314 1422 236 62 Augustinus
1499 1422 152 62 ipsae
1601 1422 135 62 sunt
1685 1422 253 62 affectiones
1888 1422 135 62 quae
1972 1422 236 62 corrumpunt
2141 1422 84 62 ani

453 1477 136 67 mam:
538 1477 85 67 &
572 1477 119 67 sic
640 1477 221 67 excaecant
810 1477 102 67 vt
861 1477 170 67 possit
980 1477 221 67 imprudens
1151 1477 170 67 dicere
1270 1477 102 67 in
1321 1477 153 67 corde
1423 1477 136 67 suo,
1508 1477 119 67 non
1576 1477 119 67 est
1627 1477 119 67 deus.

492 1536 122 72 Ad
554 1536 204 72 primum
696 1536 122 72 in
757 1536 265 72 oppositum
961 1536 163 72 quod
1063 1536 204 72 potest
1206 1536 245 72 cogitari
1389 1536 163 72 esse
1491 1536 122 72 id
1552 1536 163 72 quod
1654 1536 143 72 nec
1736 1536 163 72 est:
1838 1536 143 72 nec
1919 1536 183 72 fuit:
2042 1536 143 72 nec
2103 1536 122 72 erit

468 1593 121 62 &c.
537 1593 208 62 Dicendum
693 1593 208 62 secundum
849 1593 242 62 praedicta,
1039 1593 138 62 quod
1125 1593 121 62 est
1195 1593 121 62 non
1264 1593 121 62 ens
1333 1593 190 62 aliquid
1472 1593 138 62 quod
1558 1593 121 62 est
1627 1593 156 62 purum
1731 1593 121 62 non
1801 1593 156 62 esse:
1904 1593 121 62 nec
1974 1593 156 62 dicit
2078 1593 121 62 rem
2129 1593 87 62 aut

458 1655 236 71 essentiam.
644 1655 101 71 de
694 1655 118 71 quo
762 1655 169 71 dictum
880 1655 118 71 est
947 1655 152 71 supra
1048 1655 135 71 quod
1132 1655 101 71 de
1183 1655 135 71 ipso
1267 1655 118 71 non
1335 1655 169 71 potest
1453 1655 135 71 esse
1537 1655 219 71 scientia.
1705 1655 135 71 tale
1790 1655 118 71 non
1857 1655 118 71 ens
1925 1655 118 71 non
1992 1655 169 71 potest
2093 1655 135 71 cogita

455 1714 98 62 ri
504 1714 131 62 esse
585 1714 131 62 nisi
667 1714 147 62 falsa
765 1714 229 62 assertione
945 1714 262 62 phantastica.
1158 1714 82 62 &
1190 1714 114 62 sic
1256 1714 212 62 concessum
1419 1714 114 62 est
1484 1714 131 62 quod
1566 1714 131 62 deus
1648 1714 98 62 ab
1697 1714 229 62 insipienti
1877 1714 163 62 potest
1991 1714 196 62 cogitari
2138 1714 114 62 non

461 1762 153 59 esse.
563 1762 153 59 Aliud
665 1762 136 59 vero
750 1762 119 59 est
819 1762 119 59 non
887 1762 119 59 ens
955 1762 153 59 actu,
1057 1762 119 59 ens
1125 1762 153 59 tamen
1227 1762 102 59 in
1278 1762 221 59 potentia,
1449 1762 136 59 quod
1534 1762 153 59 dicit
1636 1762 119 59 rem
1704 1762 85 59 &
1738 1762 221 59 essentiam
1908 1762 136 59 quae
1994 1762 119 59 est
2045 1762 170 59 suscepti

460 1809 145 69 bilis
557 1809 129 69 esse
637 1809 177 69 actione
766 1809 193 69 agentis:
911 1809 81 69 &
943 1809 129 69 tale
1024 1809 161 69 potest
1137 1809 209 69 intelligi
1298 1809 129 69 esse
1378 1809 113 69 cum
1443 1809 113 69 non
1507 1809 129 69 sit:
1588 1809 129 69 quia
1668 1809 129 69 esse
1749 1809 97 69 in
1797 1809 129 69 actu
1878 1809 97 69 se
1926 1809 145 69 habet
2023 1809 113 69 per
2071 1809 145 69 additio

469 1871 122 62 nem
538 1871 104 62 ad
590 1871 157 62 ipsam
695 1871 244 62 essentiam.
886 1871 139 62 Deus
973 1871 157 62 tamen
1078 1871 174 62 semper
1199 1871 209 62 existens
1356 1871 122 62 non
1426 1871 174 62 potest
1547 1871 226 62 intelligi
1721 1871 122 62 non
1791 1871 157 62 esse:
1895 1871 139 62 quia
1982 1871 139 62 esse
2069 1871 139 62 suum
2139 1871 87 62 nul

470 1918 101 61 lo
521 1918 135 61 modo
605 1918 101 61 se
656 1918 152 61 habet
757 1918 118 61 per
825 1918 236 61 additionem
1010 1918 152 61 super
1112 1918 236 61 essentiam:
1297 1918 118 61 sed
1365 1918 203 61 essentia
1517 1918 118 61 est
1584 1918 152 61 ipsum
1686 1918 152 61 esse,
1787 1918 101 61 vt
1838 1918 169 61 dictum
1956 1918 135 61 est.
2074 1918 101 61 Ad
2108 1918 118 61 secun

459 1979 130 61 dum
534 1979 204 61 quomodo
682 1979 167 61 dixit
793 1979 241 61 insipiens
979 1979 111 61 in
1035 1979 167 61 corde
1146 1979 130 61 suo
1220 1979 130 61 non
1294 1979 130 61 est
1369 1979 167 61 deus:
1480 1979 93 61 &
1517 1979 241 61 similiter
1703 1979 111 61 ad
1758 1979 204 61 Tertium
1907 1979 111 61 de
1962 1979 186 61 eodem,
2074 1979 148 61 dictum

461 2031 116 62 est
528 2031 116 62 iam
594 2031 281 62 sufficienter.
859 2031 99 62 Ad
908 2031 182 62 quartum
1041 2031 132 62 quod
1124 2031 149 62 minus
1223 2031 149 62 notum
1322 2031 132 62 esse
1405 2031 149 62 magis
1505 2031 166 62 potest
1620 2031 199 62 cogitari
1769 2031 116 62 non
1836 2031 149 62 esse:
1935 2031 199 62 Dicendum
2084 2031 132 62 quod
2150 2031 83 62 ve-

468 2087 124 67 rum
539 2087 124 67 est
610 2087 196 67 quantum
753 2087 124 67 est
824 2087 107 67 ex
877 2087 160 67 parte
984 2087 267 67 cogitantis:
1197 2087 89 67 &
1233 2087 142 67 ideo
1321 2087 249 67 cognoscens
1517 2087 142 67 deum
1606 2087 124 67 per
1677 2087 267 67 intellectum
1890 2087 160 67 solum
1997 2087 107 67 in
2050 2087 142 67 esse
2121 2087 107 67 con-

471 2128 147 80 fuso
562 2128 92 80 &
599 2128 110 80 in
654 2128 239 80 generali:
838 2128 165 80 sicut
948 2128 165 80 supra
1058 2128 294 80 determinatum
1296 2128 147 80 est:
1388 2128 92 80 &
1425 2128 257 80 cognoscens
1627 2128 239 80 creaturam
1810 2128 257 80 cognitione
1993 2128 239 80 determinata

455 2189 90 53 &
491 2189 108 53 in
545 2189 289 53 particulari:
780 2189 162 53 magis
888 2189 181 53 potest
1015 2189 199 53 quantum
1159 2189 126 53 est
1231 2189 108 53 ex
1285 2189 162 53 parte
1394 2189 126 53 sui
1466 2189 144 53 deum
1556 2189 126 53 non
1628 2189 144 53 esse
1719 2189 217 53 cogitare
1881 2189 271 53 cogitatione
2098 2189 162 53 phan-

460 2238 202 64 tastica,
612 2238 135 64 quam
696 2238 168 64 multas
814 2238 236 64 creaturas.
999 2238 185 64 Quantum
1134 2238 152 64 autem
1235 2238 118 64 est
1302 2238 101 64 ex
1353 2238 152 64 parte
1454 2238 118 64 rei
1521 2238 219 64 cogitatae
1689 2238 253 64 cogitatione
1891 2238 185 64 propria
2009 2238 219 64 intellectua

459 2287 114 72 li,
524 2287 130 72 quae
605 2287 195 72 formatur
751 2287 195 72 secundum
897 2287 178 72 naturam
1026 2287 211 72 cogitati:
1188 2287 114 72 non
1253 2287 114 72 est
1318 2287 162 72 verum,
1432 2287 97 72 vt
1480 2287 162 72 dictum
1594 2287 130 72 est.
1707 2287 97 72 Et
1756 2287 130 72 quia
1837 2287 114 72 non
1902 2287 243 72 simpliciter
2080 2287 130 72 conces

458 2344 133 69 sum
534 2344 133 69 est
610 2344 152 69 deum
705 2344 133 69 non
781 2344 171 69 posse
895 2344 228 69 cogitari
1066 2344 133 69 non
1142 2344 171 69 esse,
1256 2344 266 69 argumentis
1466 2344 171 69 etiam
1580 2344 114 69 ad
1637 2344 190 69 primam
1770 2344 190 69 partem
1903 2344 323 69 respondendum.
2150 2344 76 69 Ad

465 2404 179 61 primum
590 2404 107 61 in
644 2404 250 61 oppositum:
841 2404 107 61 id
894 2404 125 61 quo
966 2404 161 61 nihil
1073 2404 125 61 est
1145 2404 161 61 maius
1252 2404 125 61 non
1324 2404 179 61 potest
1449 2404 215 61 cogitari
1610 2404 125 61 non
1681 2404 161 61 esse:
1789 2404 215 61 dicendum
1950 2404 143 61 quod
2039 2404 161 61 verum
2129 2404 89 61 est

470 2460 184 68 quantum
604 2460 117 68 est
671 2460 100 68 ex
721 2460 150 68 parte
821 2460 134 68 rei:
905 2460 84 68 &
938 2460 251 68 cognitionis
1139 2460 251 68 intellectus
1339 2460 134 68 puri
1423 2460 117 68 cum
1490 2460 201 68 assensu.
1640 2460 84 68 &
1674 2460 117 68 sic
1740 2460 234 68 intelligit
1924 2460 201 68 Anselmus
2075 2460 100 68 vt
2108 2460 117 68 patet

472 2509 100 63 ex
522 2509 234 63 rationibus
706 2509 167 63 quibus
823 2509 117 63 hoc
890 2509 167 63 probat
1007 2509 167 63 contra
1124 2509 267 63 insipientem.
1341 2509 184 63 Quantum
1474 2509 150 63 tamen
1575 2509 117 63 est
1641 2509 100 63 ex
1692 2509 150 63 parte
1792 2509 150 63 vocis
1892 2509 84 63 &
1925 2509 251 63 cognitionis
2109 2509 117 63 intel

468 2556 180 65 lectus
594 2556 198 65 confusi
737 2556 90 65 &
773 2556 269 65 phantastici
989 2556 126 65 aut
1061 2556 144 65 sine
1150 2556 216 65 assensu,
1312 2556 162 65 nihil
1420 2556 198 65 impedit
1564 2556 144 65 quin
1653 2556 144 65 deus
1743 2556 90 65 &
1779 2556 108 65 id
1833 2556 126 65 quo
1905 2556 162 65 nihil
2012 2556 162 65 maius
2102 2556 126 65 cogi-

480 2614 124 62 tari
558 2614 171 62 potest,
683 2614 156 62 possit
792 2614 187 62 cogitari
932 2614 109 62 non
994 2614 140 62 esse.
1087 2614 93 62 Et
1134 2614 109 62 hoc
1196 2614 218 62 intelligit
1367 2614 187 62 Anselmus
1507 2614 109 62 cum
1570 2614 140 62 dicit
1663 2614 187 62 prosois.
1803 2614 124 62 cap.
1881 2614 140 62 iiii,
1974 2614 124 62 Deus
2052 2614 109 62 est
2114 2614 109 62 quo
2161 2614 62 62 ma

480 2666 108 81 ius
541 2666 185 81 cogitari
680 2666 108 81 non
741 2666 169 81 potest.
865 2666 123 81 Quod
942 2666 108 81 qui
1003 2666 123 81 bene
1080 2666 231 81 intelligit,
1265 2666 154 81 vtique
1373 2666 216 81 intelligit
1542 2666 169 81 idipsum
1666 2666 108 81 sic
1727 2666 139 81 esse,
1820 2666 92 81 vt
1866 2666 108 81 nec
1927 2666 231 81 cogitatione
2112 2666 139 81 queat

465 2717 123 82 non
536 2717 159 82 esse.
642 2717 123 82 Qui
712 2717 141 82 ergo
800 2717 247 82 intelligit
994 2717 123 82 sic
1065 2717 141 82 esse
1153 2717 159 82 deum,
1259 2717 176 82 nequit
1382 2717 123 82 eum
1453 2717 123 82 non
1524 2717 141 82 esse
1612 2717 229 82 cogitare.
1788 2717 141 82 Vnde
1876 2717 194 82 econtra
2017 2717 123 82 qui
2088 2717 123 82 non
2141 2717 88 82 sic

468 2775 136 82 eum
545 2775 291 82 intelligit,
778 2775 175 82 nihil
894 2775 233 82 prohibet
1069 2775 155 82 quin
1166 2775 194 82 possit
1302 2775 136 82 eum
1380 2775 136 82 non
1457 2775 155 82 esse
1554 2775 252 82 cogitare.
1748 2775 175 82 Eodem
1865 2775 155 82 modo
1942 2775 272 82 respondendum

474 2820 122 71 est
543 2820 105 71 ad
596 2820 139 71 alia
683 2820 122 71 duo
735 2820 209 71 sequentia.

782 2873 144 88 Irca
872 2873 198 88 quartum
1016 2873 216 88 arguitur
1178 2873 144 88 quod
1268 2873 144 88 deus
1358 2873 126 88 sit
1430 2873 234 88 mutabilis
1611 2873 234 88 mutatione
1791 2873 270 88 variationis
2007 2873 108 88 ab
2061 2873 126 88 vno
2115 2873 108 88 esse

777 2931 104 67 in
829 2931 156 67 aliud
933 2931 156 67 esse.
1037 2931 156 67 Primo
1141 2931 139 67 sic.
1228 2931 104 67 ab
1280 2931 104 67 eo
1332 2931 104 67 in
1384 2931 121 67 quo
1453 2931 156 67 omnes
1557 2931 295 67 dispositiones
1800 2931 139 67 sunt
1887 2931 173 67 omnino
2008 2931 156 67 eodem
2112 2931 139 67 modo

791 2983 146 71 sicut
888 2983 179 71 fuerunt
1018 2983 179 71 semper:
1148 2983 81 71 &
1181 2983 179 71 nunquam
1310 2983 162 71 factum
1424 2983 114 71 est
1489 2983 179 71 aliquod
1619 2983 130 71 alio
1700 2983 130 71 modo
1781 2983 97 71 se
1830 2983 162 71 habens
1944 2983 130 71 quam
2025 2983 162 71 semper
2123 2983 97 71 erat

784 3036 116 80 sit
851 3036 166 80 semper
967 3036 183 80 aliquid
1100 3036 116 80 vel
1166 3036 116 80 non
1232 3036 116 80 fit
1299 3036 149 80 sicut
1398 3036 149 80 prius
1498 3036 166 80 fiebat
1614 3036 116 80 vel
1680 3036 116 80 non
1747 3036 183 80 fiebat:
1880 3036 83 80 &
1913 3036 232 80 nonaliter,
2095 3036 100 80 vt
2128 3036 100 80 vult

790 3089 177 84 Auicen.
919 3089 113 84 ix.
983 3089 274 84 metaphysicae,
1209 3089 81 84 &
1241 3089 177 84 sumitur
1370 3089 97 84 ex
1418 3089 161 84 dictis
1531 3089 226 84 Philosophi
1708 3089 97 84 i.
1757 3089 113 84 ii.
1821 3089 97 84 de
1870 3089 145 84 gene.
1966 3089 113 84 vbi
2031 3089 161 84 dicit.
2127 3089 97 84 ldem

778 3148 189 74 omnino
910 3148 189 74 manens
1042 3148 151 74 idem
1137 3148 113 74 in
1193 3148 170 74 nullo
1307 3148 245 74 immutatum
1496 3148 189 74 semper
1628 3148 170 74 natum
1741 3148 132 74 est
1817 3148 189 74 facere
1949 3148 170 74 idem.
2062 3148 94 74 &
2100 3148 113 74 ex
2137 3148 76 74 de

778 3192 257 90 terminatione
987 3192 129 90 eius
1068 3192 113 90 in.
1132 3192 145 90 viii.
1228 3192 161 90 physi.
1341 3192 113 90 Sed
1405 3192 80 90 a
1438 3192 113 90 deo
1502 3192 113 90 non
1566 3192 113 90 est
1631 3192 161 90 dicere
1743 3192 129 90 quod
1824 3192 113 90 fit
1888 3192 113 90 vel
1952 3192 113 90 non
2017 3192 113 90 sit
2081 3192 177 90 aliquid

424 3234 108 119 in
478 3234 180 119 semper
604 3234 162 119 sicut
713 3234 180 119 prius,
839 3234 108 119 vt
893 3234 180 119 maxime
1019 3234 162 119 patet
1128 3234 108 119 in
1182 3234 235 119 creatione
1362 3234 216 119 animarum
1524 3234 108 119 de
1579 3234 162 119 nouo.
1687 3234 144 119 ergo
1777 3234 126 119 &c.
1885 3234 198 119 Secundo
2030 3234 144 119 sic.
2102 3234 126 119 varia
