2302 3777
55 335 143 94 primo
150 335 127 94 modo
230 335 111 94 non
293 335 111 94 est
357 335 127 94 sine
436 335 206 94 mutatione
595 335 111 94 aut
658 335 254 94 mutabilitate
864 335 127 94 eius
944 335 143 94 super
1039 335 127 94 quod
1118 335 206 94 fundatur:
1277 335 79 94 &
1308 335 111 94 non
1372 335 159 94 potest
1483 335 127 94 esse
1562 335 95 94 in
1610 335 127 94 deo,
1689 335 175 94 quoniam

66 412 99 64 in
115 412 132 64 ipso
197 412 115 64 non
263 412 165 64 potest
378 412 132 64 esse
461 412 231 64 dispositio
642 412 231 64 mutabilis,
823 412 148 64 quare
922 412 148 64 neque
1021 412 165 64 potest
1136 412 99 64 in
1186 412 99 64 eo
1235 412 132 64 esse
1317 412 181 64 relatio
1449 412 181 64 fundata
1581 412 148 64 super
1680 412 165 64 ipsam:
1779 412 49 64 &

66 462 106 66 ita
126 462 136 66 neque
217 462 166 66 mutatio
338 462 106 66 per
399 462 91 66 se
444 462 181 66 secundum
580 462 151 66 ipsam,
686 462 166 66 quoniam
807 462 166 66 relatio
928 462 121 66 quae
1003 462 151 66 realis
1109 462 106 66 est
1170 462 91 66 in
1215 462 166 66 aliquo,
1336 462 106 66 non
1397 462 106 66 est
1457 462 197 66 mutabilis
1608 462 136 66 neque
1684 462 136 66 mutatur

49 511 87 68 in
92 511 116 68 ipso
164 511 116 68 nisi
237 511 101 68 per
294 511 203 68 mutationem
454 511 174 68 alicuius
584 511 174 68 absoluti
714 511 87 68 in
757 511 87 68 eo
801 511 130 68 super
888 511 116 68 quod
960 511 188 68 fundatur.
1105 511 159 68 propter
1220 511 116 68 quod
1293 511 72 68 &
1322 511 145 68 realis
1423 511 159 68 relatio
1539 511 87 68 in
1582 511 116 68 illo
1654 511 174 68 dicitur,
1770 511 58 68 vt

56 569 160 64 cesset
168 569 192 64 obiectio
311 569 96 64 ex
359 569 144 64 illo.
455 569 96 64 v.
503 569 223 64 Phyisicae.
679 569 128 64 quod
758 569 192 64 secundum
902 569 223 64 relationem
1078 569 112 64 non
1142 569 112 64 fit
1205 569 192 64 mutatio.
1349 569 128 64 Vnde
1429 569 160 64 Ambro.
1541 569 112 64 Dic
1605 569 128 64 mihi
1668 569 160 64 haereti-

53 621 117 68 ce:
120 621 133 68 fuit
203 621 100 68 ne
254 621 234 68 omnipotens
437 621 133 68 deus
521 621 167 68 quando
637 621 150 68 pater
737 621 117 68 non
804 621 150 68 erat:
904 621 83 68 &
938 621 133 68 deus
1021 621 150 68 erat:
1121 621 117 68 Nam
1188 621 100 68 si
1238 621 150 68 pater
1338 621 167 68 coepit
1455 621 150 68 esse,
1555 621 133 68 deus
1638 621 133 68 ergo
1705 621 117 68 prius

59 680 130 60 erat
140 680 114 60 vel
205 680 163 60 factus
319 680 130 60 est:
401 680 81 60 &
433 680 163 60 coepit
547 680 130 60 esse
629 680 163 60 pater,
743 680 130 60 quom
824 680 130 60 ergo
906 680 244 60 immutabilis
1101 680 147 60 deus:
1199 680 98 60 si
1248 680 130 60 enim
1329 680 130 60 ante
1411 680 130 60 deus
1492 680 163 60 postea
1606 680 147 60 pater
1704 680 147 60 fuit:

67 729 147 61 vtique
170 729 206 61 accessione
332 729 235 61 generationis
523 729 162 61 mutatus
640 729 118 61 est:
714 729 103 61 sed
772 729 162 61 auertat
890 729 118 61 deus
963 729 118 61 hanc
1037 729 191 61 amentiam.
1184 729 88 61 Et
1228 729 206 61 Augustinus
1389 729 132 61 dicit
1477 729 147 61 librlo
1580 729 88 61 i.
1624 729 147 61 contra
1712 729 118 61 Maximi

61 780 118 61 num.
135 780 177 61 Spiritus
268 780 162 61 sanctus
385 780 88 61 si
430 780 133 61 nasci
518 780 162 61 potuit,
636 780 147 61 potuit
739 780 118 61 esse
813 780 162 61 filius:
931 780 74 61 &
960 780 103 61 ita
1019 780 192 61 mutabilis
1167 780 118 61 esse
1240 780 162 61 potuit.
1358 780 177 61 Variatio
1491 780 133 61 autem
1579 780 177 61 secundum
1697 780 118 61 relati

67 837 107 60 uas
128 837 259 60 dispositiones
341 837 168 60 secundo
463 837 137 60 modo,
555 837 107 60 non
616 837 153 60 semper
723 837 137 60 ponit
814 837 214 60 mutationem
982 837 107 60 aut
1043 837 259 60 mutabilitatem
1257 837 92 60 in
1302 837 92 60 eo
1348 837 122 60 quod
1424 837 229 60 denominant:
1607 837 107 60 sed
1653 837 168 60 aliquando

58 886 127 62 solum
142 886 84 62 in
184 886 84 62 eo
227 886 84 62 ad
269 886 112 62 quod
339 886 155 62 dicitur
452 886 225 62 denominatum.
634 886 84 62 In
676 886 98 62 quo
733 886 98 62 est
789 886 155 62 relatio
901 886 169 62 secundum
1028 886 112 62 rem:
1098 886 169 62 secundum
1225 886 112 62 quam
1295 886 84 62 in
1337 886 155 62 ipsafit
1449 886 169 62 variatio
1576 886 155 62 realis:
1688 886 70 62 &
1717 886 84 62 in
1745 886 84 62 illo

62 936 94 65 ad
109 936 125 65 quod
187 936 172 65 dicitur
312 936 172 65 vocalis
437 936 141 65 solum
531 936 125 65 siue
609 936 188 65 secundum
750 936 141 65 dici:
844 936 141 65 sicut
937 936 172 65 columna
1062 936 125 65 quae
1141 936 125 65 mihi
1219 936 141 65 prius
1312 936 125 65 erat
1391 936 172 65 dextra,
1516 936 109 65 mea
1578 936 203 65 mutatione
1719 936 109 65 circa

54 992 137 75 ipsam,
150 992 165 75 vertendo
274 992 165 75 scilicet
397 992 82 75 ei
438 992 178 75 sinistram
575 992 123 75 meam:
658 992 110 75 sine
726 992 110 75 omni
795 992 96 75 sui
850 992 178 75 mutatione
987 992 123 75 facta
1069 992 96 75 est
1124 992 110 75 mihi
1192 992 178 75 sinistra.
1329 992 82 75 Et
1371 992 165 75 secundum
1494 992 110 75 hunc
1562 992 123 75 modum
1645 992 151 75 dicitur
1741 992 82 75 deus

69 1045 104 64 de
121 1045 139 64 nouo
208 1045 209 64 dominus:
364 1045 139 64 quia
451 1045 174 64 seruum
573 1045 139 64 sibi
660 1045 157 64 nouum
764 1045 209 64 creauit:
921 1045 87 64 &
956 1045 226 64 similiter
1129 1045 226 64 Saluator:
1303 1045 139 64 quia
1390 1045 209 64 perditum
1547 1045 226 64 saluauit:
1721 1045 87 64 &
1738 1045 87 64 sic

60 1103 81 74 de
100 1103 176 74 caeteris.
235 1103 108 74 Quod
303 1103 122 74 tamen
384 1103 189 74 Augustinus
532 1103 176 74 aliquando
667 1103 189 74 formidauit
816 1103 176 74 asserere.
951 1103 162 74 secundum
1072 1103 108 74 quod
1140 1103 135 74 dicit.
1234 1103 108 74 xii.
1302 1103 81 74 de
1342 1103 162 74 civitate
1464 1103 95 74 dei
1518 1103 95 74 ca,
1572 1103 95 74 xv.
1626 1103 122 74 Sicut
1707 1103 108 74 deum
1761 1103 68 74 ali

66 1162 176 64 quando
190 1162 194 64 dominum
330 1162 123 64 non
401 1162 176 64 fuisse
524 1162 176 64 dicere
647 1162 123 64 non
718 1162 176 64 audeo,
841 1162 123 64 ita
911 1162 194 64 hominem
1052 1162 194 64 nunquam
1193 1162 158 64 antea
1299 1162 194 64 fuisse:
1440 1162 123 64 sed
1510 1162 106 64 ex
1563 1162 176 64 quodam
1669 1162 158 64 tempore

49 1216 191 69 primum
182 1216 191 69 omnium
316 1216 210 69 creatum
469 1216 172 69 esse,
583 1216 229 69 dubitare
755 1216 134 69 non
831 1216 191 69 debeo:
965 1216 134 69 sed
1041 1216 134 69 cum
1117 1216 191 69 cogito
1251 1216 172 69 cuius
1365 1216 134 69 rei
1441 1216 210 69 dominus
1594 1216 191 69 semper
1709 1216 114 69 fue-

55 1256 126 73 rit:
134 1256 94 73 si
181 1256 157 73 semper
291 1256 188 73 creatura
432 1256 110 73 non
495 1256 173 73 fuerit:
621 1256 204 73 affirmare
778 1256 173 73 aliquid
903 1256 236 73 partimesco.
1092 1256 126 73 Quod
1170 1256 141 73 tamen
1265 1256 204 73 postmodum
1422 1256 188 73 audacter
1563 1256 188 73 asseruit
1689 1256 141 73 clarius

62 1316 179 68 comperta
197 1316 179 68 veritate
331 1316 105 68 cum
391 1316 165 68 dixerit
511 1316 90 68 in
556 1316 90 68 v.
601 1316 90 68 de
645 1316 209 68 trinitate.
810 1316 90 68 Si
855 1316 150 68 domins
959 1316 165 68 dicitur
1079 1316 105 68 non
1139 1316 120 68 nisi
1214 1316 105 68 cum
1274 1316 150 68 habere
1378 1316 165 68 incepit
1498 1316 165 68 seruum:
1618 1316 120 68 ista
1677 1316 150 68 appella-

66 1373 109 65 tio
129 1373 187 65 relatiua
269 1373 93 65 ex
315 1373 171 65 tempore
440 1373 124 65 est.
517 1373 109 65 Non
579 1373 124 65 enim
657 1373 218 65 sempiterna
828 1373 187 65 creatura
968 1373 109 65 est
1030 1373 140 65 cuius
1123 1373 124 65 ille
1201 1373 109 65 est
1263 1373 171 65 domins.
1388 1373 124 65 Ecce
1465 1373 124 65 quia
1543 1373 171 65 dominum
1668 1373 140 65 esse:
1745 1373 78 65 non

63 1422 281 63 sempiternum
288 1422 188 63 habet:
420 1422 113 63 ne
476 1422 206 63 cogamur
626 1422 169 63 etiam
738 1422 244 63 creaturam
926 1422 281 63 sempiternam
1151 1422 206 63 dicere.
1301 1422 94 63 &
1338 1422 188 63 infra.
1470 1422 150 63 Quom
1563 1422 188 63 igitur
1676 1422 150 63 obtine

58 1480 147 60 bimus
156 1480 147 60 nihil
253 1480 196 60 secundum
400 1480 196 60 accidens
547 1480 131 60 dici
629 1480 196 60 dominum,
776 1480 131 60 nisi
857 1480 131 60 quia
939 1480 163 60 ipsius
1053 1480 114 60 dei
1118 1480 179 60 naturae
1249 1480 147 60 nihil
1347 1480 179 60 accidit
1477 1480 114 60 quo
1543 1480 179 60 mutetur
1673 1480 98 60 vt
1722 1480 98 60 in
1755 1480 65 60 ea

51 1529 141 67 sint
139 1529 246 67 accidentia
333 1529 229 67 relatiua,
509 1529 141 67 quae
597 1529 123 67 cum
667 1529 176 67 aliqua
790 1529 229 67 mutatione
966 1529 158 67 rerum
1072 1529 106 67 de
1124 1529 176 67 quibus
1248 1529 229 67 dicuntur,
1423 1529 229 67 accidunt:
1599 1529 158 67 sicut
1687 1529 141 67 amicus

66 1581 197 67 relatiue
213 1581 197 67 dicitur:
361 1581 148 67 neque
460 1581 131 67 enim
542 1581 131 67 esse
624 1581 181 67 incipit
755 1581 131 67 nisi
838 1581 115 67 cum
903 1581 148 67 amare
1002 1581 181 67 coepit.
1133 1581 115 67 sit
1199 1581 131 67 ergo
1281 1581 164 67 aliqua
1396 1581 181 67 mutatio
1527 1581 230 67 voluntatis
1708 1581 99 67 vt
1741 1581 82 67 ami

66 1642 122 64 cus
135 1642 209 64 dicatur.
292 1642 174 64 Nummus
413 1642 157 64 autem
518 1642 122 64 cum
587 1642 191 64 dicitur
726 1642 209 64 precium,
883 1642 209 64 relatiue
1039 1642 209 64 dicitur:
1196 1642 122 64 nec
1266 1642 157 64 tamen
1370 1642 191 64 mutatus
1509 1642 122 64 est
1579 1642 122 64 cum
1648 1642 139 64 ipse
1718 1642 104 64 coe-

70 1698 122 65 pit
139 1698 192 65 precium
279 1698 157 65 esse:
384 1698 157 65 neque
489 1698 122 65 cum
559 1698 192 65 dicitur
699 1698 192 65 pignus:
839 1698 87 65 &
874 1698 157 65 siqua
978 1698 210 65 similia.
1136 1698 105 65 Si
1188 1698 140 65 ergo
1276 1698 175 65 nummus
1398 1698 175 65 potest
1520 1698 157 65 nulla
1625 1698 122 65 sui
1678 1698 157 65 mutatio

69 1751 108 60 ne
123 1751 252 60 multotiens
321 1751 144 60 dici
411 1751 234 60 relatiue:
591 1751 180 60 quanto
717 1751 216 60 facilius
879 1751 108 60 de
933 1751 144 60 illa
1023 1751 306 60 incommutabili
1275 1751 252 60 substantia
1473 1751 198 60 debemus
1617 1751 216 60 accipere
1761 1751 72 60 vt

71 1805 189 57 dicatur
209 1805 207 57 relatiue
363 1805 189 57 aliquid
501 1805 103 57 ad
553 1805 241 57 creaturam:
742 1805 103 57 vt
794 1805 189 57 quamuis
932 1805 275 57 temporaliter
1156 1805 207 57 incipiat
1310 1805 155 57 dici:
1414 1805 121 57 non
1483 1805 155 57 tamen
1586 1805 138 57 ipsi
1655 1805 172 57 substan-

71 1848 123 67 tiae
147 1848 107 67 dei
209 1848 200 67 accidisse
362 1848 169 67 aliquid
485 1848 261 67 intelligatur:
700 1848 107 67 sed
761 1848 123 67 ipsi
838 1848 200 67 creaturae
992 1848 92 67 ad
1038 1848 123 67 quam
1115 1848 184 67 dicitur,
1253 1848 123 67 quod
1329 1848 184 67 declarat
1468 1848 107 67 per
1529 1848 138 67 plura
1621 1848 169 67 exempla
1744 1848 92 67 vt
1775 1848 61 67 pa

64 1901 122 66 tet
133 1901 279 66 inspicienti.
395 1901 105 66 Ad
447 1901 192 66 tertium
587 1901 140 66 quod
674 1901 105 66 in
726 1901 174 66 diuino
848 1901 227 66 supposito
1023 1901 105 66 de
1075 1901 140 66 nouo
1162 1901 192 66 aduenit
1302 1901 174 66 humana
1424 1901 174 66 natura
1546 1901 105 66 in
1598 1901 209 66 Christo:
1738 1901 87 66 Di-

68 1963 182 57 cendum
195 1963 146 57 quod
286 1963 127 57 hoc
359 1963 127 57 non
432 1963 127 57 est
504 1963 182 57 factum
632 1963 127 57 per
704 1963 200 57 aliquam
850 1963 255 57 mutationem
1050 1963 109 57 in
1105 1963 200 57 persona
1250 1963 127 57 cui
1323 1963 218 57 aduenit:
1487 1963 127 57 sed
1559 1963 164 57 solum
1668 1963 109 57 in
1705 1963 109 57 natu

68 2016 89 60 ra
113 2016 119 60 quae
187 2016 178 60 aduenit.
321 2016 178 60 secundum
455 2016 119 60 quod
529 2016 134 60 dicit
618 2016 119 60 Aug.
692 2016 282 60 li.llxxxiiiiiio
930 2016 134 60 qibus
1019 2016 104 60 Non
1079 2016 163 60 oportet
1198 2016 193 60 intelligi
1346 2016 163 60 mutatum
1465 2016 119 60 esse
1540 2016 149 60 verbum
1629 2016 193 60 susceptione

76 2061 195 69 hominis:
222 2061 146 69 sicut
320 2061 114 69 nec
385 2061 163 69 membra
499 2061 179 69 vestita
629 2061 211 69 mutantur:
791 2061 179 69 quamuis
921 2061 276 69 ineffabiliter
1149 2061 130 69 illa
1230 2061 211 69 susceptio
1393 2061 211 69 susceptum
1556 2061 244 69 suscipienti
1734 2061 98 69 copu

65 2117 154 68 laret.
172 2117 92 68 Et
218 2117 123 68 quom
295 2117 108 68 sit
357 2117 123 68 ista
434 2117 154 68 copula
541 2117 200 68 mutatione
695 2117 123 68 eius
772 2117 123 68 quid
849 2117 231 68 suscipitur,
1033 2117 185 68 declarat
1172 2117 154 68 ibidem
1279 2117 108 68 per
1341 2117 185 68 exemplum
1479 2117 169 68 dicens.
1602 2117 154 68 Vestis
1710 2117 123 68 quae
1771 2117 62 68 de

67 2175 152 68 iecta
169 2175 152 68 atque
270 2175 203 68 deposita
422 2175 135 68 est,
507 2175 118 68 non
575 2175 152 68 habet
676 2175 169 68 eandem
795 2175 169 68 formam
913 2175 135 68 quam
998 2175 152 68 sumit
1099 2175 186 68 induta.
1235 2175 169 68 Induta
1353 2175 135 68 enim
1438 2175 186 68 membris
1573 2175 186 68 accipit
1692 2175 135 68 formam

68 2228 131 63 quam
150 2228 115 63 non
215 2228 148 63 habet
314 2228 164 63 exuta,
429 2228 131 63 quod
511 2228 148 63 genus
609 2228 197 63 congruit
757 2228 131 63 huic
839 2228 279 63 comparationi,
1069 2228 131 63 Deus
1151 2228 131 63 enim
1233 2228 164 63 filius
1348 2228 181 63 seipsum
1480 2228 230 63 exinaniuit
1660 2228 115 63 non
1710 2228 131 63 formam

68 2284 140 62 luam
155 2284 192 62 mutans:
294 2284 122 62 sed
364 2284 174 62 formam
486 2284 157 62 serui
591 2284 244 62 accipiens.
783 2284 122 62 Sed
852 2284 140 62 quom
940 2284 140 62 hoc,
1027 2284 192 62 amplius
1166 2284 157 62 debet
1271 2284 227 62 declarari
1445 2284 209 62 loquendo
1602 2284 105 62 de
1655 2284 157 62 verbi
1759 2284 105 62 in

65 2333 247 70 carnatione.
295 2333 99 70 Ad
344 2333 181 70 quartum
476 2333 132 70 quod
558 2333 99 70 in
607 2333 115 70 deo
673 2333 115 70 sit
739 2333 164 70 exitus
854 2333 99 70 ab
903 2333 132 70 otio
985 2333 99 70 ad
1034 2333 164 70 actum:
1150 2333 197 70 Dicendum
1298 2333 132 70 quod
1380 2333 115 70 cum
1445 2333 148 70 actio
1544 2333 115 70 est
1610 2333 197 70 secundum
1741 2333 99 70 quam

68 2388 141 64 agere
163 2388 173 64 dicimur
288 2388 94 64 in
335 2388 94 64 id
383 2388 126 64 quid
461 2388 236 64 subiicitur,
650 2388 94 64 vt
697 2388 173 64 dicitur
822 2388 94 64 in
870 2388 110 64 vi.
932 2388 236 64 principiis:
1121 2388 79 64 &
1152 2388 110 64 sic
1215 2388 141 64 actio
1310 2388 110 64 sit
1372 2388 141 64 media
1467 2388 141 64 inter
1561 2388 173 64 agentem
1687 2388 79 64 &
1702 2388 126 64 actum:

68 2441 162 74 habens
181 2441 130 74 duos
262 2441 227 74 respectus,
440 2441 162 74 potest
554 2441 243 74 considerari
748 2441 97 74 vt
797 2441 194 74 respicit
943 2441 178 74 agentem
1072 2441 81 74 a
1105 2441 113 74 quo
1170 2441 130 74 est:
1251 2441 113 74 vel
1315 2441 97 74 vt
1364 2441 194 74 respicit
1510 2441 146 74 actum
1607 2441 97 74 in
1656 2441 130 74 quod
1721 2441 113 74 termi

64 2491 173 82 natur.
185 2491 208 82 Secundum
341 2491 173 82 primum
462 2491 225 82 respectum
635 2491 173 82 diuina
756 2491 156 82 actio
860 2491 190 82 aeterna
998 2491 121 82 est
1067 2491 156 82 sicut
1171 2491 87 82 &
1206 2491 242 82 substantia
1396 2491 138 82 sua:
1483 2491 138 82 quia
1569 2491 121 82 sua
1639 2491 156 82 actio
1742 2491 121 82 non

71 2544 98 68 est
127 2544 126 68 aliud
211 2544 112 68 quam
281 2544 196 68 substantia
435 2544 112 68 sua,
505 2544 84 68 vt
547 2544 112 68 vult
617 2544 210 68 Philosophus
785 2544 98 68 in.
841 2544 112 68 xii.
911 2544 126 68 meta.
995 2544 168 68 Secundum
1121 2544 168 68 secundum
1247 2544 182 68 respectum
1387 2544 182 68 tmporalis
1527 2544 98 68 est
1583 2544 70 68 &
1611 2544 112 68 noua
1681 2544 154 68 propter
1779 2544 56 68 no

62 2602 129 65 uum
135 2602 221 65 effectum
301 2602 129 65 qui
375 2602 221 65 procedit
540 2602 110 65 in
595 2602 147 65 esse
688 2602 110 65 ab
743 2602 203 65 actione
890 2602 221 65 aeterna,
1056 2602 221 65 secundum
1221 2602 350 65 determinationem
1516 2602 258 65 praedictam
1700 2602 129 65 volun

74 2664 172 58 tatis.
194 2664 138 58 Vnde
281 2664 121 58 non
350 2664 121 58 est
419 2664 172 58 dicere
539 2664 138 58 quod
625 2664 138 58 deus
712 2664 103 58 in
763 2664 207 58 operando
918 2664 207 58 procedit
1074 2664 103 58 ab
1125 2664 138 58 otio
1211 2664 103 58 in
1263 2664 172 58 actum:
1384 2664 121 58 sed
1453 2664 138 58 quod
1539 2664 207 58 operatum
1694 2664 103 58 de
1746 2664 121 58 non

71 2704 128 69 esse
151 2704 192 69 procedit
295 2704 96 69 de
344 2704 128 69 nouo
424 2704 96 69 in
472 2704 144 69 actum
568 2704 176 69 essendi
696 2704 112 69 per
761 2704 128 69 eius
841 2704 241 69 operationem
1033 2704 208 69 aeternam.
1194 2704 96 69 Et
1242 2704 128 69 ideo
1322 2704 144 69 dicit
1418 2704 225 69 Augustinus
1594 2704 96 69 vt
1643 2704 176 69 habitum
1755 2704 80 69 est

74 2757 178 75 statim.
203 2757 97 75 Si
252 2757 146 75 prius
349 2757 210 75 cessauit:
510 2757 81 75 &
543 2757 162 75 postea
656 2757 194 75 operatus
801 2757 129 75 est:
882 2757 162 75 nescio
995 2757 243 75 quemadmodum
1189 2757 97 75 ab
1238 2757 162 75 homine
1351 2757 162 75 posset
1464 2757 226 75 intelligi.
1642 2757 162 75 potest
1739 2757 97 75 enim

71 2819 148 62 agens
169 2819 230 62 quiescere,
350 2819 82 62 &
383 2819 214 62 quiescens
547 2819 164 62 agere.
695 2819 99 62 Ad
744 2819 181 62 quintum
875 2819 131 62 quod
958 2819 131 62 deus
1040 2819 214 62 aliquando
1204 2819 131 62 vult
1286 2819 164 62 facere
1401 2819 131 62 quod
1483 2819 148 62 prius
1582 2819 181 62 noluit:
1713 2819 82 62 &
1729 2819 99 62 econ

70 2867 176 67 uerso:
193 2867 211 67 Dicendum
351 2867 141 67 quod
439 2867 141 67 illa
527 2867 211 67 aduerbia
685 2867 228 67 aliquando
861 2867 88 67 &
896 2867 158 67 prius
1001 2867 193 67 possunt
1142 2867 263 67 determinare
1353 2867 158 67 actum
1458 2867 211 67 volendi.
1616 2867 123 67 sic
1686 2867 123 67 est
1739 2867 88 67 fal

63 2922 126 76 sa:
135 2922 144 76 quia
225 2922 271 76 vniformiter
442 2922 108 76 ab
496 2922 198 76 aeterno
640 2922 180 76 voluit
767 2922 144 76 vult
857 2922 90 76 &
893 2922 162 76 volet
1001 2922 253 76 quemcumque
1200 2922 162 76 vult:
1308 2922 126 76 nec
1380 2922 108 76 in
1434 2922 180 76 aliquo
1560 2922 198 76 mutatur
1705 2922 126 76 quo
1759 2922 72 76 ad

70 2970 150 78 actum
170 2970 200 78 volendi.
320 2970 117 78 Vel
387 2970 183 78 possunt
520 2970 250 78 determinare
720 2970 150 78 illud
819 2970 166 78 verbum
936 2970 183 78 facere:
1069 2970 83 78 &
1103 2970 117 78 hoc
1169 2970 250 78 dupliciter:
1369 2970 117 78 vel
1435 2970 117 78 per
1502 2970 216 78 respectum
1669 2970 100 78 ad
1718 2970 150 78 agen-

80 3029 125 72 tem:
159 3029 110 72 sic
221 3029 141 72 adhuc
315 3029 141 72 falsa
409 3029 125 72 est:
488 3029 125 72 quia
566 3029 94 72 vt
613 3029 157 72 dictum
723 3029 125 72 est:
801 3029 141 72 actio
895 3029 110 72 sua
958 3029 94 72 in
1005 3029 94 72 se
1052 3029 172 72 aeterna
1177 3029 110 72 est
1240 3029 78 72 &
1271 3029 219 72 vniformis:
1443 3029 110 72 vel
1506 3029 110 72 per
1569 3029 204 72 respectum
1725 3029 94 72 ad
1757 3029 78 72 fa-

80 3083 119 66 ctum
154 3083 74 66 &
184 3083 178 66 volitum:
317 3083 104 66 sic
377 3083 104 66 est
436 3083 133 66 vera:
525 3083 119 66 quia
599 3083 89 66 ex
644 3083 267 66 determinatione
866 3083 178 66 aeternae
1000 3083 208 66 voluntatil
1163 3083 133 66 facit
1252 3083 163 66 aliquid
1370 3083 119 66 nunc
1445 3083 119 66 quod
1519 3083 104 66 non
1578 3083 133 66 fecit
1667 3083 148 66 prius.
1771 3083 104 66 Sed

72 3136 110 66 hoc
135 3136 158 66 nullam
246 3136 142 66 ponit
340 3136 221 66 mutationem
514 3136 95 66 in
561 3136 205 66 faciente:
719 3136 110 66 sed
782 3136 142 66 solum
877 3136 95 66 in
924 3136 158 66 facto,
1034 3136 95 66 vt
1082 3136 158 66 dictum
1192 3136 126 66 est.
1303 3136 95 66 Ad
1350 3136 158 66 sextum
1460 3136 189 66 dicendum
1602 3136 126 66 quod
1665 3136 174 66 poenitere

72 3191 105 75 non
132 3191 165 75 dicitur
252 3191 165 75 proprie
372 3191 90 75 de
417 3191 105 75 deo
477 3191 135 75 sicut
566 3191 90 75 de
611 3191 210 75 hominibus,
776 3191 90 75 in
821 3191 150 75 quibus
926 3191 135 75 dicit
1016 3191 225 75 mutationem:
1196 3191 105 75 sed
1256 3191 165 75 sumitur
1376 3191 105 75 pro
1435 3191 195 75 mutatione
1585 3191 135 75 opeis
1675 3191 210 75 exterioris
1825 3191 45 75 A

78 3247 131 83 quae
159 3247 115 83 sit
225 3247 131 83 sine
307 3247 131 83 omni
389 3247 180 83 diuinae
520 3247 229 83 voluntatis
700 3247 229 83 mutatione.
880 3247 131 83 Vnde
962 3247 246 83 Augustinus,
1158 3247 147 83 xvii.
1257 3247 98 83 de
1306 3247 147 83 ciui.
1404 3247 98 83 d.
1453 3247 115 83 Non
1519 3247 115 83 est
1584 3247 131 83 deus
1666 3247 147 83 sicut
1748 3247 98 83 homo
