2648 3768
439 304 193 94 angelus
580 304 175 94 docuit
703 304 193 94 Balaam,
843 304 193 94 loquens
983 304 123 94 per
1053 304 105 94 os
1106 304 193 94 asinae.
1246 304 158 94 Nume.
1351 304 158 94 xxii.
1457 304 123 94 Sed
1527 304 140 94 iste
1614 304 158 94 modus
1720 304 193 94 docendi
1860 304 123 94 non
1930 304 123 94 est
1983 304 175 94 proprius

427 387 188 78 angelo:
564 387 137 78 quia
649 387 205 78 conuenit
803 387 154 78 etiam
905 387 188 78 homini:
1042 387 137 78 vnde
1128 387 120 78 nec
1196 387 154 78 ipsum
1298 387 239 78 quaerimus.
1486 387 85 78 â‹
1521 387 188 78 Secundo
1657 387 137 78 modo
1743 387 222 78 principal
1914 387 205 78 scilicet
2050 387 120 78 ponem

441 443 110 67 do
496 443 201 67 angelum
642 443 183 67 docere
770 443 220 67 operando
935 443 165 67 circa
1045 443 201 67 nostrum
1191 443 330 67 intellectuale:
1466 443 201 67 Triplex
1613 443 128 67 est
1686 443 165 67 modus
1796 443 220 67 ponendi.
1961 443 183 67 Primus
2070 443 92 67 est

451 496 123 69 quod
528 496 108 69 cum
589 496 139 69 omnis
682 496 278 69 intellectualis
914 496 170 69 opeatio
1037 496 108 69 per
1099 496 108 69 duo
1161 496 232 69 perficiatur
1346 496 185 69 scilicet
1485 496 108 69 per
1547 496 139 69 lumen
1639 496 278 69 intellectuale,
1871 496 77 69 &
1902 496 108 69 per
1963 496 170 69 species
2087 496 108 69 in-

441 554 276 66 telligibiles:
668 554 114 66 ita
733 554 130 66 quod
814 554 114 66 per
879 554 179 66 species
1009 554 130 66 fiat
1090 554 260 66 apprehensio:
1301 554 114 66 per
1366 554 146 66 lumen
1464 554 130 66 vero
1545 554 195 66 iudicium
1691 554 97 66 de
1740 554 244 66 apprehenso:
1935 554 114 66 cum
2000 554 162 66 igitur
2097 554 65 66 vt

434 604 257 71 supradictum
639 604 137 71 est,
725 604 154 71 modus
827 604 205 71 proprius
981 604 188 71 docendi
1118 604 171 71 ipsius
1238 604 120 71 dei
1307 604 120 71 sit
1375 604 103 71 ex
1426 604 154 71 parte
1529 604 205 71 luminis,
1683 604 120 71 quo
1751 604 257 71 illustratur
1957 604 137 71 homo
2042 604 103 71 ad
2076 604 86 71 per

440 657 235 68 cipiendam
621 657 199 68 certam,
765 657 90 68 &
801 657 217 68 synceram
964 657 253 68 veritatem,
1162 657 163 68 modus
1271 657 145 68 vero
1361 657 199 68 docendi
1506 657 199 68 hominis
1650 657 126 68 sit
1722 657 108 68 ex
1777 657 163 68 parte
1885 657 235 68 specierum
2048 657 108 68 eius

442 716 281 65 ordinatarum
667 716 262 65 adminiculo
873 716 112 65 in
930 716 281 65 intellectu:
1155 716 206 65 Angelus
1305 716 169 65 autem
1417 716 187 65 medius
1548 716 187 65 natura
1680 716 131 65 est
1755 716 169 65 inter
1867 716 150 65 deum
1961 716 94 65 &
1980 716 187 65 hominem:

438 765 200 69 Medius
578 765 160 69 ergo
678 765 180 69 modus
798 765 220 69 docendi
959 765 240 69 conuenit
1139 765 120 69 ei
1199 765 200 69 partim
1339 765 320 69 communicando
1599 765 140 69 cum
1679 765 160 69 modo
1780 765 220 69 docendi
1940 765 240 69 hominis:
2100 765 60 69 &

435 822 188 66 partim
567 822 131 66 cum
642 822 150 66 modo
735 822 206 66 docendi
885 822 150 66 dei.
979 822 131 66 Cum
1054 822 150 66 modo
1148 822 206 66 docendi
1298 822 131 66 dei
1373 822 131 66 per
1448 822 150 66 hunc
1542 822 188 66 modum:
1673 822 150 66 quia
1767 822 150 66 enim
1861 822 206 66 angelus
1992 822 169 66 habetur

434 874 152 67 lumen
536 874 288 67 intellectuale
773 874 271 67 imperfectius
993 874 136 67 quam
1078 874 152 67 deus,
1179 874 152 67 lumen
1281 874 288 67 intellectuale
1518 874 119 67 non
1586 874 169 67 potest
1705 874 102 67 ei
1755 874 237 67 imprimere,
1942 874 102 67 vt
1993 874 119 67 ita
2043 874 119 67 perfe

434 929 114 65 cte
499 929 180 65 discat:
630 929 147 65 sicut
728 929 147 65 lumen
826 929 131 65 quod
907 929 196 65 imprimit
1054 929 98 65 ei
1103 929 147 65 deus.
1201 929 147 65 Lumen
1299 929 131 65 enim
1381 929 114 65 dei
1446 929 114 65 est
1512 929 147 65 ratio
1610 929 229 65 exemplaris
1789 929 229 65 cuiuslibet
1969 929 229 65 creaturae:

440 984 104 62 vt
492 984 173 62 dictum
613 984 121 62 est
682 984 173 62 supra.
803 984 121 62 Non
872 984 121 62 sic
941 984 156 62 autem
1045 984 156 62 lumen
1149 984 190 62 angeli.
1288 984 138 62 Quia
1374 984 156 62 tamen
1478 984 190 62 angelus
1616 984 156 62 habet
1720 984 156 62 lumen
1824 984 294 62 intellectuale
2049 984 121 62 perfe

433 1032 156 67 ctius
536 1032 138 67 quam
623 1032 156 67 homo,
727 1032 173 67 potest
848 1032 104 67 se
899 1032 121 67 cum
968 1032 173 67 lumine
1089 1032 242 67 spirituali
1280 1032 173 67 animae
1401 1032 190 67 humanae
1539 1032 225 67 applicare
1712 1032 311 67 spiritualiter:
1971 1032 86 67 &
2005 1032 156 67 illud
2092 1032 69 67 ex

439 1096 266 60 praesentia,
652 1096 89 60 &
688 1096 320 60 approximatione
954 1096 124 60 sua
1025 1096 266 60 confortare:
1238 1096 89 60 &
1274 1096 160 60 quasi
1381 1096 231 60 accendere
1558 1096 107 60 ad
1611 1096 249 60 perfectius
1807 1096 284 60 inspiciendam
2020 1096 142 60 verita

426 1145 136 64 tem.
511 1145 119 64 sed
579 1145 119 64 hoc
648 1145 153 64 nihil
750 1145 136 64 est:
835 1145 188 64 quoniam
972 1145 153 64 nihil
1074 1145 188 64 proprie
1210 1145 170 64 docet,
1330 1145 136 64 nisi
1415 1145 136 64 quod
1500 1145 102 64 ad
1551 1145 222 64 causandum
1722 1145 205 64 exemplar
1875 1145 119 64 rei
1926 1145 239 64 cognoscendae

427 1197 109 65 in
481 1197 163 65 mente
590 1197 199 65 aliquid
735 1197 163 65 agat:
843 1197 127 65 quo
916 1197 181 65 verbum
1042 1197 235 65 veritatis
1224 1197 109 65 de
1278 1197 109 65 re
1332 1197 253 65 concipiat.
1531 1197 127 65 Per
1604 1197 127 65 hoc
1676 1197 145 65 enim
1767 1197 163 65 solum
1875 1197 217 65 informat
2020 1197 145 65 discen

437 1259 119 58 tem
505 1259 222 58 scientia:
676 1259 137 58 quod
761 1259 239 58 appellatur
949 1259 188 58 docere.
1086 1259 119 58 Hoc
1154 1259 154 58 autem
1256 1259 154 58 lumen
1359 1259 171 58 angeli
1478 1259 154 58 nullo
1581 1259 137 58 modo
1666 1259 171 58 facere
1785 1259 188 58 potest:
1922 1259 102 58 eo
1973 1259 137 58 quod
2042 1259 119 58 ipsum

433 1294 114 79 non
498 1294 114 79 est
563 1294 196 79 exemplar
710 1294 131 79 rei:
792 1294 114 79 quo
857 1294 147 79 verbo
955 1294 212 79 veritatis
1119 1294 98 79 de
1168 1294 98 79 re
1217 1294 131 79 ipsa
1298 1294 131 79 mens
1380 1294 212 79 informari
1543 1294 180 79 possit.
1674 1294 131 79 vnde
1756 1294 114 79 nec
1821 1294 131 79 deus
1903 1294 180 79 dicitur
2017 1294 147 79 proprie

439 1351 182 71 docere:
572 1351 182 71 ratione
704 1351 116 71 qua
770 1351 116 71 est
836 1351 149 71 lumen
935 1351 298 71 intellectuale:
1183 1351 215 71 accendens
1349 1351 149 71 lumen
1448 1351 182 71 hominis
1580 1351 215 71 naturale:
1746 1351 99 71 vt
1795 1351 99 71 ad
1845 1351 281 71 intelligendum
2060 1351 99 71 acua

440 1410 135 62 tur:
524 1410 118 62 sed
592 1410 152 62 solum
693 1410 219 62 inquantum
861 1410 118 62 est
928 1410 135 62 ars:
1013 1410 84 62 &
1046 1410 152 62 liber
1147 1410 202 62 rationum
1299 1410 236 62 viuentium.
1484 1410 118 62 Per
1551 1410 118 62 hoc
1619 1410 135 62 enim
1703 1410 152 62 solum
1804 1410 202 62 imprimit
1955 1410 152 62 menti
2039 1410 135 62 verbum

440 1464 290 63 determinatum
676 1464 200 63 naturae
821 1464 145 63 rei:
911 1464 91 63 &
948 1464 145 63 eius
1038 1464 254 63 distinctam
1238 1464 272 63 cognitionem
1456 1464 181 63 facit:
1583 1464 109 63 vt
1637 1464 181 63 dictum
1764 1464 127 63 est
1837 1464 181 63 supra.
1963 1464 91 63 â‹
1982 1464 181 63 Secundus

430 1517 160 69 modus
537 1517 195 69 ponendi
679 1517 195 69 angelum
821 1517 178 69 docere
945 1517 213 69 operando
1105 1517 160 69 circa
1211 1517 195 69 nostrum
1353 1517 302 69 intellectuale
1602 1517 142 69 est:
1691 1517 142 69 quod
1779 1517 178 69 angeli
1904 1517 142 69 sunt
1992 1517 160 69 sicut
2081 1517 89 69 spe

428 1570 142 73 cula
517 1570 266 73 spiritualia
730 1570 160 73 clara
837 1570 195 73 lucida:
979 1570 89 73 &
1014 1570 231 73 similiter
1192 1570 178 73 animae
1316 1570 213 73 humanae:
1476 1570 89 73 &
1511 1570 142 73 ideo
1600 1570 124 73 cum
1671 1570 195 73 angelus
1813 1570 213 73 applicat
1973 1570 124 73 se,
2044 1570 89 73 &
2061 1570 107 73 oppo

421 1622 129 71 nit
494 1622 313 71 spiritualiter
752 1622 184 71 animae
880 1622 221 71 humanae:
1046 1622 202 71 speciei
1193 1622 147 71 quam
1285 1622 165 71 habet
1395 1622 110 71 in
1450 1622 110 71 se
1505 1622 202 71 species
1652 1622 257 71 consimilis
1854 1622 221 71 formatur
2020 1622 110 71 in
2057 1622 110 71 ani-

429 1685 123 60 ma.
500 1685 159 60 Sicut
606 1685 212 60 speculum
765 1685 229 60 materiale
941 1685 106 60 in
994 1685 194 60 speculo
1135 1685 141 60 sibi
1223 1685 229 60 opposito,
1400 1685 176 60 format
1523 1685 212 60 imaginem
1682 1685 123 60 qua
1752 1685 265 60 informatur.
1964 1685 106 60 Et
2017 1685 123 60 ita
2070 1685 88 60 per

427 1732 130 62 hunc
508 1732 146 62 modum
605 1732 178 62 dicitur
735 1732 211 62 quandoque
897 1732 130 62 quod
978 1732 178 62 angelus
1108 1732 130 62 visa
1189 1732 114 62 sua
1254 1732 146 62 facit
1351 1732 130 62 nia,
1432 1732 81 62 &
1465 1732 146 62 docet
1562 1732 130 62 nos.
1643 1732 81 62 â‹
1675 1732 114 62 Hoc
1740 1732 178 62 apparet
1870 1732 259 62 inconueniens
2065 1732 97 62 tri-

440 1787 222 68 pliciter.
610 1787 153 68 Primo
713 1787 136 68 sic.
798 1787 136 68 quia
883 1787 102 68 si
934 1787 187 68 angelus
1070 1787 119 68 sic
1139 1787 170 68 posset
1258 1787 170 68 animam
1377 1787 239 68 coniunctam
1565 1787 187 68 corpori
1701 1787 239 68 informare,
1888 1787 85 68 &
1922 1787 119 68 sua
1991 1787 136 68 visa
2059 1787 102 68 con-

430 1850 260 58 municare,
630 1850 180 58 multo
750 1850 220 58 fortius
909 1850 100 58 &
949 1850 200 58 animam
1089 1850 280 58 separatam:
1309 1850 100 58 &
1349 1850 160 58 vnus
1449 1850 220 58 angelus
1609 1850 180 58 alium
1729 1850 240 58 angelum:
1908 1850 100 58 &
1948 1850 160 58 vnus
2028 1850 140 58 ange-

430 1893 124 62 lus
501 1893 177 62 primus
625 1893 159 62 omnem
731 1893 159 62 alium
837 1893 212 62 angelum:
996 1893 106 62 vt
1049 1893 124 62 sic
1119 1893 265 62 intelligant
1332 1893 124 62 per
1402 1893 194 62 species
1544 1893 265 62 acquisitas:
1756 1893 124 62 non
1826 1893 124 62 per
1897 1893 212 62 innatas.
2056 1893 141 62 quod

426 1953 181 60 multis
553 1953 289 60 inconueniens
788 1953 217 60 videtur.
950 1953 90 60 â‹
987 1953 199 60 Secundo
1131 1953 199 60 apparet
1276 1953 127 60 hoc
1348 1953 307 60 inconueniens:
1601 1953 145 60 quia
1692 1953 199 60 angelus
1836 1953 127 60 non
1909 1953 181 60 posset
2017 1953 145 60 animam

428 1997 173 60 specie
549 1997 121 60 sua
618 1997 224 60 informare
790 1997 224 60 migrando:
963 1997 121 60 sed
1032 1997 155 60 solum
1135 1997 190 60 speciem
1273 1997 242 60 consimilem
1463 1997 121 60 ei,
1532 1997 138 60 quam
1619 1997 155 60 habet
1722 1997 104 60 in
1774 1997 121 60 se,
1843 1997 104 60 in
1895 1997 121 60 eam
1964 1997 242 60 generando.

437 2048 120 71 sed
505 2048 120 71 hoc
574 2048 120 71 non
642 2048 222 71 contingit
813 2048 137 71 nisi
898 2048 103 71 in
950 2048 256 71 naturalibus
1155 2048 188 71 actiuis
1291 2048 85 71 &
1326 2048 222 71 passiuis:
1496 2048 171 71 quales
1616 2048 120 71 non
1684 2048 205 71 ponuntur
1838 2048 137 71 esse
1924 2048 188 71 aliquae
2043 2048 120 71 sub

423 2117 213 55 stantiae
583 2117 230 55 separatae
760 2117 89 55 a
795 2117 213 55 materia.
955 2117 89 55 â‹
990 2117 177 55 Tertio
1114 2117 195 55 apparet
1256 2117 301 55 inconueniens:
1504 2117 142 55 quia
1592 2117 159 55 anima
1699 2117 195 55 hominis
1840 2117 106 55 vt
1893 2117 124 55 est
1946 2117 213 55 principium

429 2164 271 62 intelligendi
650 2164 102 62 in
700 2164 187 62 homine,
836 2164 119 62 non
904 2164 187 62 recipit
1040 2164 187 62 species
1175 2164 136 62 nisi
1260 2164 85 62 a
1294 2164 271 62 phantasmate:
1515 2164 187 62 tanquam
1650 2164 85 62 a
1684 2164 119 62 suo
1752 2164 187 62 proprio
1888 2164 187 62 actiuo:
2023 2164 119 62 nec
2074 2164 102 62 ali-

431 2215 117 66 ter
498 2215 134 66 nata
582 2215 117 66 est
648 2215 117 66 eas
715 2215 217 66 recipere,
882 2215 150 66 quare
982 2215 117 66 cum
1049 2215 150 66 nihil
1149 2215 150 66 natum
1250 2215 117 66 est
1316 2215 250 66 naturaliter
1517 2215 134 66 pati
1600 2215 134 66 nisi
1684 2215 83 66 a
1717 2215 117 66 suo
1784 2215 184 66 actiuo:
1918 2215 100 66 ab
1968 2215 167 66 angelo
2068 2215 100 66 nul-

430 2267 101 66 lo
481 2267 135 66 modo
565 2267 152 66 talem
666 2267 270 66 impressionem
885 2267 169 66 potest
1003 2267 219 66 immediate
1172 2267 219 66 recipere.
1341 2267 135 66 vnde
1425 2267 84 66 &
1459 2267 236 66 Augustinus
1644 2267 152 66 vult.
1745 2267 135 66 iii.
1830 2267 101 66 de
1880 2267 135 66 Tri.
1965 2267 135 66 quod
2032 2267 135 66 angeli

421 2318 160 72 nihil
528 2318 160 72 agant
635 2318 249 72 producendo
831 2318 107 72 in
884 2318 160 72 rebus
991 2318 285 72 naturalibus:
1223 2318 143 72 nisi
1312 2318 267 72 mediantibus
1526 2318 178 72 causis
1650 2318 285 72 naturalibus.
1882 2318 125 72 aut
1953 2318 178 72 igitur
2060 2318 107 72 ani-

422 2379 100 66 ma
472 2379 184 66 species
606 2379 150 66 illas
706 2379 251 66 spirituales
907 2379 100 66 ab
957 2379 167 66 angelo
1074 2379 117 66 non
1141 2379 201 66 recipit:
1292 2379 117 66 aut
1359 2379 117 66 per
1425 2379 150 66 illas
1526 2379 234 66 nullatenus
1710 2379 251 66 intelligit:
1910 2379 84 66 &
1944 2379 134 66 ideo
2011 2379 150 66 angelus

423 2439 130 55 per
498 2439 130 55 eas
572 2439 204 55 hominem
720 2439 185 55 omnino
849 2439 185 55 docere
979 2439 130 55 non
1053 2439 222 55 poterit.
1220 2439 93 55 &
1257 2439 130 55 hoc
1331 2439 130 55 est
1405 2439 148 55 quod
1497 2439 222 55 testatur
1664 2439 185 55 beatus
1794 2439 222 55 Bernard.
1960 2439 185 55 dicens
2071 2439 93 55 su-

427 2487 127 63 per
500 2487 164 63 Cant.
609 2487 200 63 Scitote
755 2487 182 63 nullum
882 2487 237 63 creatorum
1064 2487 237 63 spirituum
1246 2487 127 63 per
1319 2487 109 63 se
1374 2487 219 63 mentibus
1538 2487 200 63 nostris
1683 2487 255 63 applicari:
1884 2487 109 63 vt
1938 2487 164 63 nullo
2048 2487 164 63 medio

427 2538 176 63 nostri
550 2538 158 63 suive
656 2538 211 63 corporis
814 2538 281 63 instrumento,
1042 2538 123 63 ita
1112 2538 158 63 nobis
1217 2538 246 63 misceatur:
1410 2538 105 63 vt
1463 2538 140 63 eius
1551 2538 316 63 participatione
1814 2538 158 63 docti
1919 2538 158 63 boni,
2025 2538 140 63 siue
2095 2538 70 63 me

435 2589 172 65 liores
555 2589 258 65 efficiamur.
762 2589 86 65 â‹
796 2589 189 65 Tertius
934 2589 155 65 modus
1037 2589 189 65 ponendi
1174 2589 189 65 angelum
1312 2589 172 65 docere
1432 2589 206 65 operando
1587 2589 206 65 scilicet
1742 2589 155 65 circa
1845 2589 189 65 nostrum
1966 2589 206 65 intellectu

434 2645 125 62 ale
506 2645 143 62 est:
595 2645 143 62 quod
685 2645 161 62 sicut
792 2645 143 62 homo
882 2645 143 62 nutu
971 2645 125 62 suo
1043 2645 143 62 solo
1132 2645 161 62 alium
1239 2645 197 62 hominem
1383 2645 215 62 subtilem
1544 2645 107 62 in
1597 2645 179 62 multis
1723 2645 179 62 potest
1848 2645 197 62 docere:
1991 2645 125 62 sic
2045 2645 125 62 ange-

424 2690 131 63 lus
499 2690 168 63 nutus
611 2690 205 63 quosdam
760 2690 280 63 spirituales
985 2690 187 63 potest
1115 2690 187 63 animae
1246 2690 205 63 hominis
1395 2690 224 63 interius
1563 2690 261 63 ostendere:
1769 2690 93 63 &
1806 2690 131 63 per
1881 2690 131 63 hoc
1956 2690 205 63 hominem
2086 2690 75 63 do

434 2744 150 70 cere.
534 2744 117 70 Sed
601 2744 133 70 quod
685 2744 117 70 sic
751 2744 183 70 hominem
885 2744 150 70 solis
985 2744 183 70 nutibus
1118 2744 183 70 doceat:
1252 2744 117 70 hoc
1318 2744 167 70 omnino
1435 2744 117 70 est
1502 2744 267 70 impossibile:
1719 2744 183 70 quoniam
1852 2744 150 70 anima
1952 2744 150 70 nihil
2052 2744 100 70 ab
2086 2744 83 70 ex-

433 2801 123 69 tra
504 2801 106 69 se
557 2801 282 69 apprehendit:
786 2801 141 69 nisi
874 2801 176 69 specie
998 2801 176 69 illius
1121 2801 265 69 informetur.
1333 2801 123 69 Aut
1404 2801 141 69 ergo
1492 2801 159 69 nutus
1598 2801 159 69 illos
1703 2801 159 69 anima
1809 2801 176 69 omnino
1933 2801 123 69 non
1986 2801 176 69 apprehen

436 2850 137 65 det:
522 2850 86 65 &
556 2850 137 65 ideo
642 2850 120 65 per
710 2850 154 65 illos
813 2850 189 65 angelus
950 2850 189 65 hominem
1087 2850 171 65 omnino
1207 2850 171 65 docere
1327 2850 120 65 non
1396 2850 206 65 poterit:
1550 2850 120 65 aut
1619 2850 154 65 nutus
1721 2850 137 65 ipsi
1807 2850 189 65 facient
1944 2850 189 65 species
2064 2850 103 65 suas

430 2903 101 64 in
481 2903 168 64 animam
598 2903 185 64 hominis
733 2903 134 64 quod
817 2903 118 64 est
884 2903 269 64 impossibile:
1102 2903 134 64 quia
1186 2903 218 64 speciebus
1354 2903 218 64 informari
1522 2903 118 64 non
1590 2903 185 64 potest,
1724 2903 134 64 nisi
1808 2903 202 64 acceptis
1959 2903 84 64 a
1976 2903 185 64 phantasma

430 2957 113 65 te:
494 2957 80 65 &
526 2957 113 65 per
591 2957 161 65 sensus
703 2957 96 65 vt
751 2957 161 65 dictum
864 2957 129 65 est.
944 2957 129 65 Quia
1025 2957 96 65 si
1073 2957 113 65 sic
1137 2957 177 65 species
1266 2957 177 65 ipsorum
1394 2957 225 65 acciperet:
1571 2957 80 65 &
1603 2957 177 65 angelus
1732 2957 177 65 hominem
1861 2957 193 65 doceret:
2005 2957 145 65 esset
2086 2957 80 65 il-

427 3011 114 77 le
484 3011 171 77 modus
598 3011 227 77 docendi:
768 3011 133 77 quo
844 3011 303 77 determinatum
1090 3011 133 77 est
1166 3011 189 77 supra,
1299 3011 208 77 hominem
1450 3011 152 77 vnum
1545 3011 189 77 docere
1677 3011 189 77 alium.
1810 3011 95 77 â‹
1848 3011 189 77 Tertio
1981 3011 152 77 modo
2056 3011 114 77 prin

437 3067 169 67 cipali
556 3067 186 67 ponendi
691 3067 186 67 angelum
826 3067 169 67 docere
945 3067 203 67 hominem,
1097 3067 203 67 operando
1249 3067 203 67 scilicet
1402 3067 152 67 circa
1503 3067 186 67 nostrum
1638 3067 288 67 phantasticum,
1875 3067 186 67 Triplex
2011 3067 118 67 est
2078 3067 118 67 mo-

434 3129 119 58 dus
502 3129 205 58 ponendi:
656 3129 170 58 quorum
775 3129 119 58 duo
843 3129 136 58 sunt
928 3129 290 58 impossibiles:
1167 3129 188 58 tertius
1303 3129 136 58 vero
1389 3129 256 58 possibilis.
1593 3129 170 58 Primus
1713 3129 188 58 illorum
1849 3129 136 58 est:
1934 3129 136 58 quod
2020 3129 136 58 ipse
2088 3129 85 58 an-

429 3176 158 73 gelus
535 3176 210 73 existens
692 3176 105 73 in
745 3176 175 73 organo
868 3176 245 73 phantasiae
1061 3176 210 73 ostendit
1218 3176 263 73 intellectui
1429 3176 193 73 species
1569 3176 298 73 imaginabiles:
1814 3176 123 73 non
1885 3176 158 73 tamen
1972 3176 193 73 imprimen-

429 3219 97 94 do
477 3219 113 94 eas
542 3219 97 94 in
591 3219 226 94 phantasia:
768 3219 162 94 quales
882 3219 129 94 ipsa
962 3219 210 94 phantasia
1124 3219 129 94 nata
1205 3219 113 94 est
1270 3219 146 94 eidem
1367 3219 226 94 ostendere:
1544 3219 97 94 vt
1593 3219 97 94 ab
1641 3219 113 94 eis
1706 3219 210 94 abstrahat
1868 3219 194 94 species,
1997 3219 178 94 intelligi
