2329 3784
90 351 125 102 cis
162 351 161 102 solum
269 351 250 102 positionem
465 351 125 102 seu
536 351 303 102 affirmationem
786 351 250 102 exprimunt,
982 351 196 102 quaedam
1125 351 143 102 vero
1214 351 107 102 ex
1267 351 107 102 vi
1321 351 161 102 vocis
1428 351 89 102 a
1463 351 232 102 negatione
1642 351 143 102 siue
1713 351 125 102 priua

83 447 174 70 tione
199 447 291 70 imponuntur.
431 447 232 70 Secundum
606 447 194 70 primum
741 447 174 70 modum
857 447 174 70 omnia
973 447 194 70 diuina
1109 447 252 70 attributa
1303 447 116 70 de
1361 447 136 70 deo
1438 447 291 70 significant
1671 447 213 70 aliquid

76 501 219 63 negatiue,
245 501 270 63 transferendo
464 501 202 63 scilicet
615 501 135 63 ipsa
699 501 84 63 a
733 501 219 63 creaturis
902 501 101 63 ad
952 501 152 63 deum:
1053 501 202 63 secundum
1205 501 118 63 rem
1272 501 135 63 quam
1356 501 270 63 significatam
1575 501 118 63 per
1643 501 152 63 nomen
1727 501 118 63 intel

78 554 201 69 ligimus:
229 554 134 69 quae
313 554 117 69 deo
380 554 218 69 convenire
548 554 168 69 omnino
665 554 117 69 non
733 554 185 69 potest.
867 554 101 69 Et
917 554 134 69 ideo
1001 554 218 69 huiusmodi
1169 554 168 69 nomina
1286 554 101 69 de
1337 554 117 69 deo
1404 554 201 69 dicuntur
1555 554 117 69 non
1622 554 101 69 ad
1672 554 201 69 ponendum

79 619 190 52 aliquid
217 619 104 52 in
269 619 155 52 ipso:
372 619 121 52 sed
442 619 104 52 ad
493 619 242 52 remouendum
683 619 104 52 ab
735 619 138 52 ipso
822 619 311 52 imperfectiones
1081 619 225 52 oppositas
1254 619 104 52 in
1305 619 242 52 creaturis:
1495 619 86 52 &
1530 619 121 52 per
1599 619 121 52 hoc
1668 619 138 52 ipsa
1737 619 104 52 nega

79 665 123 63 tio
150 665 246 63 respectiua
343 665 141 63 est.
431 665 106 63 Et
484 665 123 63 hoc
554 665 123 63 non
625 665 158 63 solum
730 665 158 63 habet
836 665 229 63 veritatem
1011 665 106 63 de
1064 665 229 63 nominibus
1240 665 299 63 attributorum:
1486 665 141 63 immo
1574 665 158 63 etiam
1680 665 106 63 de
1715 665 123 63 illis

95 717 121 66 quae
170 717 257 66 transferuntur
382 717 76 66 a
412 717 196 66 creaturis
563 717 91 66 ad
609 717 257 66 significandum
820 717 136 66 ipsam
911 717 166 66 diuinam
1032 717 212 66 essentiam:
1198 717 76 66 &
1228 717 106 66 sic
1289 717 227 66 generaliter
1470 717 91 66 de
1516 717 166 66 omnibus
1637 717 196 66 positiuis
1773 717 60 66 no

78 773 201 61 minibus
224 773 91 61 a
260 773 237 61 creaturis
442 773 109 61 ad
497 773 146 61 deum
588 773 273 61 translatis.
807 773 219 61 secundum
971 773 146 61 quod
1062 773 164 61 dicit
1172 773 201 61 Auicen.
1318 773 164 61 viii.
1427 773 201 61 Metaph.
1573 773 146 61 Quae
1646 773 182 61 commixta

92 823 129 65 sunt
173 823 226 65 negationi,
351 823 129 65 sunt
431 823 146 65 haec.
528 823 97 65 Si
577 823 129 65 quis
658 823 178 65 dixerit
787 823 97 65 de
836 823 146 65 primo
933 823 129 65 quod
1013 823 113 65 sit
1078 823 226 65 substantia
1256 823 162 65 nolens
1369 823 146 65 illum
1466 823 243 65 substantiam
1660 823 146 65 esse,
1757 823 113 65 sed

82 873 120 69 hoc
150 873 137 69 esse
236 873 86 69 a
270 873 120 69 quo
339 873 189 69 negatur
476 873 137 69 esse
562 873 103 69 in
613 873 223 69 subiecto.
785 873 120 69 Cum
854 873 137 69 vero
939 873 189 69 dicitur
1076 873 154 69 vnus:
1179 873 120 69 non
1248 873 274 69 intelligitur
1471 873 137 69 nisi
1557 873 154 69 ipsum
1660 873 137 69 esse
1728 873 103 69 nega

77 936 106 61 ta
130 936 106 61 ab
183 936 106 61 eo
236 936 229 61 diuisione
412 936 123 61 per
482 936 282 61 quantitatem:
711 936 88 61 &
746 936 176 61 negato
870 936 106 61 ab
922 936 106 61 eo
975 936 194 61 comite.
1116 936 123 61 Cum
1187 936 141 61 vero
1275 936 194 61 dicitur
1415 936 317 61 intelligentia,
1680 936 88 61 &
1697 936 141 61 intel-

78 982 188 66 lectum,
215 982 85 66 &
249 982 273 66 intellectus,
471 982 120 66 non
539 982 273 66 intelligitur
761 982 137 66 nisi
847 982 137 66 quia
932 982 137 66 ipse
1018 982 120 66 est
1086 982 239 66 expoliatus
1274 982 103 66 in
1325 982 120 66 se:
1394 982 85 66 &
1428 982 188 66 negatur
1565 982 103 66 ab
1616 982 103 66 eo
1650 982 171 66 materiae

85 1044 232 61 commixtio
264 1044 89 61 &
299 1044 143 61 eius
389 1044 268 61 appendicia.
603 1044 107 61 Et
657 1044 143 61 quae
746 1044 143 61 tali
835 1044 143 61 modo
924 1044 125 61 deo
996 1044 286 61 attribuuntur
1228 1044 286 61 affirmatiue:
1460 1044 143 61 quia
1549 1044 250 61 affirmatio
1746 1044 125 61 ha-

76 1091 125 67 bet
148 1091 215 67 virtutem
309 1091 269 67 negationis,
524 1091 161 67 omnia
631 1091 125 67 quo
703 1091 107 67 ad
757 1091 287 67 significatum
989 1091 143 67 quod
1079 1091 125 67 per
1151 1091 161 67 nomen
1258 1091 233 67 distincte
1437 1091 304 67 intelligimus:
1688 1091 143 67 vere
1759 1091 72 67 re

83 1157 219 54 mouentur.
252 1157 101 54 Et
302 1157 202 54 secundum
454 1157 118 54 hoc
521 1157 169 54 dictum
639 1157 118 54 est
707 1157 169 54 supra:
825 1157 202 54 secundum
976 1157 236 54 Dionysius.
1162 1157 101 54 de
1212 1157 185 54 mystica
1347 1157 236 54 theologia.
1533 1157 135 54 Deus
1617 1157 152 54 neque
1701 1157 118 54 essen

77 1197 119 62 tia
145 1197 119 62 est
213 1197 153 62 neque
315 1197 136 62 vita
400 1197 119 62 &c.
468 1197 102 62 vt
519 1197 153 62 supra
622 1197 170 62 dictum
741 1197 119 62 est
809 1197 102 62 in
860 1197 136 62 alia
945 1197 187 62 quaest.
1081 1197 102 62 Et
1132 1197 204 62 secundum
1285 1197 119 62 hoc
1353 1197 153 62 dicit
1456 1197 136 62 Rabi
1541 1197 170 62 Moyses
1660 1197 136 62 cap.
1728 1197 102 62 lvi.

79 1252 129 69 Est,
159 1252 113 69 non
224 1252 96 69 in
272 1252 209 69 essentia:
433 1252 161 69 viuit,
545 1252 113 69 non
609 1252 96 69 in
658 1252 145 69 vita:
754 1252 80 69 &
786 1252 177 69 potest,
915 1252 113 69 non
979 1252 96 69 in
1027 1252 209 69 potentia:
1188 1252 80 69 &
1220 1252 161 69 sapit,
1333 1252 113 69 non
1397 1252 96 69 in
1445 1252 225 69 sapientia.
1622 1252 96 69 Et
1670 1252 113 69 per
1718 1252 113 69 talem

79 1316 304 59 attributionem
329 1316 107 59 ex
383 1316 232 59 creaturis
562 1316 268 59 cognoscitur
776 1316 143 59 deus
866 1316 125 59 per
937 1316 232 59 creaturas
1116 1316 125 59 via
1187 1316 250 59 remotionis
1384 1316 143 59 siue
1473 1316 250 59 ablatione:
1670 1316 125 59 sed
1742 1316 125 59 non

87 1359 105 70 vt
139 1359 174 70 stetur
261 1359 105 70 in
313 1359 244 70 negatione:
505 1359 122 70 sed
575 1359 105 70 vt
627 1359 122 70 per
697 1359 157 70 illam
801 1359 244 70 insinuetur
993 1359 157 70 nobis
1098 1359 192 70 aliquid
1237 1359 227 70 credendum
1412 1359 105 70 in
1464 1359 122 70 deo
1534 1359 139 70 quid
1603 1359 227 70 supereminet

93 1412 95 67 ei
141 1412 127 67 quod
220 1412 127 67 sibi
299 1412 159 67 simile
410 1412 111 67 est
474 1412 79 67 &
505 1412 190 67 alicuius
648 1412 254 67 perfectionis
854 1412 95 67 in
902 1412 127 67 deo:
981 1412 143 67 licet
1076 1412 111 67 nos
1139 1412 143 67 illud
1235 1412 238 67 intelligere
1425 1412 127 67 nisi
1504 1412 95 67 in
1552 1412 190 67 generali
1694 1412 111 67 non
1742 1412 95 67 pos-

82 1469 160 64 simus:
194 1469 96 64 vt
242 1469 112 64 iam
305 1469 144 64 supra
401 1469 207 64 expositum
561 1469 128 64 est.
640 1469 96 64 Et
688 1469 112 64 per
752 1469 144 64 talem
848 1469 271 64 attributionem
1071 1469 96 64 ex
1119 1469 207 64 creaturis
1279 1469 239 64 cognoscitur
1470 1469 128 64 deus
1550 1469 112 64 per
1614 1469 207 64 creaturas
1757 1469 80 64 via

87 1520 277 65 eminentiae:
308 1520 92 65 &
345 1520 203 65 quantum
493 1520 111 65 ad
548 1520 166 65 illud
659 1520 295 65 supereminens
899 1520 258 65 insinuatum
1102 1520 129 65 per
1176 1520 277 65 negationem,
1397 1520 166 65 omnia
1508 1520 148 65 quae
1582 1520 240 65 nobilitatis

84 1575 126 66 sunt
163 1575 236 66 simpliciter
351 1575 126 66 siue
430 1575 157 66 nomina
540 1575 204 66 essentiae
697 1575 126 66 siue
775 1575 251 66 attributorum
980 1575 94 66 de
1027 1575 110 66 deo
1090 1575 251 66 praedicantur
1294 1575 236 66 affirmatiue
1482 1575 173 66 ratione
1608 1575 110 66 rei
1655 1575 173 66 significa

85 1641 123 56 tae
156 1641 141 56 quam
244 1641 123 56 per
314 1641 158 56 nomen
420 1641 264 56 significari
631 1641 264 56 intendimus:
842 1641 123 56 non
912 1641 229 56 nominibus
1088 1641 264 56 simplicibus
1299 1641 106 56 de
1352 1641 106 56 vi
1405 1641 158 56 vocis
1510 1641 229 56 respectum
1686 1641 123 56 non
1739 1641 88 56 ex-

86 1684 261 67 primentibus:
298 1684 98 67 vt
347 1684 131 67 sunt
429 1684 212 67 essentia,
592 1684 245 67 substantia,
788 1684 196 67 bonitas,
935 1684 212 67 sapientia
1099 1684 82 67 &
1131 1684 229 67 huiusmodi,
1311 1684 114 67 sed
1376 1684 114 67 cum
1442 1684 114 67 hac
1507 1684 278 67 praepositione
1720 1684 114 67 super

92 1738 103 63 vt
143 1738 206 63 secundum
297 1738 223 63 doctrinam
469 1738 240 63 Dionysius.
657 1738 137 63 deus
743 1738 120 63 non
811 1738 188 63 dicatur
948 1738 240 63 substantia
1137 1738 120 63 vel
1205 1738 154 63 bonus
1308 1738 120 63 vel
1377 1738 206 63 sapiens:
1531 1738 86 63 &
1565 1738 240 63 huiusmodi,
1736 1738 103 63 pro-

91 1791 129 72 pter
171 1791 97 72 id
220 1791 145 72 quoid
316 1791 97 72 in
365 1791 209 72 huiusmodi
526 1791 209 72 nominibus
687 1791 258 72 significatum
896 1791 97 72 in
945 1791 209 72 creaturis
1106 1791 274 72 intelligimus:
1332 1791 113 72 sed
1396 1791 322 72 supersubstantia:
1654 1791 177 72 supersapi

79 1853 128 61 ens:
159 1853 208 61 suprbonus
320 1853 80 61 &
352 1853 225 61 huiusmodi:
528 1853 176 61 propter
656 1853 96 61 id
704 1853 128 61 quod
785 1853 96 61 in
833 1853 208 61 huiusmodi
993 1853 208 61 nominibus
1153 1853 96 61 in
1202 1853 112 61 deo
1266 1853 241 61 significari
1458 1853 241 61 intendimus.
1651 1853 96 61 Et
1699 1853 128 61 quia
1763 1853 64 61 hu

83 1898 186 66 iusmodi
219 1898 254 66 praepositio
422 1898 203 66 expresse
574 1898 220 66 respectum
744 1898 203 66 importat
896 1898 102 66 ad
947 1898 237 66 creaturas,
1133 1898 186 66 idcirco
1269 1898 220 66 huiusmodi
1438 1898 220 66 attributa
1608 1898 119 66 non
1676 1898 136 66 nisi
1743 1898 85 66 sub

75 1955 177 65 ratione
204 1955 193 65 positiui
348 1955 209 65 respectus
509 1955 96 65 ad
557 1955 209 65 creaturas
718 1955 177 65 aliquid
846 1955 257 65 significant.
1055 1955 80 65 &
1088 1955 113 65 sic
1152 1955 225 65 negationes
1329 1955 145 65 illae
1425 1955 129 65 quae
1506 1955 209 65 insinuant
1650 1955 177 65 huiusmodi

72 2013 307 67 affirmationes
325 2013 127 67 non
397 2013 163 67 solum
506 2013 235 67 respectum
687 2013 235 67 important
868 2013 253 67 negatiuum:
1067 2013 127 67 sed
1139 2013 163 67 etiam
1247 2013 253 67 positiuum:
1446 2013 127 67 sed
1519 2013 271 67 secundario.
1718 2013 109 67 Illa

91 2063 142 65 vero
180 2063 178 65 nomina
305 2063 142 65 quae
394 2063 89 65 a
429 2063 231 65 negatione
607 2063 142 65 siue
696 2063 249 65 priuatione
891 2063 213 65 secundum
1052 2063 178 65 vocem:
1176 2063 267 65 imponuntur:
1389 2063 107 65 vt
1443 2063 142 65 sunt
1532 2063 285 65 incorporeum,
1745 2063 89 65 im-

80 2115 196 67 mortale,
227 2115 82 67 &
259 2115 229 67 huiusmodi:
439 2115 131 67 quia
521 2115 114 67 non
586 2115 163 67 negant
701 2115 82 67 a
733 2115 196 67 creatore
880 2115 131 67 nisi
962 2115 131 67 quod
1044 2115 196 67 secundum
1191 2115 212 67 veritatem
1354 2115 196 67 defectus
1501 2115 180 67 aliquis
1632 2115 114 67 est
1697 2115 98 67 in
1730 2115 98 67 crea

87 2179 143 61 turis
183 2179 111 61 (ex
246 2179 111 61 eis
310 2179 127 61 enim
390 2179 127 61 quae
469 2179 96 61 in
517 2179 96 61 se
565 2179 143 61 habet
660 2179 143 61 nihil
756 2179 159 61 potest
867 2179 96 61 ab
915 2179 96 61 eo
963 2179 127 61 vere
1042 2179 175 61 negari)
1169 2179 143 61 patet
1265 2179 127 61 quod
1345 2179 207 61 huiusmodi
1504 2179 175 61 negatio
1631 2179 111 61 non
1695 2179 111 61 est
1742 2179 96 61 nisi

78 2226 245 67 respectiua
270 2226 105 67 ad
322 2226 245 67 creaturas:
514 2226 87 67 &
549 2226 122 67 cum
619 2226 122 67 hoc
689 2226 122 67 non
759 2226 122 67 est
829 2226 140 67 nisi
916 2226 105 67 ad
969 2226 262 67 insinuandum
1178 2226 210 67 alicuius
1336 2226 227 67 contrarii
1510 2226 157 67 veram
1598 2226 227 67 positionem.

86 2285 121 63 Alia
162 2285 121 63 vero
238 2285 152 63 nomina
344 2285 228 63 significant
526 2285 121 63 esse
602 2285 106 63 dei
662 2285 106 63 cum
723 2285 152 63 aliqua
829 2285 212 63 relatione:
996 2285 106 63 sed
1057 2285 121 63 ista
1133 2285 167 63 relatio
1254 2285 152 63 potest
1361 2285 197 63 intelligi
1512 2285 228 63 dupliciter.
1694 2285 106 63 Vno
1740 2285 91 63 modo

84 2334 110 63 in
139 2334 220 63 respectu
304 2334 110 63 ad
359 2334 128 63 rem
432 2334 220 63 creatam:
597 2334 110 63 vt
652 2334 165 63 extra
762 2334 147 63 deum
854 2334 275 63 existentem.
1073 2334 147 63 Alio
1165 2334 147 63 modo
1257 2334 110 63 in
1312 2334 220 63 respectu
1477 2334 110 63 ad
1532 2334 293 63 intellectum:
1752 2334 73 63 vt

91 2384 133 70 esse
175 2384 117 70 dei
241 2384 117 70 sub
308 2384 133 70 alia
391 2384 83 70 &
424 2384 133 70 alia
508 2384 183 70 ratione
641 2384 283 70 concipientem.
874 2384 150 70 Primo
974 2384 133 70 modo
1057 2384 200 70 triplici
1207 2384 133 70 modo
1290 2384 216 70 attributa
1457 2384 250 70 significant
1656 2384 117 70 sub
1706 2384 117 70 ratio

94 2440 98 67 ne
143 2440 213 67 respectus
306 2440 98 67 ad
356 2440 229 67 creaturas:
536 2440 98 67 vt
585 2440 98 67 ad
634 2440 164 67 diuina
748 2440 164 67 opera:
863 2440 196 67 secundum
1010 2440 131 67 quod
1092 2440 147 67 dicit
1191 2440 131 67 Rabi
1272 2440 164 67 Moyses
1387 2440 147 67 libro
1485 2440 98 67 i.
1534 2440 131 67 cap.
1616 2440 131 67 lii.
1682 2440 147 67 loquens

78 2493 116 64 de
136 2493 212 64 diuinis
290 2493 290 64 attributis.
522 2493 154 64 Sunt
618 2493 174 64 autem
734 2493 135 64 pro
812 2493 193 64 maiori
947 2493 174 64 parte
1063 2493 328 64 dispositiones
1333 2493 193 64 operum
1468 2493 212 64 suorum.
1623 2493 135 64 Nec
1681 2493 154 64 multum

87 2546 170 63 refert
206 2546 136 63 quod
292 2546 153 63 illae
394 2546 290 63 dispositiones
633 2546 85 63 &
667 2546 273 63 nominationes
888 2546 136 63 sunt
974 2546 205 63 secundum
1127 2546 170 63 opera:
1246 2546 119 63 vel
1315 2546 205 63 secundum
1468 2546 170 63 varias
1570 2546 256 63 comperationes

84 2600 153 65 inter
186 2600 153 65 ipsum
288 2600 85 65 &
321 2600 204 65 operata:
474 2600 119 65 vel
542 2600 102 65 vt
593 2600 204 65 credatur
746 2600 136 65 quod
830 2600 136 65 sint
915 2600 288 65 dispositiones
1153 2600 136 65 quae
1237 2600 254 65 demonstrant
1441 2600 153 65 super
1543 2600 254 65 perfectione
1746 2600 119 65 per

94 2651 125 67 viam
172 2651 265 67 similitudinis
390 2651 93 67 in
437 2651 234 67 perfectione
624 2651 140 67 rerum
717 2651 125 67 quas
795 2651 249 67 intelligimus
997 2651 78 67 a
1028 2651 156 67 nobis.
1137 2651 93 67 Et
1184 2651 140 67 dicit
1278 2651 109 67 pro
1340 2651 156 67 maiori
1449 2651 156 67 parte,
1558 2651 171 67 propter
1682 2651 125 67 illa
1760 2651 109 67 no-

89 2706 149 54 mina
182 2706 149 54 quae
275 2706 112 54 de
331 2706 130 54 deo
406 2706 279 54 significant
629 2706 205 54 aliquam
778 2706 279 54 negationem.
1001 2706 223 54 Exemplum
1168 2706 112 54 de
1224 2706 167 54 primo
1336 2706 149 54 modo
1429 2706 130 54 est
1503 2706 149 54 quod
1596 2706 149 54 deus
1671 2706 167 54 dicitur

85 2760 237 71 misericors
271 2760 135 71 quia
356 2760 152 71 facit
457 2760 118 71 nos
525 2760 288 71 misericordes:
762 2760 85 71 &
796 2760 169 71 iustus
914 2760 135 71 quia
999 2760 152 71 facit
1100 2760 118 71 nos
1168 2760 186 71 iustos.
1303 2760 85 71 &
1337 2760 152 71 iuxta
1439 2760 135 71 hunc
1523 2760 152 71 modum
1608 2760 220 71 cognoscitur

91 2807 143 68 deus
181 2807 125 68 per
252 2807 305 68 causalitatem.
503 2807 125 68 Nec
575 2807 161 68 tamen
683 2807 161 68 omnia
790 2807 90 68 a
826 2807 125 68 deo
898 2807 179 68 creata
1023 2807 125 68 per
1095 2807 143 68 hunc
1185 2807 161 68 modum
1292 2807 197 68 possunt
1436 2807 108 68 ei
1489 2807 233 68 attribui.
1669 2807 125 68 Non
1722 2807 108 68 enim

90 2865 196 62 dicitur
233 2865 125 62 leo
304 2865 142 62 quia
393 2865 160 62 facit
499 2865 196 62 leonem:
642 2865 267 62 quemadmodum
855 2865 196 62 dicitur
998 2865 178 62 iustus
1122 2865 142 62 quia
1211 2865 160 62 facit
1318 2865 196 62 hominem
1460 2865 196 62 iustum:
1603 2865 89 62 &
1638 2865 125 62 hoc
1709 2865 160 62 ideo:

87 2922 132 68 quia
169 2922 214 68 iustitia,
334 2922 181 68 bonitas
466 2922 132 68 nata
548 2922 132 68 sunt
631 2922 99 68 ab
680 2922 99 68 eo
730 2922 214 68 immediate
895 2922 198 68 causari,
1043 2922 181 68 tanquam
1175 2922 99 68 ea
1225 2922 132 68 quae
1307 2922 132 68 sunt
1390 2922 264 68 perfectionis
1604 2922 264 68 simpliciter:

92 2975 122 65 non
161 2975 157 65 autem
266 2975 139 65 leo,
353 2975 139 65 bos,
440 2975 87 65 &
475 2975 244 65 huiusmodi,
666 2975 122 65 sed
736 2975 209 65 mediante
893 2975 157 65 opere
997 2975 209 65 naturae,
1154 2975 192 65 tanquam
1293 2975 104 65 ea
1345 2975 139 65 quae
1432 2975 139 65 sunt
1520 2975 279 65 perfectionis
1729 2975 104 65 limi

85 3028 172 71 tatae.
205 3028 103 71 De
257 3028 138 71 tali
343 3028 275 71 attributione
567 3028 121 71 per
636 3028 275 71 causalitatem
860 3028 155 71 dicit
963 3028 172 71 Diony.
1083 3028 121 71 ii.
1152 3028 121 71 cap
1221 3028 103 71 de
1273 3028 189 71 diuinis
1411 3028 241 71 nominibus.
1583 3028 258 71 Supersubstan-

88 3083 187 70 tialem
219 3083 243 70 occultum:
406 3083 168 70 deum,
518 3083 131 70 aut
592 3083 187 70 vitam,
723 3083 131 70 aut
798 3083 261 70 essentiam,
1003 3083 131 70 aut
1078 3083 168 70 bonum
1190 3083 224 70 nominare
1358 3083 168 70 nihil
1470 3083 168 70 aliud
1563 3083 280 70 intelligimus,

84 3136 141 72 quam
172 3136 106 72 in
225 3136 123 72 nos
296 3136 229 72 productas
471 3136 211 72 virtutes
630 3136 229 72 deificas,
806 3136 123 72 aut
876 3136 158 72 vitae
982 3136 299 72 generatrices,
1228 3136 123 72 aut
1298 3136 246 72 sapientiae
1492 3136 264 72 donatrices.
1703 3136 88 72 &
1720 3136 106 72 Aui-

90 3191 152 68 cenna
192 3191 118 68 vbi
259 3191 169 68 supra.
378 3191 118 68 Cum
445 3191 186 68 dicitur
581 3191 169 68 viuus:
699 3191 118 68 non
767 3191 271 68 intelligitur
987 3191 135 68 esse
1072 3191 118 68 hoc
1139 3191 135 68 nisi
1224 3191 102 68 ex
1275 3191 237 68 intellectu
1461 3191 152 68 isto,
1562 3191 203 68 scilicet
1715 3191 102 68 vt
1748 3191 85 68 ne-

93 3247 143 70 getur
188 3247 175 70 materia
315 3247 95 70 ab
363 3247 143 70 illo:
458 3247 79 70 &
490 3247 127 70 quod
569 3247 127 70 ipse
649 3247 111 70 est
712 3247 222 70 principium
887 3247 270 70 dispositionis
1109 3247 159 70 totius
1220 3247 222 70 bonitatis:
1395 3247 79 70 &
1426 3247 127 70 quod
1506 3247 127 70 ipse
1585 3247 222 70 intelligit
1744 3247 95 70 hoc.

91 3309 106 67 Et
144 3309 106 67 in
197 3309 142 67 isto
286 3309 142 67 modo
374 3309 301 67 attributionis
622 3309 265 67 significant
834 3309 177 67 nomina
958 3309 106 67 id
1011 3309 142 67 quod
1100 3309 106 67 in
1153 3309 230 67 creaturis
1330 3309 283 67 intelligimus
1560 3309 265 67 significari
1755 3309 88 67 per
