2307 3780
103 367 188 82 mentum
235 367 113 82 in
291 367 245 82 creaturis
480 367 226 82 communis
649 367 282 82 substantiae
875 367 94 82 &
913 367 264 82 accidenti:
1120 367 94 82 &
1157 367 132 82 hoc
1233 367 207 82 habendo
1383 367 226 82 aspectum
1553 367 113 82 ad
1609 367 151 82 esse
1684 367 151 82 essen-

93 438 163 67 tiae:
201 438 145 67 quia
292 438 217 67 secundum
454 438 235 67 essentias
635 438 163 67 rerum
744 438 127 67 est
816 438 253 67 distinctio
1015 438 361 67 praedicamentorum
1322 438 90 67 &
1358 438 271 67 coordinatio
1557 438 271 67 vniuscuiusque

99 492 176 60 eorum.
223 492 106 60 Et
276 492 194 60 propter
417 492 159 60 illam
523 492 212 60 rationem
681 492 123 60 rei
752 492 229 60 contingit
928 492 141 60 quod
1017 492 159 60 nulla
1122 492 123 60 res
1193 492 300 60 praedicamenti
1440 492 265 60 cuiuscunque
1652 492 106 60 ad
1687 492 141 60 diuina

107 544 245 65 trarslata,
299 544 175 65 manet,
421 544 122 65 sed
491 544 192 65 mutatur
631 544 105 65 in
683 544 192 65 diuinam
823 544 262 65 substantiam
1033 544 140 65 quae
1120 544 122 65 est
1190 544 140 65 suum
1278 544 157 65 esse.
1383 544 157 65 Ratio
1487 544 157 65 autem
1592 544 140 65 ista
1662 544 175 65 conmunis

101 601 207 54 diuiditur
260 601 95 54 in
308 601 143 54 duas,
403 601 159 54 quibus
515 601 255 54 distinguitur
721 601 286 54 praedicamentum
960 601 239 54 substantiae
1151 601 223 54 communiter
1326 601 95 54 ab
1374 601 175 54 omnibus
1501 601 286 54 praedicamentis
1724 601 111 54 acci-

97 651 191 72 dentium,
241 651 159 72 quarum
352 651 112 72 vna
416 651 112 72 est
480 651 128 72 esse
559 651 96 72 in
607 651 112 72 se,
671 651 112 72 non
735 651 96 72 in
783 651 144 72 alio,
878 651 128 72 alia
958 651 128 72 vero
1038 651 128 72 esse
1117 651 96 72 in
1165 651 144 72 alio:
1261 651 159 72 quarum
1373 651 144 72 prima
1468 651 128 72 est,
1548 651 175 72 propria
1676 651 144 72 ratio
1755 651 80 72 sub

90 707 203 62 stantiae:
247 707 172 62 secunda
371 707 109 62 est
434 707 141 62 ratio
528 707 187 62 communis
668 707 250 62 accidentium.
871 707 219 62 Substantia
1043 707 125 62 enim
1121 707 109 62 est
1183 707 297 62 praedicamentum:
1433 707 125 62 quia
1511 707 109 62 est
1574 707 109 62 res
1636 707 109 62 cui
1683 707 156 62 convenit

97 755 107 68 non
158 755 122 68 esse
234 755 92 68 in
280 755 199 68 subiecto,
434 755 77 68 &
464 755 184 68 accidens
602 755 276 68 praedicamentum
832 755 230 68 econtrario:
1015 755 122 68 quia
1092 755 107 68 est
1153 755 107 68 res
1214 755 107 68 cui
1276 755 184 68 convenit
1413 755 122 68 esse
1490 755 92 68 in
1536 755 199 68 subiecto.
1689 755 184 68 secundum

101 817 127 60 enim
181 817 175 60 Auicen.
308 817 96 60 de
356 817 239 60 definitione
547 817 239 60 substantiae
738 817 127 60 est:
818 817 127 60 quod
897 817 127 60 ipsa
977 817 111 60 est
1041 817 111 60 ens
1104 817 111 60 non
1168 817 96 60 in
1216 817 207 60 subiecto:
1375 817 127 60 immo
1455 817 127 60 quod
1534 817 111 60 est
1598 817 111 60 res
1662 817 96 60 de
1710 817 111 60 qua
1757 817 80 60 di-

105 867 143 58 citur
200 867 127 58 quod
279 867 111 58 est
343 867 111 58 ens
406 867 111 58 non
470 867 95 58 in
517 867 206 58 subiecto:
675 867 111 58 ita
739 867 95 58 vt
786 867 111 58 ens
850 867 111 58 non
913 867 95 58 in
961 867 190 58 subiecto
1103 867 238 58 praedicetur
1293 867 95 58 de
1341 867 95 58 ea
1388 867 174 58 tanquam
1515 867 95 58 de
1563 867 111 58 re,
1626 867 127 58 siue
1689 867 143 58 natura,

101 919 142 60 sine
190 919 231 60 quiditate
368 919 195 60 aliqua,
510 919 107 60 vt
563 919 160 60 homo,
669 919 178 60 lapis,
794 919 178 60 arbor.
918 919 124 60 Sic
989 919 142 60 ergo
1078 919 107 60 vt
1131 919 160 60 dicit
1237 919 195 60 oportet
1379 919 231 60 imaginari
1557 919 124 60 rem
1628 919 124 60 cum
1681 919 160 60 ratione

94 972 139 59 esse
181 972 122 59 non
250 972 105 59 in
303 972 157 59 alio,
407 972 122 59 sed
477 972 105 59 in
529 972 122 59 se,
599 972 105 59 ad
651 972 122 59 hoc
721 972 105 59 vt
774 972 244 59 substantia
965 972 122 59 sit
1035 972 157 59 genus
1140 972 314 59 praedicamenti,
1401 972 87 59 &
1436 972 227 59 similiter
1610 972 209 59 accidens
1750 972 87 59 cum

85 1025 189 63 ratione
222 1025 137 63 esse
308 1025 103 63 in
360 1025 155 63 alio.
463 1025 206 63 Intentio
617 1025 172 63 igitur
738 1025 292 63 praedicamenti
978 1025 275 63 constituitur
1201 1025 103 63 ex
1253 1025 103 63 re
1304 1025 189 63 naturae
1442 1025 223 63 subiecta:
1614 1025 137 63 quae
1700 1025 120 63 est
1751 1025 86 63 res

101 1078 287 66 praedicamenti
337 1078 152 66 quasi
439 1078 219 66 materiale
608 1078 101 66 in
658 1078 152 66 ipso,
760 1078 84 66 &
793 1078 135 66 modo
878 1078 118 66 quo
945 1078 135 66 esse
1030 1078 101 66 ei
1080 1078 219 66 conuenit,
1249 1078 203 66 scilicet
1401 1078 118 66 non
1469 1078 101 66 in
1519 1078 135 66 alio
1604 1078 152 66 esse,
1705 1078 118 66 vel
1772 1078 101 66 in

92 1134 133 60 alio
176 1134 150 60 esse,
275 1134 133 60 quae
358 1134 116 60 est
425 1134 150 60 ratio
525 1134 283 60 praedicamenti
757 1134 150 60 circa
857 1134 116 60 rem
924 1134 150 60 ipsam
1023 1134 150 60 quasi
1123 1134 183 60 formale
1256 1134 100 60 in
1306 1134 150 60 ipso.
1406 1134 116 60 Est
1472 1134 133 60 enim
1555 1134 233 60 substantia
1722 1134 116 60 prae-

94 1186 242 67 dicamentum
284 1186 156 67 quasi
388 1186 242 67 compositum
578 1186 138 67 quid
664 1186 104 67 ex
716 1186 104 67 re
768 1186 86 67 &
803 1186 138 67 esse
889 1186 138 67 suo,
976 1186 138 67 quod
1062 1186 121 67 est
1131 1186 156 67 quasi
1235 1186 207 67 accidens
1390 1186 121 67 ei,
1460 1186 104 67 vt
1511 1186 190 67 habitum
1650 1186 121 67 est
1702 1186 138 67 supra.

102 1239 183 63 Propter
235 1239 133 63 quod
319 1239 150 63 etiam
418 1239 200 63 accidere
568 1239 183 63 possunt
701 1239 100 63 ei
751 1239 133 63 alia
834 1239 133 63 post
917 1239 150 63 esse,
1017 1239 100 63 vt
1067 1239 133 63 tale
1150 1239 299 63 praedicamentum
1400 1239 116 63 non
1466 1239 150 63 solum
1566 1239 183 63 dicatur
1683 1239 166 63 substan-

92 1300 114 56 tia
157 1300 98 56 ab
206 1300 98 56 in
255 1300 98 56 re
304 1300 229 56 existendo,
484 1300 114 56 sed
549 1300 98 56 ab
598 1300 163 56 alteri
713 1300 98 56 se
762 1300 262 56 substituendo
975 1300 98 56 In
1024 1300 114 56 quo
1089 1300 213 56 consistit
1252 1300 163 56 duplex
1367 1300 147 56 ratio
1465 1300 278 56 praedicamenti
1678 1300 163 56 substan-

95 1348 156 71 tiae.
199 1348 156 71 Prima
303 1348 104 71 in
355 1348 104 71 se
407 1348 225 71 absolute.
580 1348 191 71 Secunda
719 1348 104 71 in
771 1348 208 71 respectu
927 1348 104 71 ad
979 1348 295 71 praedicamenta
1221 1348 277 71 accidentium.
1481 1348 260 71 Respondendo
1689 1348 139 71 ergo
1776 1348 104 71 ad

100 1400 254 71 quaestionem
303 1400 152 71 primo
405 1400 119 71 quo
473 1400 102 71 ad
524 1400 305 71 praedicamentum
778 1400 271 71 substantiae,
998 1400 203 71 Dicendum
1150 1400 136 71 quod
1235 1400 102 71 si
1286 1400 203 71 loquamur
1438 1400 102 71 de
1489 1400 186 71 ratione
1608 1400 220 71 praedicamen

95 1455 105 58 ti
147 1455 262 58 substantiae
357 1455 192 58 secundo
496 1455 157 58 modo,
601 1455 122 58 sic
671 1455 122 58 non
741 1455 157 58 cadit
846 1455 105 58 in
898 1455 122 58 deo
968 1455 122 58 res
1038 1455 297 58 praedicamenti
1283 1455 280 58 substantiae,
1510 1455 140 58 quia
1597 1455 140 58 ipsa
1667 1455 175 58 composi-

89 1511 159 58 tionem
200 1511 143 58 facit
295 1511 111 58 cum
359 1511 127 58 esse
438 1511 127 58 quod
517 1511 95 58 in
565 1511 95 58 se
613 1511 190 58 recipit:
755 1511 127 58 Deus
835 1511 143 58 autem
930 1511 222 58 nequaquam,
1104 1511 95 58 vt
1152 1511 174 58 habitum
1279 1511 111 58 est
1342 1511 159 58 supra.
1453 1511 111 58 Sic
1517 1511 111 58 nec
1580 1511 143 58 ratio
1660 1511 174 58 praedica-

101 1563 120 56 menti
181 1563 200 56 substantiae
341 1563 147 56 propter
448 1563 134 56 eandem
542 1563 174 56 rationem.
675 1563 80 56 vt
715 1563 107 56 enim
782 1563 120 56 dicit
862 1563 187 56 Boethicorm
1009 1563 80 56 de
1049 1563 120 56 deoid
1129 1563 80 56 i.
1170 1563 80 56 de
1210 1563 187 56 trinitate.
1357 1563 94 56 ca.
1410 1563 107 56 iii.
1477 1563 174 56 subiectum
1610 1563 120 56 fieri
1691 1563 94 56 non
1731 1563 120 56 potest.

98 1614 155 71 Forma
201 1614 138 71 enim
287 1614 138 71 est,
373 1614 172 71 formae
493 1614 138 71 vero
579 1614 223 71 subiectae
751 1614 138 71 esse
837 1614 120 71 non
906 1614 206 71 possunt.
1060 1614 155 71 Primo
1164 1614 155 71 autem
1267 1614 138 71 modo
1353 1614 138 71 bene
1439 1614 155 71 cadit
1542 1614 103 71 in
1593 1614 120 71 deo
1662 1614 155 71 ratio
1748 1614 86 71 pra

99 1670 204 56 dicamenti
256 1670 251 56 substantiae:
460 1670 126 56 etsi
539 1670 110 56 non
601 1670 126 56 res,
680 1670 126 56 nisi
758 1670 188 56 secundum
900 1670 157 56 gradum
1009 1670 267 56 eminentiorem.
1229 1670 110 56 Sed
1292 1670 141 56 tamen
1386 1670 141 56 adhuc
1480 1670 126 56 alia
1559 1670 173 56 ratione
1684 1670 126 56 quam
1747 1670 94 56 suba

90 1723 183 59 stantiae
227 1723 183 59 creatae,
365 1723 122 59 quia
441 1723 122 59 illi
518 1723 138 59 ratio
610 1723 122 59 esse
686 1723 199 59 essentiae
839 1723 107 59 non
900 1723 183 59 convenit
1038 1723 168 59 ratione
1160 1723 107 59 rei
1221 1723 183 59 secundum
1359 1723 107 59 se,
1420 1723 107 59 sed
1481 1723 138 59 solum
1573 1723 199 59 inquantum
1726 1723 107 59 est
1772 1723 76 59 di-

102 1776 154 62 uinum
204 1776 256 62 exemplatum.
409 1776 137 62 Deus
495 1776 154 62 autem
597 1776 119 62 est
665 1776 119 62 res
733 1776 137 62 quae
819 1776 119 62 est
887 1776 154 62 ipsum
990 1776 137 62 esse
1075 1776 222 62 essentiae
1246 1776 154 62 suae.
1348 1776 119 62 Est
1416 1776 137 62 enim
1502 1776 137 62 deus
1587 1776 222 62 verissime
1741 1776 102 62 exi-

96 1832 141 56 stens
191 1832 94 56 in
238 1832 110 56 se,
301 1832 141 56 licet
395 1832 110 56 non
458 1832 126 56 alii
536 1832 94 56 vt
583 1832 204 56 accidenti
740 1832 220 56 subsistit.
913 1832 126 56 Vnde
992 1832 220 56 Augustinus
1165 1832 220 56 declarando
1337 1832 157 56 primam
1447 1832 189 56 rationem
1589 1832 236 56 substantiae
1761 1832 79 56 deo

98 1883 199 69 convenire,
254 1883 71 69 &
282 1883 99 69 non
339 1883 184 69 secundam,
481 1883 114 69 quae
552 1883 128 69 solum
637 1883 170 69 convenit
765 1883 213 69 substantiae
935 1883 170 69 creatae,
1063 1883 128 69 dicit
1148 1883 128 69 libio
1233 1883 85 69 i.
1275 1883 85 69 de
1318 1883 199 69 trinitate.
1474 1883 114 69 cap.
1545 1883 85 69 4.
1588 1883 128 69 Sicut
1673 1883 85 69 ab
1715 1883 85 69 eo
1758 1883 114 69 quod

95 1940 110 61 est
158 1940 126 61 esse
237 1940 221 61 appellatur
410 1940 205 61 essentia,
568 1940 110 61 ita
631 1940 142 61 etiam
725 1940 95 61 ab
773 1940 95 61 eo
820 1940 126 61 quod
899 1940 110 61 est
962 1940 221 61 subsistere
1135 1940 236 61 substantiam
1324 1940 189 61 dicimus.
1466 1940 142 61 omnis
1560 1940 126 61 enim
1639 1940 110 61 res
1702 1940 126 61 quae
1781 1940 95 61 ad

97 1990 181 70 seipsam
228 1990 231 70 subsistit:
410 1990 231 70 substantia
591 1990 198 70 dicitur:
739 1990 165 70 quanto
854 1990 148 70 magis
953 1990 148 70 deus:
1052 1990 99 70 Si
1102 1990 148 70 tamen
1200 1990 165 70 dignum
1316 1990 115 70 est
1382 1990 99 70 vt
1431 1990 132 70 deus
1513 1990 181 70 dicatur
1629 1990 214 70 subsistere.

99 2047 100 59 de
149 2047 116 59 his
216 2047 133 59 enim
299 2047 149 59 rebus
398 2047 116 59 hoc
465 2047 149 59 recte
564 2047 282 59 intelligitur,
796 2047 100 59 in
846 2047 166 59 quibus
962 2047 216 59 subiectis
1128 2047 133 59 sunt
1211 2047 100 59 ea
1261 2047 133 59 quae
1344 2047 100 59 in
1394 2047 166 59 aliquo
1510 2047 199 59 subiecto
1659 2047 133 59 esse
1726 2047 116 59 dicun

87 2097 128 58 tur,
167 2097 144 58 sicut
263 2097 160 58 color,
375 2097 112 58 aut
439 2097 144 58 forma
535 2097 96 58 in
583 2097 192 58 corpore:
727 2097 160 58 corpus
839 2097 128 58 enim
919 2097 224 58 subsistit,
1094 2097 80 58 &
1126 2097 128 58 ideo
1206 2097 224 58 substantia
1382 2097 128 58 est.
1462 2097 80 58 &
1494 2097 128 58 ita,
1574 2097 128 58 quia
1654 2097 112 58 non
1718 2097 112 58 est
1766 2097 80 58 hoc

95 2149 100 71 ei
145 2149 151 71 esse,
246 2149 134 71 quod
330 2149 151 71 illam
430 2149 117 71 vel
497 2149 151 71 istam
597 2149 167 71 formam
715 2149 218 71 coloremve
882 2149 218 71 retinere.
1049 2149 117 71 Res
1116 2149 167 71 igitur
1233 2149 218 71 mutabiles
1401 2149 117 71 non
1468 2149 218 71 simplices
1635 2149 184 71 proprie
1752 2149 84 71 di-

103 2202 159 69 cuntur
215 2202 255 69 substantiae.
422 2202 127 69 Deus
501 2202 143 69 autem
597 2202 96 69 si
645 2202 207 69 subsistit
804 2202 96 69 vt
852 2202 223 69 substantia
1027 2202 127 69 dici
1106 2202 175 69 possit,
1234 2202 143 69 inest
1329 2202 96 69 in
1377 2202 96 69 eo
1425 2202 175 69 aliquid
1552 2202 175 69 tanquam
1680 2202 96 69 in
1712 2202 127 69 subie-

87 2258 133 66 cto,
171 2258 83 66 &
204 2258 117 66 non
271 2258 183 66 simplex
404 2258 133 66 est,
487 2258 117 66 cui
554 2258 117 66 hoc
621 2258 117 66 sit
687 2258 133 66 esse
771 2258 133 66 quod
854 2258 133 66 illi
937 2258 133 66 est,
1020 2258 150 66 sicut
1120 2258 350 66 magnusionipotensi
1420 2258 167 66 bonus,
1537 2258 83 66 &
1570 2258 167 66 siquid
1670 2258 167 66 huiusmo-

104 2311 96 60 di
152 2311 96 60 de
200 2311 112 60 deo
265 2311 112 60 non
329 2311 209 60 incongrue
489 2311 193 60 dicitur.
634 2311 129 60 Neas
714 2311 145 60 autem
811 2311 112 60 est
875 2311 177 60 dicere,
1004 2311 96 60 vt
1052 2311 177 60 substet
1180 2311 145 60 deus,
1277 2311 112 60 vel
1341 2311 161 60 subsit
1453 2311 193 60 bonitati
1598 2311 145 60 suae,
1694 2311 145 60 atque
1775 2311 80 60 il-

100 2365 93 56 la
147 2365 171 56 bonitas
271 2365 109 56 non
333 2365 217 56 substantia
504 2365 124 56 sit,
581 2365 109 56 vel
643 2365 155 56 potius
752 2365 202 56 essentia,
907 2365 140 56 neque
1000 2365 124 56 ipse
1078 2365 124 56 deus
1155 2365 109 56 sit
1217 2365 171 56 bonitas
1341 2365 124 56 sua,
1419 2365 109 56 sed
1481 2365 93 56 in
1527 2365 124 56 illo
1605 2365 109 56 sit
1667 2365 171 56 tamquam
1791 2365 93 56 in

91 2416 220 58 subiecto.
260 2416 135 58 Vnde
345 2416 118 58 (vt
412 2416 237 58 concludit)
598 2416 237 58 manifestum
784 2416 118 58 est
852 2416 135 58 deum
936 2416 186 58 abusiue
1071 2416 254 58 substantiam
1274 2416 186 58 vocari:
1410 2416 101 58 vt
1460 2416 152 58 nomie
1562 2416 237 58 vsitatiore
1731 2416 118 58 intel

106 2471 186 68 ligatur
242 2471 220 68 essentia.
411 2471 135 68 Ecce
495 2471 135 68 quom
580 2471 203 68 insinuat
733 2471 135 68 quod
817 2471 135 68 vnus
902 2471 152 68 modus
1003 2471 271 68 subsistendi,
1224 2471 119 68 qui
1291 2471 119 68 est
1359 2471 152 68 ratio
1461 2471 254 68 substantiae
1664 2471 135 68 vna,
1731 2471 119 68 nullo

104 2530 133 62 modo
187 2530 166 62 potest
304 2530 116 62 deo
370 2530 216 62 attribui,
536 2530 83 62 &
570 2530 133 62 quod
653 2530 199 62 secundum
802 2530 150 62 illum
902 2530 116 62 non
968 2530 166 62 potest
1085 2530 133 62 dici
1168 2530 249 62 substantia.
1367 2530 116 62 Est
1434 2530 150 62 tamen
1533 2530 133 62 sine
1616 2530 150 62 dubio
1699 2530 150 62 substam

105 2583 123 63 tia.
181 2583 92 63 vt
227 2583 138 63 dicit
319 2583 92 63 in
365 2583 92 63 v.
411 2583 92 63 de
457 2583 215 63 trinitate.
626 2583 107 63 ca.
687 2583 107 63 ii.
749 2583 77 63 &
779 2583 107 63 hoc
841 2583 77 63 a
871 2583 184 63 ratione,
1009 2583 77 63 &
1040 2583 123 63 modo
1116 2583 230 63 subsistendi
1300 2583 92 63 in
1346 2583 107 63 se,
1408 2583 77 63 &
1438 2583 138 63 nullo
1530 2583 123 63 modo
1607 2583 92 63 in
1653 2583 138 63 alio,
1730 2583 107 63 neque

113 2630 210 60 dependens
275 2630 97 60 ab
323 2630 146 60 ipso,
420 2630 129 60 quod
501 2630 146 60 nulli
598 2630 97 60 in
647 2630 210 60 creaturis
809 2630 194 60 convenit
954 2630 146 60 neque
1051 2630 259 60 substantiae,
1262 2630 146 60 neque
1359 2630 227 60 accidenti,
1537 2630 97 60 vt
1585 2630 113 60 iam
1650 2630 194 60 dicetur.
1779 2630 65 60 Et

105 2687 121 67 ita
174 2687 156 67 licet
278 2687 121 67 res
347 2687 294 67 praedicamenti
589 2687 260 67 substantiae
797 2687 156 67 nullo
901 2687 138 67 modo
987 2687 121 67 deo
1056 2687 260 67 attribuitur
1264 2687 138 67 nisi
1350 2687 208 67 secundum
1506 2687 156 67 modum
1593 2687 260 67 eminentiorem,

115 2739 98 58 vt
164 2739 326 58 praedeterminatum
440 2739 130 58 est,
522 2739 147 58 neque
619 2739 147 58 ratio
717 2739 244 58 subsistendi
913 2739 163 58 alteri
1027 2739 98 58 vt
1075 2739 130 58 sibi
1157 2739 244 58 inhaerenti,
1352 2739 147 58 ratio
1450 2739 147 58 tamen
1548 2739 277 58 praedicamenti
1759 2739 98 58 sub-

109 2793 186 69 stantiae
248 2793 124 69 quae
325 2793 108 69 est
387 2793 93 69 in
434 2793 93 69 se
480 2793 232 69 subsistere,
666 2793 108 69 vel
728 2793 155 69 potius
837 2793 186 69 existere
976 2793 124 69 (pro
1054 2793 108 69 quo
1116 2793 217 69 Augustinus
1286 2793 93 69 in
1333 2793 139 69 dicta
1426 2793 232 69 auctoritate
1612 2793 108 69 sua
1674 2793 139 69 sumit
1751 2793 93 69 suba

106 2844 181 63 sistere,
242 2844 106 63 non
302 2844 121 63 enim
378 2844 121 63 deus
453 2844 211 63 subsistit,
619 2844 121 63 nisi
695 2844 91 63 ad
740 2844 151 63 aliud:
846 2844 166 63 existit
967 2844 136 63 autem
1058 2844 196 63 absolute)
1209 2844 196 63 verissime
1360 2844 106 63 deo
1420 2844 196 63 convenit:
1571 2844 151 63 quanto
1677 2844 151 63 verius
1783 2844 91 63 in

100 2901 94 69 se
147 2901 204 69 subsistit
304 2901 125 69 quam
382 2901 141 69 alia.
476 2901 94 69 Et
523 2901 188 69 secundum
665 2901 110 69 hoc
727 2901 157 69 verius
837 2901 78 69 &
868 2901 141 69 prius
962 2901 125 69 deus
1041 2901 141 69 habet
1135 2901 125 69 esse
1213 2901 219 69 substantia
1385 2901 125 69 quam
1464 2901 157 69 aliqua
1574 2901 204 69 creatura.
1730 2901 110 69 Non
1777 2901 63 69 di

97 2957 100 64 co
147 2957 200 64 dicitur.
297 2957 166 64 Nomina
414 2957 133 64 enim
497 2957 183 64 saepius
630 2957 117 64 per
697 2957 150 64 prius
796 2957 250 64 conveniunt,
996 2957 166 64 quibus
1113 2957 117 64 res
1179 2957 233 64 conveniunt
1362 2957 117 64 per
1429 2957 233 64 posterius,
1612 2957 100 64 vt
1662 2957 166 64 tactum
1762 2957 83 64 est

92 3009 142 61 supra
187 3009 95 61 in
234 3009 158 61 parte,
345 3009 79 61 &
376 3009 142 61 infra
471 3009 174 61 plenius
598 3009 221 61 exponetur.
771 3009 95 61 Et
819 3009 111 61 sic
882 3009 142 61 patet
977 3009 126 61 quod
1055 3009 284 61 praedicamentum
1292 3009 237 61 substantiae
1482 3009 158 61 versum
1592 3009 95 61 in
1640 3009 174 61 diuinam
1750 3009 95 61 prae

111 3060 236 54 dicationem
297 3060 236 54 dupliciter
483 3060 203 54 mutatur,
634 3060 84 54 &
668 3060 118 54 vno
736 3060 135 54 modo
820 3060 169 54 manet.
938 3060 186 54 Mutatur
1073 3060 135 54 enim
1158 3060 118 54 quo
1225 3060 101 54 ad
1276 3060 118 54 rem
1344 3060 253 54 praedicatam
1546 3060 135 54 quae
1631 3060 101 54 in
1664 3060 186 54 creaturis

112 3113 139 63 habet
204 3113 123 63 esse
281 3113 92 63 ab
327 3113 123 63 alio
404 3113 108 63 per
466 3113 308 63 participationem,
727 3113 92 63 in
774 3113 108 63 deo
835 3113 139 63 autem
928 3113 77 63 a
958 3113 154 63 seipso
1066 3113 108 63 per
1128 3113 216 63 essentiam.
1297 3113 139 63 iuxta
1390 3113 139 63 illud
1482 3113 139 63 Boet.
1574 3113 108 63 Non
1636 3113 108 63 est
1682 3113 154 63 substan-

102 3167 113 73 tia
166 3167 97 73 in
215 3167 129 73 illo
296 3167 129 73 vere
376 3167 242 73 substantia,
570 3167 113 73 sed
635 3167 145 73 vltra
732 3167 258 73 substantiam.
942 3167 81 73 &
974 3167 129 73 idem
1055 3167 178 73 habitum
1184 3167 113 73 est
1248 3167 145 73 supra
1345 3167 97 73 ex
1394 3167 161 73 dictis
1507 3167 161 73 Diony.
1620 3167 178 73 Mutatur
1733 3167 113 73 etiam

113 3230 134 54 quo
189 3230 115 54 ad
247 3230 230 54 rationem
419 3230 96 54 &
457 3230 172 54 modum
572 3230 210 54 essendi
725 3230 115 54 in
783 3230 249 54 substando
974 3230 191 54 alteri
1108 3230 115 54 vt
1165 3230 153 54 sibi
1261 3230 268 54 inhaerenti
1471 3230 115 54 in
1529 3230 172 54 modum
1644 3230 96 54 &
1663 3230 191 54 rationem

107 3275 177 87 essendi
236 3275 145 87 ipsum
332 3275 193 87 alterum:
477 3275 97 87 vt
526 3275 129 87 deus
606 3275 113 87 per
671 3275 209 87 essentiam
832 3275 113 87 sit
896 3275 161 87 ipsum,
1009 3275 129 87 quod
1090 3275 129 87 sibi
1170 3275 258 87 significatur
1380 3275 209 87 attribui.
1541 3275 97 87 Et
1589 3275 113 87 hoc
1654 3275 113 87 est
1718 3275 129 87 quod
1783 3275 64 87 di
