2300 3741
422 321 182 101 locans
549 321 273 101 perficitur.
768 321 146 101 Vnde
859 321 91 101 &
895 321 219 101 secundum
1059 321 291 101 differentias
1296 321 146 101 loci
1387 321 219 101 secundum
1551 321 182 101 sursum
1678 321 91 101 &
1715 321 219 101 deorsum,
1878 321 255 101 dextrorsum
2079 321 91 101 &
2097 321 91 101 si-

438 397 273 75 nistrorsum,
656 397 145 75 ante
747 397 91 75 &
783 397 182 75 retro,
910 397 218 75 sumuntur
1074 397 291 75 differentiae
1310 397 145 75 vbi.
1401 397 127 75 Cum
1473 397 145 75 ergo
1564 397 200 75 aliquid
1710 397 109 75 de
1764 397 309 75 praedicamento
2018 397 127 75 vbi
2073 397 109 75 assu

442 445 152 85 mitur
544 445 102 85 in
594 445 186 85 diuinam
730 445 322 85 praedicationem,
1000 445 102 85 id
1051 445 135 85 quod
1136 445 338 85 accidentalitatis
1424 445 118 85 est
1491 445 102 85 in
1542 445 102 85 eo
1593 445 85 85 &
1627 445 271 85 inhaerentiae
1847 445 186 85 transit
1982 445 102 85 in
2016 445 169 85 substan-

432 502 150 81 tiam
526 502 94 81 &
564 502 113 81 in
620 502 226 81 rationem
789 502 301 81 subsistendi,
1034 502 207 81 manente
1184 502 169 81 solum
1297 502 226 81 respectu
1466 502 94 81 &
1504 502 263 81 collatione
1711 502 113 81 ad
1767 502 188 81 locum:
1899 502 113 81 vt
1955 502 132 81 cum
2031 502 150 81 deus
2106 502 75 81 di

442 554 166 77 citur
552 554 148 77 esse
645 554 185 77 sursum
774 554 129 77 aut
848 554 221 77 deorsum.
1014 554 221 77 secundum
1180 554 166 77 illud
1291 554 185 77 Psalm.
1420 554 111 77 Si
1475 554 240 77 ascendero
1660 554 111 77 in
1715 554 185 77 caelum
1844 554 111 77 tu
1900 554 166 77 illic
2010 554 111 77 es
2066 554 129 77 &c.
2121 554 74 77 Et

433 609 132 85 hoc
509 609 132 85 non
584 609 208 85 sumendo
736 609 170 85 locum
849 609 113 85 vt
906 609 246 85 continens
1095 609 95 85 &
1133 609 227 85 ambiens:
1303 609 132 85 sed
1379 609 113 85 vt
1435 609 189 85 natura
1568 609 208 85 quaedam
1719 609 132 85 est
1795 609 95 85 &
1833 609 132 85 res
1908 609 246 85 existens.
2079 609 113 85 Adlo

439 671 131 71 cum
514 671 149 71 enim
607 671 112 71 vt
663 671 243 71 continens
850 671 149 71 est,
943 671 243 71 respectum
1130 671 131 71 non
1204 671 187 71 potest
1335 671 187 71 habere
1465 671 149 71 nisi
1559 671 187 71 corpus
1689 671 168 71 natum
1801 671 149 71 loco
1895 671 261 71 contineri.
2081 671 112 71 Pro-

430 716 153 87 pter
525 716 153 87 quod
621 716 248 87 huiusmodi
812 716 344 87 praedicamentum
1098 716 210 87 nunquam
1251 716 229 87 proprie:
1422 716 134 87 sed
1499 716 172 87 solum
1613 716 305 87 transumptiue
1862 716 115 87 in
1919 716 210 87 diuinam
2052 716 134 87 assu-

448 784 171 67 mitur
562 784 362 67 praedicationem.
867 784 210 67 Quomodo
1020 784 171 67 autem
1134 784 114 67 in
1191 784 133 67 deo
1267 784 171 67 habet
1382 784 152 67 esse
1477 784 248 67 respectus
1667 784 267 67 importatus
1877 784 133 67 per
1953 784 152 67 vbi,
2030 784 171 67 amplius

435 825 257 77 videbitur
633 825 276 77 declarando
850 825 217 77 quomodo
1008 825 158 77 deus
1106 825 178 77 habet
1225 825 158 77 esse
1323 825 118 77 in
1383 825 217 77 omnibus
1541 825 197 77 rebus,
1679 825 99 77 &
1718 825 138 77 per
1797 825 138 77 hoc
1876 825 217 77 vbique.
2034 825 158 77 Vnde
2113 825 79 77 o-

433 900 183 53 mnino
555 900 183 53 alium
676 900 183 53 modum
798 900 264 53 respectus
1001 900 183 53 habet
1123 900 163 53 deus
1225 900 244 53 secundum
1408 900 366 53 praedicamentum
1712 900 142 53 vbi
1794 900 122 53 ad
1855 900 203 53 locum,
1997 900 163 53 quam
2098 900 142 53 ha-

435 937 141 72 bent
523 937 246 72 creaturae:
717 937 123 72 quo
788 937 106 72 ad
840 937 123 72 hoc
911 937 211 72 scilicet
1069 937 141 72 quod
1157 937 229 72 creaturae
1333 937 176 72 habent
1457 937 229 72 respectum
1633 937 106 72 ad
1685 937 158 72 locum
1791 937 106 72 vt
1844 937 123 72 est
1914 937 194 72 ambiens
2055 937 141 72 eas,
2126 937 70 72 de

446 996 98 68 us
495 996 147 68 autem
592 996 228 68 nequaquam:
772 996 114 68 sed
837 996 98 68 vt
886 996 147 68 locus
984 996 114 68 est
1049 996 114 68 res
1114 996 212 68 existens.
1277 996 130 68 vnde
1359 996 147 68 dicit
1456 996 130 68 Boe.
1538 996 130 68 Quia
1619 996 130 68 deus
1701 996 163 68 vbique
1815 996 130 68 est:
1897 996 114 68 ita
1962 996 130 68 dici
2027 996 163 68 videtur:

441 1048 119 72 non
509 1048 136 72 quod
594 1048 102 72 in
645 1048 136 72 omni
730 1048 119 72 sit
797 1048 153 72 loco,
899 1048 153 72 quasi
1001 1048 204 72 scilicet
1154 1048 255 72 circunfusus
1357 1048 204 72 partibus
1510 1048 136 72 loci
1595 1048 102 72 in
1646 1048 102 72 eo
1697 1048 272 72 contineatur.
1917 1048 119 72 Hoc
1985 1048 136 72 enim
2070 1048 119 72 est
2121 1048 68 72 im

432 1105 249 72 possibile.
628 1105 142 72 vnde
716 1105 231 72 sequitur.
894 1105 178 72 Omnino
1018 1105 142 72 enim
1107 1105 107 72 in
1161 1105 142 72 loco
1249 1105 142 72 esse
1338 1105 124 72 non
1409 1105 195 72 potest.
1551 1105 213 72 scilicet
1711 1105 107 72 vt
1765 1105 266 72 circunfusus
1978 1105 89 72 &
1996 1105 195 72 determina

434 1150 116 69 tus
501 1150 149 69 loco.
600 1150 116 69 Sed
666 1150 116 69 hoc
732 1150 149 69 sensu
831 1150 182 69 dicitur
964 1150 132 69 esse
1047 1150 182 69 vbique:
1179 1150 132 69 quod
1262 1150 99 69 ei
1311 1150 149 69 omnis
1410 1150 149 69 locus
1510 1150 165 69 assit:
1626 1150 116 69 cum
1692 1150 132 69 ipse
1774 1150 116 69 non
1841 1150 248 69 suscipiatur
2039 1150 99 69 in
2072 1150 116 69 loco-

439 1208 92 76 Et
485 1208 122 76 ideo
561 1208 168 76 nusquam
683 1208 122 76 esse
759 1208 92 76 in
805 1208 122 76 loco
882 1208 183 76 dicitur,
1019 1208 168 76 quoniam
1141 1208 153 76 vbique
1248 1208 122 76 est:
1325 1208 107 76 sed
1386 1208 107 76 non
1447 1208 92 76 in
1492 1208 137 76 loco.
1584 1208 107 76 Est
1645 1208 122 76 ergo
1722 1208 168 76 sensus.
1844 1208 122 76 deus
1920 1208 153 76 vbique
2027 1208 122 76 est.
2088 1208 107 76 idest

445 1262 212 70 vbicumque
608 1262 147 70 habet
706 1262 180 70 aliquid
837 1262 147 70 esse:
935 1262 131 70 siue
1017 1262 163 70 locus,
1131 1262 131 70 siue
1213 1262 196 70 locatum,
1360 1262 131 70 siue
1441 1262 229 70 quodcunque
1621 1262 131 70 ens,
1703 1262 131 70 Deus
1785 1262 114 70 est
1850 1262 131 70 ibi,
1932 1262 114 70 non
1997 1262 147 70 sicut
2095 1262 98 70 in
2128 1262 65 70 lo

442 1312 108 75 co
496 1312 234 75 situatus,
676 1312 126 75 sed
748 1312 162 75 sicut
856 1312 216 75 praesens
1018 1312 108 75 in
1072 1312 198 75 intimis
1216 1312 162 75 rerum
1324 1312 234 75 inuentus.
1503 1312 324 75 Praedicamentum
1773 1312 144 75 ergo
1863 1312 126 75 vbi
1935 1312 108 75 de
1989 1312 126 75 deo
2043 1312 162 75 praedi-

431 1368 126 73 cat
503 1368 162 73 solum
611 1368 234 73 respectum
791 1368 108 73 ad
845 1368 162 73 loca,
954 1368 126 73 non
1026 1368 198 73 ratione
1170 1368 126 73 qua
1242 1368 162 73 loca,
1350 1368 144 73 nisi
1440 1368 126 73 per
1512 1368 324 73 similitudinem:
1783 1368 126 73 sed
1855 1368 162 73 solum
1963 1368 198 73 ratione
2107 1368 126 73 qua

440 1422 186 74 entia:
571 1422 93 74 &
608 1422 130 74 hoc
682 1422 130 74 per
757 1422 316 74 proprietatem.
1018 1422 130 74 Hoc
1092 1422 149 74 enim
1185 1422 261 74 dignitatis
1390 1422 130 74 est
1464 1422 242 74 absolute:
1650 1422 112 74 vt
1706 1422 242 74 videbitur
1893 1422 223 74 loquendo
2060 1422 112 74 de
2097 1422 112 74 esse

439 1496 124 52 dei
510 1496 106 52 in
563 1496 177 52 rebus.
687 1496 106 52 Et
740 1496 159 52 sicut
846 1496 124 52 est
917 1496 106 52 de
970 1496 124 52 vbi
1041 1496 106 52 in
1094 1496 124 52 deo
1165 1496 212 52 respectu
1324 1496 159 52 loci,
1430 1496 248 52 siimiliter
1625 1496 124 52 est
1696 1496 106 52 de
1749 1496 177 52 quando
1873 1496 212 52 respectu
2014 1496 195 52 temporis.

448 1543 89 57 &
484 1543 124 57 sic
555 1543 248 57 declaratio
749 1543 159 57 vnius
855 1543 248 57 accipiatur
1050 1543 159 57 iuxta
1156 1543 301 57 declarationem
1404 1543 230 57 alterius.
1617 1543 212 57 Sequitur
1776 1543 106 57 de
1829 1543 301 57 praedicamento
2059 1543 142 57 situs.

454 1584 103 76 de
505 1584 137 76 situ
591 1584 154 76 autem
694 1584 154 76 dicit
797 1584 257 76 Philosophus
1003 1584 103 76 in
1054 1584 172 76 quinto
1174 1584 292 76 Metaphysicae.
1415 1584 137 76 quod
1501 1584 120 76 vno
1569 1584 137 76 modo
1655 1584 154 76 situs
1758 1584 189 76 dicitur
1895 1584 103 76 in
1947 1584 189 76 habente
2067 1584 137 76 partes

433 1653 244 59 secundum
616 1653 224 59 ordinem
778 1653 244 59 partium,
961 1653 142 59 aut
1042 1653 244 59 secundum
1225 1653 203 59 locum,
1368 1653 142 59 aut
1449 1653 244 59 secundum
1632 1653 224 59 formam.
1794 1653 142 59 vbi
1876 1653 183 59 dicit
1977 1653 224 59 Commenta.

431 1698 165 66 Situs
541 1698 238 66 inuenitur
724 1698 110 66 in
779 1698 147 66 omni
871 1698 202 66 habente
1017 1698 202 66 partes,
1164 1698 128 66 aut
1237 1698 128 66 per
1310 1698 202 66 ordinem
1457 1698 202 66 partium
1604 1698 128 66 rei
1677 1698 257 66 adinuicem:
1878 1698 92 66 &
1915 1698 147 66 iste
2007 1698 128 66 est
2062 1698 128 66 situs

436 1749 123 71 qui
507 1749 123 71 est
577 1749 263 71 differentia
787 1749 281 71 quantitatis:
1015 1749 210 71 secundum
1173 1749 140 71 quod
1261 1749 175 71 dictum
1384 1749 123 71 est
1454 1749 105 71 in
1506 1749 333 71 praedicamentis:
1787 1749 140 71 quod
1875 1749 263 71 quantitatum
2085 1749 158 71 aliud

446 1801 133 68 est
522 1801 189 68 habens
654 1801 171 68 situm
768 1801 152 68 siue
863 1801 284 68 positionem:
1090 1801 171 68 aliud
1204 1801 152 68 vero
1299 1801 133 68 non
1374 1801 171 68 habet
1488 1801 284 68 positionem.
1715 1801 152 68 Isto
1810 1801 152 68 ergo
1905 1801 152 68 modo
2000 1801 171 68 situs
2113 1801 133 68 non

448 1867 121 61 est
517 1867 329 61 praedicamentum:
794 1867 121 61 sed
863 1867 260 61 differentia
1071 1867 294 61 praedicamenti
1314 1867 260 61 quantitatis
1522 1867 277 61 essentialis.
1747 1867 139 61 Vnde
1833 1867 121 61 non
1903 1867 121 61 est
1972 1867 139 61 nisi
2058 1867 104 61 in
2093 1867 104 61 cor-

445 1917 254 68 poralibus:
644 1917 91 68 &
681 1917 145 68 ideo
771 1917 163 68 nullo
880 1917 145 68 modo
971 1917 163 68 talis
1080 1917 163 68 situs
1188 1917 127 68 deo
1261 1917 218 68 attribui
1424 1917 199 68 potest,
1569 1917 145 68 nisi
1660 1917 272 68 Metaphorice
1878 1917 91 68 &
1914 1917 127 68 per
1968 1917 236 68 similitudi-

448 1969 141 63 nem.
536 1969 141 63 Alio
624 1969 141 63 modo
712 1969 106 63 in
765 1969 176 63 aliquo
889 1969 123 63 est
959 1969 176 63 situs,
1082 1969 211 63 scilicet
1241 1969 123 63 per
1311 1969 194 63 ordinem
1452 1969 194 63 partium
1593 1969 106 63 in
1646 1969 158 63 loco.
1751 1969 106 63 Et
1804 1969 141 63 iste
1892 1969 123 63 est
1963 1969 158 63 situs
2068 1969 123 63 qui
2121 1969 88 63 est

440 2024 364 67 praedicamentum:
746 2024 134 67 qui
823 2024 230 67 supponit
996 2024 211 67 ordinem
1149 2024 211 67 partium
1302 2024 115 67 in
1360 2024 172 67 toto:
1475 2024 134 67 qui
1551 2024 230 67 pertinet
1724 2024 115 67 ad
1781 2024 345 67 praedicamentum
2069 2024 172 67 quan-

446 2076 197 66 titatis.
593 2076 131 66 Quia
676 2076 131 66 enim
758 2076 131 66 ille
840 2076 148 66 situs
938 2076 82 66 &
971 2076 131 66 ordo
1053 2076 99 66 in
1103 2076 246 66 quantitate,
1300 2076 214 66 consistit
1464 2076 99 66 in
1513 2076 230 66 collatione
1694 2076 181 66 partium
1825 2076 99 66 vt
1875 2076 131 66 sunt
1957 2076 99 66 in
2006 2076 131 66 toto
2072 2076 131 66 absolu

435 2132 122 67 te:
504 2132 87 67 &
539 2132 122 67 ita
609 2132 122 67 est
679 2132 140 67 toti
766 2132 175 67 omnino
888 2132 279 67 intrinsecus,
1115 2132 157 67 quasi
1220 2132 244 67 informatio
1412 2132 209 67 absoluta
1569 2132 105 67 in
1622 2132 140 67 ipso
1709 2132 105 67 vt
1761 2132 209 67 respicit
1918 2132 175 67 totum,
2040 2132 157 67 licet
2128 2132 87 67 sit

447 2187 227 62 collatiua
621 2187 105 62 vt
673 2187 209 62 respicit
830 2187 192 62 partes:
970 2187 140 62 ldeo
1057 2187 122 62 non
1127 2187 122 62 est
1197 2187 140 62 nisi
1284 2187 262 62 differentia
1494 2187 297 62 praedicamenti
1738 2187 87 62 &
1773 2187 122 62 non
1843 2187 332 62 praedicamentum.
2104 2187 105 62 Iste

443 2236 174 66 autem
559 2236 174 66 situs
675 2236 174 66 super
791 2236 213 66 ordinem
946 2236 213 66 partium
1101 2236 116 66 in
1159 2236 155 66 toto
1256 2236 174 66 addit
1372 2236 213 66 ordinem
1527 2236 174 66 earum
1643 2236 232 66 respectu
1818 2236 213 66 partium
1973 2236 97 66 &
1992 2236 213 66 differen-

448 2292 189 68 tiarum
580 2292 170 68 loci.
694 2292 151 68 Vnde
788 2292 227 68 sequitur
958 2292 340 68 praedicamentum
1242 2292 189 68 situs:
1374 2292 340 68 praedicamentum
1658 2292 151 68 vbi.
1752 2292 132 68 sic
1828 2292 340 68 praedicamentum
2093 2292 113 68 vbi-

437 2346 236 61 sequitur
615 2346 197 61 locum.
753 2346 177 61 Sicut
871 2346 158 61 enim
969 2346 138 61 vbi
1048 2346 138 61 est
1127 2346 355 61 praedicamentum
1423 2346 217 61 propter
1580 2346 315 61 accidentalem
1837 2346 315 61 continentiam
2093 2346 158 61 quam

451 2397 168 65 habet
563 2397 205 65 locatum
712 2397 93 65 a
750 2397 168 65 loco:
862 2397 131 65 sic
936 2397 168 65 situs
1048 2397 131 65 est
1123 2397 336 65 praedicamentum
1402 2397 205 65 propter
1551 2397 205 65 ordinem
1701 2397 298 65 accidentalem
1943 2397 205 65 partium
2073 2397 131 65 loca-

449 2449 99 63 ti
498 2449 99 63 ad
547 2449 165 63 partes
663 2449 148 63 loci.
761 2449 148 63 Sicut
860 2449 132 63 enim
943 2449 214 63 contineri
1107 2449 82 63 a
1140 2449 132 63 loco
1223 2449 247 63 simpliciter
1420 2449 148 63 facit
1519 2449 296 63 praedicamentum
1766 2449 132 63 vbi:
1849 2449 115 63 sic
1915 2449 214 63 contineri
2079 2449 99 63 ab
2112 2449 99 63 ipso

450 2502 220 62 secundum
615 2502 202 62 ordinem
762 2502 220 62 diuersum
927 2502 202 62 partium
1073 2502 183 62 locati
1202 2502 110 62 ad
1257 2502 183 62 partes
1385 2502 165 62 loci,
1495 2502 165 62 facit
1606 2502 330 62 praedicamentum
1881 2502 183 62 situs.
2009 2502 147 62 Quod
2083 2502 128 62 habet

451 2566 146 61 duas
542 2566 201 61 species
688 2566 219 61 secundum
852 2566 146 61 duos
943 2566 164 61 modos
1052 2566 164 61 situs
1162 2566 201 61 partium
1308 2566 91 61 &
1344 2566 292 61 ordinationis
1581 2566 164 61 earum
1690 2566 109 61 in
1745 2566 164 61 loco:
1854 2566 182 61 quorum
1982 2566 146 61 vnus
2073 2566 128 61 est
2128 2566 91 61 na-

448 2608 189 65 turalis:
590 2608 142 65 alter
685 2608 126 65 vero
764 2608 268 65 accidentalis.
985 2608 189 65 secundum
1127 2608 126 65 quod
1206 2608 174 65 dicitur
1332 2608 110 65 in.
1395 2608 110 65 vi.
1458 2608 237 65 principiis.
1648 2608 174 65 Positio
1774 2608 142 65 nihil
1869 2608 142 65 aliud
1963 2608 110 65 est
2027 2608 126 65 quam
2090 2608 126 65 natura

455 2666 119 68 lis
523 2666 255 68 substantiae
727 2666 238 68 ordinatio,
915 2666 136 68 quae
1000 2666 119 68 vel
1068 2666 85 68 a
1102 2666 221 68 principio
1272 2666 170 68 quidem
1392 2666 170 68 innata
1511 2666 119 68 est
1579 2666 102 68 vt
1630 2666 102 68 ea
1681 2666 136 68 quae
1766 2666 187 68 asperis
1902 2666 119 68 vel
1971 2666 187 68 lenibus
2090 2666 119 68 inest

452 2717 128 69 vel
525 2717 92 69 a
562 2717 201 69 naturae
708 2717 183 69 quodam
836 2717 146 69 motu
928 2717 220 69 causato:
1092 2717 110 69 vt
1147 2717 201 69 sessio,
1294 2717 256 69 accubitus,
1495 2717 92 69 &
1532 2717 220 69 similia.
1696 2717 329 69 Praedicamentum
1971 2717 165 69 istud
2081 2717 165 69 quan-

451 2785 129 58 tum
524 2785 129 58 est
598 2785 110 58 de
653 2785 129 58 se,
727 2785 110 58 in
782 2785 184 58 quadam
911 2785 258 58 collatione
1113 2785 92 58 &
1150 2785 184 58 ordine
1279 2785 203 58 partium
1426 2785 184 58 locati
1555 2785 110 58 ad
1610 2785 166 58 locum
1721 2785 258 58 consistit.
1923 2785 147 58 Vnde
2015 2785 166 58 patet
2108 2785 110 58 pla-

447 2826 106 58 ne
500 2826 141 58 quod
588 2826 159 58 etiam
694 2826 106 58 in
747 2826 229 58 creaturis
923 2826 106 58 ad
976 2826 247 58 relationem
1170 2826 229 58 pertinet:
1346 2826 88 58 &
1381 2826 159 58 habet
1487 2826 211 58 rationem
1645 2826 352 58 accidentalitatis
1945 2826 176 58 eandem
2068 2826 141 58 quam
2139 2826 70 58 ha

448 2879 124 60 bet
519 2879 142 60 vbi:
608 2879 142 60 quia
696 2879 212 60 mediante
855 2879 124 60 vbi
926 2879 212 60 fundatur
1085 2879 159 60 super
1192 2879 212 60 rationem
1351 2879 354 60 accidentalitatis
1652 2879 283 60 continentiae
1882 2879 142 60 quam
1970 2879 159 60 habet
2059 2879 159 60 locatum

447 2930 112 63 in
503 2930 168 63 loco:
615 2930 112 63 de
671 2930 131 63 qua
746 2930 186 63 dictum
876 2930 131 63 est
951 2930 186 63 supra.
1081 2930 131 63 Cum
1156 2930 149 63 ergo
1249 2930 205 63 aliquid
1398 2930 112 63 de
1454 2930 317 63 praedicamento
1715 2930 168 63 situs
1827 2930 112 63 in
1883 2930 205 63 diuinam
2014 2930 186 63 vertitur

458 2988 315 68 praedicationem:
724 2988 100 68 id
774 2988 133 68 quod
856 2988 332 68 accidentalitatis
1138 2988 116 68 est
1205 2988 100 68 in
1255 2988 100 68 eo
1304 2988 83 68 &
1338 2988 282 68 inhaerentiae,
1570 2988 182 68 transit
1702 2988 100 68 in
1752 2988 249 68 substantiam
1951 2988 83 68 &
1984 2988 199 68 rationem
2117 2988 83 68 sub

452 3036 217 64 sistendi
615 3036 199 64 manente
760 3036 163 64 solum
868 3036 217 64 respectu
1031 3036 90 64 &
1067 3036 253 64 collatione
1266 3036 109 64 ad
1320 3036 181 64 locum:
1447 3036 109 64 vt
1501 3036 127 64 cum
1574 3036 199 64 dicitur
1718 3036 145 64 deus
1809 3036 217 64 trinitas
1972 3036 181 64 sedere
2080 3036 127 64 super

441 3100 233 66 Cherubim:
621 3100 90 66 &
656 3100 144 66 deus
746 3100 179 66 filius
872 3100 108 66 ad
926 3100 215 66 dexteram
1087 3100 197 66 patris:
1231 3100 126 66 vel
1303 3100 126 66 cum
1374 3100 144 66 deus
1464 3100 197 66 dicitur
1608 3100 144 66 esse
1697 3100 162 66 supra
1805 3100 179 66 omnia,
1931 3100 126 66 vel
2003 3100 179 66 infra,
2110 3100 90 66 vel

452 3153 153 65 extra
554 3153 170 65 omnia:
673 3153 85 65 &
708 3153 119 65 hoc
776 3153 187 65 nunquam
912 3153 136 65 nisi
997 3153 273 65 Metaphorice:
1219 3153 136 65 quia
1304 3153 153 65 talis
1406 3153 222 65 respectus
1577 3153 187 65 proprie
1713 3153 119 65 non
1781 3153 170 65 potest
1900 3153 136 65 esse
1986 3153 136 65 nisi
2071 3153 102 65 in
2105 3153 85 65 cor

443 3198 260 74 poralibus.
647 3198 148 74 Vnde
740 3198 148 74 quia
833 3198 334 74 praedicamentum
1111 3198 167 74 situs
1222 3198 185 74 summam
1352 3198 334 74 materialitatem
1630 3198 241 74 importat,
1816 3198 167 74 sicut
1908 3198 297 74 praedicamentum

438 3251 238 83 passionis
621 3251 220 83 importat
785 3251 183 83 summam
914 3251 329 83 mutabilitatem,
1188 3251 146 83 quae
1280 3251 183 83 maxime
1408 3251 128 83 deo
1481 3251 238 83 repugnat:
1664 3251 146 83 ideo
1756 3251 275 83 Boethicorum
1975 3251 110 83 de
2012 3251 183 83 trinita.
