2190 3795
437 302 97 73 vt
485 302 195 73 secundum
631 302 114 73 hoc
696 302 146 73 nihil
794 302 97 73 in
842 302 211 73 creaturis
1005 302 178 73 dicatur
1134 302 130 73 vere
1215 302 227 73 subsistere
1394 302 130 73 nisi
1475 302 227 73 substantia
1653 302 211 73 indiuidua
1816 302 97 73 ab
1864 302 178 73 omnibus
1994 302 130 73 alis
2059 302 81 73 se-

444 357 175 69 parata
566 357 87 69 &
601 357 245 69 distincta.
811 357 105 69 Et
863 357 210 69 secundum
1021 357 122 69 hoc
1091 357 192 69 dicitur
1231 357 140 69 deus
1318 357 175 69 maxime
1440 357 245 69 subsistere
1633 357 87 69 &
1668 357 227 69 verissime
1843 357 262 69 substantia:
2035 357 105 69 quan

439 408 89 69 to
484 408 89 69 in
528 408 222 69 subsistendo
706 408 148 69 minime
810 408 178 69 dependet
943 408 89 69 ab
987 408 133 69 alio:
1076 408 104 69 non
1136 408 133 69 tamen
1224 408 89 69 ex
1269 408 104 69 hoc
1328 408 133 69 habet
1417 408 178 69 rationem
1550 408 207 69 suppositi:
1713 408 119 69 quia
1787 408 104 69 hoc
1847 408 104 69 est
1906 408 207 69 subsistere
2054 408 89 69 quod

437 466 182 59 convenit
573 466 106 59 deo
634 466 121 59 quid
709 466 106 59 est
770 466 197 59 trinitas,
921 466 91 59 ex
966 466 182 59 opposito
1102 466 151 59 contra
1208 466 212 59 subsistere
1375 466 121 59 quod
1450 466 182 59 convenit
1586 466 212 59 creaturis.
1753 466 197 59 Trinitati
1904 466 91 59 ei
1949 466 106 59 non
1995 466 151 59 convenit

436 512 144 69 aliqua
536 512 216 69 ratiommunis
709 512 187 69 suppositi
853 512 187 69 absoluti,
997 512 86 69 vt
1040 512 130 69 infra
1127 512 245 69 declarabitur,
1328 512 115 69 nisi
1400 512 202 69 extendendo
1559 512 130 69 nomen
1645 512 187 69 suppositi
1789 512 86 69 ad
1832 512 173 69 rationem
1947 512 202 69 subsistentis

446 572 66 65 &
472 572 159 65 secundum
592 572 80 65 se
631 572 133 65 entis:
724 572 93 65 quo
777 572 106 65 modo
844 572 159 65 extendit
963 572 186 65 Augustinus
1109 572 93 65 cum
1162 572 119 65 dicit
1241 572 146 65 secundo
1347 572 80 65 de
1387 572 199 65 triniitate.
1546 572 93 65 ca.
1599 572 93 65 xi.
1652 572 93 65 Nec
1705 572 146 65 aliquid
1812 572 159 65 prohibet
1931 572 119 65 voces
2010 572 133 65 factas
2090 572 53 65 ad

448 625 118 67 Adam
522 625 74 67 a
551 625 191 67 trinitate
698 625 147 67 factas
801 625 235 67 intelligere:
993 625 103 67 sed
1052 625 132 67 etiam
1140 625 177 67 personam
1272 625 250 67 demonstrantes
1478 625 162 67 eiusdem
1596 625 206 67 trinitatis
1758 625 191 67 accipere.
1905 625 118 67 Quia
1978 625 132 67 autem
2052 625 103 67 ratio

452 675 217 70 huiusmodi
619 675 217 70 suppositi
786 675 117 70 non
853 675 200 70 conuenit
1003 675 100 70 ei
1053 675 100 70 ad
1103 675 150 70 modum
1203 675 117 70 quo
1270 675 200 70 conuenit
1421 675 100 70 in
1471 675 234 70 creaturis:
1654 675 100 70 ex
1704 675 117 70 hoc
1771 675 167 70 patet:
1888 675 134 70 quod
1955 675 200 70 suppositum

453 727 102 68 ex
504 727 119 68 hoc
572 727 187 68 dicitur
708 727 102 68 in
759 727 221 68 creaturis
929 727 136 68 quod
1014 727 119 68 est
1082 727 119 68 res
1150 727 85 68 &
1184 727 170 68 natura
1303 727 187 68 quaedam
1440 727 119 68 sub
1508 727 136 68 esse
1593 727 238 68 singularis
1780 727 85 68 &
1814 727 272 68 determinati,
2035 727 102 68 in
2069 727 68 68 qu

455 789 123 65 stat
531 789 169 65 diuisio
654 789 153 65 ipsius
762 789 107 65 rei
823 789 246 65 consideratae
1023 789 107 65 sub
1084 789 169 65 ratione
1207 789 246 65 vniuersalis:
1406 789 77 65 &
1437 789 123 65 quae
1514 789 276 65 indiuidualiter
1744 789 215 65 participat
1913 789 184 65 rationem
2036 789 107 65 essen

448 846 136 58 tiae,
539 846 121 58 quae
614 846 106 58 per
675 846 91 58 se
720 846 106 58 est
781 846 136 58 forma
871 846 166 58 speciei
992 846 76 58 &
1023 846 242 58 participatur
1219 846 76 58 a
1250 846 166 58 specie:
1371 846 106 58 ita
1431 846 121 58 quod
1507 846 121 58 omne
1582 846 212 58 suppositum
1749 846 197 58 creaturae
1900 846 136 58 habet
1991 846 91 58 in
2036 846 91 58 se
2066 846 76 58 na-

445 888 149 62 turam
545 888 182 62 speciei
677 888 116 62 per
743 888 132 62 eius
826 888 264 62 separationem
1041 888 99 62 ab
1090 888 149 62 eadem
1189 888 99 62 vt
1239 888 116 62 est
1305 888 99 62 in
1355 888 132 62 alio
1437 888 231 62 supposito.
1619 888 248 62 Separatione
1817 888 132 62 dico
1900 888 116 62 non
1966 888 165 62 totius
2082 888 99 62 in

452 943 162 65 tegri:
565 943 113 65 sed
630 943 258 65 vniuersalis.
840 943 145 65 Habet
936 943 145 65 etiam
1033 943 97 65 in
1082 943 97 65 se
1130 943 162 65 formam
1243 943 129 65 quae
1324 943 113 65 est
1389 943 194 65 quiditas
1534 943 258 65 indiuiduata:
1744 943 81 65 &
1776 943 113 65 ita
1841 943 113 65 per
1906 943 129 65 eius
1970 943 178 65 separatio

441 1004 119 60 nem
509 1004 102 60 ab
560 1004 154 60 eadem
663 1004 102 60 vt
714 1004 119 60 est
782 1004 256 60 indiuiduata
987 1004 102 60 in
1038 1004 154 60 alio.
1141 1004 188 60 Callias
1277 1004 137 60 enim
1363 1004 119 60 est
1431 1004 137 60 iste
1516 1004 137 60 homo
1602 1004 256 60 participans
1807 1004 119 60 hac
1875 1004 256 60 humanitate.
2080 1004 102 60 In

448 1055 132 65 ipso
530 1055 132 65 enim
612 1055 132 65 stat
694 1055 181 65 hominis
826 1055 181 65 diuisio
958 1055 181 65 tanquam
1090 1055 247 65 vniuersalis
1287 1055 198 65 speciei:
1435 1055 82 65 &
1468 1055 99 65 in
1517 1055 132 65 ipso
1600 1055 115 65 fit
1666 1055 247 65 humanitatis
1863 1055 263 65 indiuiduatio
2061 1055 82 65 tam

447 1113 124 58 quam
524 1113 247 58 singulariter
725 1113 263 58 participatae.
942 1113 124 58 Homo
1019 1113 124 58 enim
1096 1113 108 58 non
1158 1113 247 58 participatur
1359 1113 93 58 ab
1406 1113 124 58 isto
1483 1113 170 58 homine:
1607 1113 124 58 quia
1684 1113 124 58 iste
1761 1113 124 58 homo
1839 1113 108 58 est
1901 1113 139 58 homo:
1993 1113 108 58 nec
2055 1113 93 58 in
2086 1113 62 58 ip

442 1158 102 63 so
493 1158 290 63 indiuiduatur:
731 1158 119 63 sed
800 1158 119 63 per
868 1158 153 63 ipsum
970 1158 238 63 diuiditur.
1157 1158 221 63 humanitas
1328 1158 136 63 vero
1413 1158 272 63 participatur
1634 1158 102 63 ab
1685 1158 153 63 ipso:
1787 1158 136 63 quia
1873 1158 136 63 ipse
1958 1158 119 63 non
2026 1158 119 63 est
2077 1158 68 63 hu

452 1221 207 57 manitas.
607 1221 138 57 Vnde
694 1221 121 57 nec
763 1221 225 57 humanitas
936 1221 225 57 diuiditur
1109 1221 121 57 per
1178 1221 173 57 ipsum:
1299 1221 138 57 quia
1385 1221 138 57 ipsa
1472 1221 104 57 de
1524 1221 104 57 se
1575 1221 121 57 nec
1645 1221 121 57 est
1714 1221 259 57 vniuersalis
1921 1221 121 57 nec
1973 1221 173 57 singula-

453 1263 135 65 ris:
537 1263 118 65 sed
605 1263 270 65 indiuiduatur
824 1263 101 65 in
874 1263 118 65 hoc
942 1263 84 65 &
975 1263 101 65 in
1026 1263 152 65 alio,
1127 1263 219 65 inquantum
1296 1263 270 65 singulariter
1515 1263 101 65 ab
1565 1263 185 65 vtroque
1700 1263 286 65 participatur.
1936 1263 118 65 Non
2003 1263 135 65 enim
2071 1263 84 65 est

454 1318 158 70 proprie
568 1318 100 70 hoc
626 1318 115 70 nisi
697 1318 115 70 quia
769 1318 100 70 est
826 1318 143 70 huius.
927 1318 86 70 Et
970 1318 100 70 sic
1027 1318 86 70 in
1070 1318 172 70 quolibet
1199 1318 115 70 tali
1271 1318 129 70 ratio
1357 1318 186 70 suppositi
1500 1318 158 70 sumitur
1615 1318 86 70 ex
1658 1318 158 70 speciei
1772 1318 186 70 diuisione
1916 1318 72 70 &
1944 1318 186 70 essentiae
2088 1318 86 70 in

449 1371 226 70 diuisione,
626 1371 129 70 quae
707 1371 177 70 aliquam
836 1371 274 70 compositionem
1061 1371 177 70 faciunt
1190 1371 97 70 in
1238 1371 226 70 supposito,
1416 1371 193 70 secundum
1561 1371 145 70 supra
1657 1371 258 70 determinatum
1867 1371 161 70 modum.
1980 1371 161 70 lgitur
2076 1371 81 70 hoc

457 1425 136 60 modo
542 1425 255 60 impossibile
746 1425 119 60 est
814 1425 170 60 cadere
933 1425 204 60 rationem
1086 1425 221 60 suppositi
1256 1425 102 60 in
1307 1425 136 60 deo:
1391 1425 136 60 quia
1476 1425 102 60 in
1527 1425 136 60 ipso
1612 1425 119 60 non
1680 1425 153 60 cadit
1782 1425 153 60 talis
1884 1425 238 60 compositio
2054 1425 85 60 neu

454 1481 168 65 speciei
576 1481 168 65 diuisio
698 1481 137 65 neque
789 1481 198 65 essentiae
942 1481 259 65 participatio:
1155 1481 76 65 &
1186 1481 107 65 ita
1247 1481 137 65 neque
1338 1481 137 65 cadit
1429 1481 91 65 in
1475 1481 122 65 ipso
1551 1481 198 65 huiusmodi
1704 1481 137 65 ratio
1795 1481 244 65 substantiae,
1994 1481 122 65 quae
2055 1481 91 65 ests

455 1532 119 60 sic
523 1532 255 60 subsistere.
727 1532 136 60 Dico
812 1532 187 60 quantum
948 1532 119 60 est
1016 1532 102 60 ex
1067 1532 153 60 parte
1169 1532 187 60 diuinae
1305 1532 221 60 essentiae
1474 1532 85 60 &
1508 1532 204 60 naturae.
1661 1532 187 60 Quantum
1797 1532 153 60 tamen
1899 1532 102 60 ad
1950 1532 153 60 modum
2035 1532 102 60 sigi

449 1586 188 71 ficandi
585 1586 171 71 deitas
705 1586 239 71 significat
892 1586 102 71 in
943 1586 119 71 deo
1012 1586 119 71 sub
1080 1586 188 71 ratione
1216 1586 239 71 essentiae,
1404 1586 102 71 vt
1455 1586 119 71 qua
1523 1586 153 71 habet
1625 1586 188 71 aliquid
1762 1586 136 71 esse
1847 1586 153 71 deus.
1949 1586 136 71 Deus
2035 1586 153 71 autem

457 1635 238 65 significat
644 1635 119 65 sub
712 1635 187 65 ratione
847 1635 204 65 habentis
1000 1635 102 65 in
1051 1635 102 65 se
1102 1635 221 65 deitatem,
1272 1635 119 65 non
1339 1635 136 65 dico
1424 1635 305 65 participantis.
1679 1635 102 65 Et
1730 1635 119 65 quo
1798 1635 102 65 ad
1849 1635 119 65 hoc
1916 1635 221 65 solummodo
2069 1635 85 65 ali

456 1687 110 74 qua
519 1687 141 74 ratio
613 1687 267 74 subsistentiae
833 1687 204 74 absolutae
990 1687 157 74 potest
1100 1687 204 74 intelligi
1257 1687 94 74 in
1304 1687 126 74 deo:
1383 1687 204 74 similiter
1540 1687 157 74 aliqua
1650 1687 141 74 ratio
1744 1687 188 74 absoluti
1885 1687 220 74 suppositi:
2058 1687 126 74 quem

447 1745 217 67 admodum
605 1745 336 67 intellexerunt
882 1745 276 67 philosophi
1099 1745 118 67 in
1158 1745 138 67 deo
1237 1745 158 67 vnum
1336 1745 276 67 suppositum
1553 1745 257 67 absolutum
1750 1745 237 67 secundum
1928 1745 158 67 quam
2007 1745 138 67 etiam

455 1807 200 60 rationem
605 1807 233 60 Augustinus
789 1807 200 60 loquitur
939 1807 100 60 de
989 1807 217 60 supposito
1156 1807 250 60 trinitatis,
1356 1807 100 60 vt
1406 1807 167 60 dictum
1522 1807 133 60 est.
1606 1807 100 60 In
1656 1807 117 60 quo
1722 1807 167 60 quidem
1839 1807 217 60 supposito
2006 1807 183 60 ratione

453 1852 235 66 simplicitatis
647 1852 110 66 quae
716 1852 83 66 in
757 1852 83 66 eo
798 1852 69 66 &
826 1852 83 66 in
867 1852 166 66 essentia
992 1852 97 66 est
1047 1852 180 66 aequalis,
1185 1852 110 66 bene
1254 1852 152 66 dicitur
1365 1852 110 66 quod
1434 1852 138 66 deitas
1530 1852 97 66 est
1586 1852 110 66 deus
1655 1852 69 66 &
1682 1852 193 66 econverso:
1834 1852 124 66 licet
1917 1852 97 66 non
1972 1852 152 66 dicitur
2069 1852 69 66 qui

445 1911 232 68 humanitas
624 1911 125 68 sit
695 1911 143 68 homo
784 1911 125 68 aut
855 1911 250 68 econuerso.
1052 1911 125 68 Nec
1123 1911 161 68 tamen
1230 1911 125 68 sub
1302 1911 125 68 hoc
1373 1911 178 68 nomine
1498 1911 143 68 deus
1587 1911 178 68 omnino
1712 1911 285 68 significatur
1944 1911 196 68 deitas,
2069 1911 71 68 vi

447 1955 209 66 absolute:
608 1955 112 66 sed
672 1955 96 66 vt
720 1955 112 66 sub
784 1955 177 66 aliquo,
913 1955 177 66 ratione
1041 1955 225 66 respectus,
1218 1955 96 66 vt
1266 1955 177 66 patebit
1394 1955 193 66 loquendo
1539 1955 96 66 de
1587 1955 241 66 significato
1780 1955 145 66 huius
1876 1955 177 66 nominis
2004 1955 145 66 deus.
2085 1955 64 66 Et

460 2010 112 71 sic
524 2010 192 71 absolute
668 2010 192 71 dicendum
812 2010 128 71 quod
892 2010 112 71 deo
957 2010 112 71 non
1021 2010 192 71 convenit
1165 2010 160 71 aliqua
1277 2010 144 71 ratio
1373 2010 240 71 subsistendi
1565 2010 208 71 absolute:
1726 2010 144 71 sicut
1822 2010 192 71 conuenit
1950 2010 192 71 subilantia

466 2069 132 64 quae
548 2069 115 64 est
614 2069 313 64 praedicamentum:
877 2069 132 64 siue
959 2069 132 64 quae
1041 2069 115 64 est
1107 2069 99 64 in
1157 2069 296 64 praedicamento:
1404 2069 115 64 ita
1469 2069 132 64 quod
1552 2069 115 64 non
1617 2069 214 64 conueniat
1782 2069 99 64 ei
1831 2069 132 64 alia
1914 2069 148 64 ratio
1996 2069 148 64 substan

454 2109 129 82 tiae
534 2109 129 82 quam
615 2109 97 82 in
663 2109 97 82 se
711 2109 193 82 existere
856 2109 113 82 non
920 2109 97 82 in
969 2109 129 82 alio
1049 2109 97 82 vt
1097 2109 97 82 in
1146 2109 209 82 subiecto,
1306 2109 129 82 quod
1387 2109 129 82 enim
1467 2109 209 82 subsistit
1628 2109 193 82 secundum
1773 2109 241 82 suppositum,
1966 2109 113 82 hoc
2030 2109 113 82 non
2079 2109 80 82 est

456 2168 116 80 per
523 2168 182 80 speciei
655 2168 248 80 diuisionem:
854 2168 149 80 neque
953 2168 116 80 per
1019 2168 215 80 essentiae
1184 2168 331 80 indiuiduationem:
1466 2168 116 80 sed
1532 2168 215 80 essentiae
1697 2168 83 80 &
1730 2168 182 80 speciei
1863 2168 132 80 quae
1945 2168 165 80 omnino
2061 2168 116 80 ide

459 2220 155 76 ipsum
562 2220 138 76 sunt
648 2220 103 76 re
700 2220 190 76 ratione
838 2220 86 76 &
873 2220 259 76 intentione,
1080 2220 328 76 communicatione:
1356 2220 138 76 quae
1442 2220 121 76 non
1511 2220 172 76 potest
1632 2220 155 76 fieri
1735 2220 138 76 nisi
1821 2220 121 76 per
1890 2220 224 76 relatiuam
2046 2220 103 76 dili

459 2289 196 63 ctionem:
605 2289 98 63 vt
654 2289 98 63 in
703 2289 114 63 deo
768 2289 245 63 impossibile
964 2289 114 63 sit
1029 2289 163 63 ponere
1143 2289 196 63 rationem
1290 2289 212 63 suppositi
1453 2289 130 63 nisi
1535 2289 212 63 relatiui,
1698 2289 98 63 vt
1746 2289 228 63 exponendum
1926 2289 114 63 est
1991 2289 130 63 loco
2056 2289 98 63 suo.

490 2327 97 78 Ad
539 2327 97 78 id
587 2327 130 78 quod
668 2327 194 78 arguitur
814 2327 194 78 secundo,
960 2327 130 78 quod
1041 2327 113 78 deo
1106 2327 113 78 non
1171 2327 194 78 conuenit
1317 2327 146 78 ratio
1414 2327 275 78 praedicamenti
1641 2327 259 78 substantiae:
1851 2327 130 78 quia
1932 2327 97 78 ei
1981 2327 113 78 non
2030 2327 113 78 conue

459 2380 104 81 nit
518 2380 222 81 subsistere:
696 2380 118 81 quod
770 2380 118 81 est,
844 2380 163 81 propria
962 2380 133 81 ratio
1051 2380 237 81 substantiae:
1243 2380 177 81 dicendum
1376 2380 118 81 quod
1450 2380 207 81 substantia
1613 2380 163 81 dicitur
1731 2380 74 81 a
1761 2380 237 81 subsistendo:
1953 2380 74 81 &
1982 2380 104 81 hoc
2027 2380 118 81 potest

459 2433 136 76 esse
544 2433 119 76 vel
612 2433 102 76 in
663 2433 102 76 se
713 2433 119 76 vel
781 2433 119 76 sub
849 2433 170 76 altero
968 2433 187 76 stando.
1103 2433 204 76 Secundum
1256 2433 170 76 primum
1375 2433 153 76 modum
1477 2433 237 76 subsistere
1663 2433 119 76 est
1731 2433 237 76 essentiale
1901 2433 237 76 praedicament

453 2489 267 72 substantiae:
671 2489 84 72 &
704 2489 117 72 non
771 2489 167 72 potest
888 2489 117 72 non
955 2489 217 72 conuenire
1122 2489 251 72 substantiae
1322 2489 184 72 creatae
1456 2489 217 72 inquantum
1623 2489 234 72 substantia
1807 2489 134 72 est.
1890 2489 134 72 Vnde
1957 2489 184 72 conuenito

453 2550 256 64 substantiae
658 2550 205 64 creatae:
811 2550 154 64 etiam
914 2550 102 64 si
965 2550 171 64 aliqua
1085 2550 154 64 esset
1187 2550 205 64 absoluta
1341 2550 102 64 ab
1392 2550 137 64 omni
1477 2550 239 64 accidente.
1665 2550 239 64 Subsistere
1853 2550 137 64 vero
1938 2550 188 64 secundo
2058 2550 85 64 mo-

462 2595 98 76 do
511 2595 163 76 potest
625 2595 130 76 esse
706 2595 244 76 dupliciter,
901 2595 114 76 vel
967 2595 228 76 accidenti,
1146 2595 114 76 vel
1211 2595 212 76 superiori
1374 2595 98 76 in
1422 2595 163 76 linea.
1536 2595 147 76 Primo
1634 2595 130 76 modo
1716 2595 244 76 accidentale
1911 2595 114 76 est
1960 2595 179 76 praedicam

465 2652 100 68 to
515 2652 268 68 substantiae:
733 2652 151 68 sicut
834 2652 251 68 accidentale
1035 2652 117 68 est
1102 2652 100 68 ei
1152 2652 134 68 quod
1236 2652 100 68 ei
1286 2652 218 68 inhaerent
1453 2652 285 68 praedicamenta
1688 2652 268 68 accidentium.
1906 2652 184 68 Secundo
2023 2652 117 68 modog

459 2698 164 79 nerale
573 2698 115 79 est
639 2698 131 79 omni
720 2698 278 79 praedicamento
950 2698 245 79 praeterquam
1146 2698 278 79 generalissimo
1375 2698 98 79 in
1424 2698 115 79 eo.
1489 2698 98 79 Et
1539 2698 164 79 primus
1653 2698 147 79 modus
1751 2698 245 79 subsistendi
1948 2698 82 79 (
1980 2698 98 79 vt
2013 2698 131 79 dictum

458 2753 142 79 est)
547 2753 230 79 verissime
724 2753 124 79 deo
795 2753 230 79 convenit.
972 2753 195 79 Secundo
1114 2753 160 79 autem
1220 2753 160 79 modo,
1327 2753 106 79 de
1380 2753 124 79 quo
1451 2753 213 79 procedit
1610 2753 266 79 argumentum,
1823 2753 160 79 nullo
1929 2753 142 79 modo
2000 2753 142 79 eiconm

459 2802 161 83 uenit:
571 2802 80 83 &
604 2802 145 83 forte
700 2802 96 83 ab
748 2802 129 83 illo
828 2802 145 83 facta
925 2802 112 83 est
989 2802 209 83 impositio
1150 2802 177 83 nominis
1278 2802 273 83 praedicamenti
1503 2802 257 83 substantiae.
1712 2802 177 83 Propter
1841 2802 129 83 quod
1921 2802 145 83 licet
2017 2802 129 83 deus
2082 2802 64 83 se

457 2854 183 82 cundum
585 2854 183 82 primam
713 2854 292 82 proprietatem
950 2854 128 82 rei
1023 2854 238 82 subiectae
1206 2854 238 82 verissime
1389 2854 201 82 dicitur
1535 2854 274 82 substantia,
1754 2854 219 82 secundum
1900 2854 256 82 proprietatem

459 2916 157 72 tamen
563 2916 192 72 nominis
703 2916 87 72 a
737 2916 122 72 qua
807 2916 157 72 ipsum
912 2916 157 72 nomen
1016 2916 244 72 imponitur,
1208 2916 244 72 substantia
1400 2916 192 72 proprie
1539 2916 139 72 dici
1626 2916 122 72 non
1696 2916 192 72 potest.
1835 2916 192 72 dicente
1957 2916 192 72 Augustius

466 2966 113 75 vii.
536 2966 85 75 de
579 2966 212 75 triniitate.
748 2966 99 75 ca.
804 2966 85 75 4.
847 2966 127 75 Sicut
931 2966 85 75 ab
974 2966 85 75 eo
1016 2966 113 75 quod
1086 2966 99 75 est
1143 2966 113 75 esse
1213 2966 197 75 appellatur
1368 2966 183 75 essentia:
1509 2966 99 75 ita
1566 2966 85 75 ab
1608 2966 85 75 eo
1650 2966 113 75 quod
1721 2966 99 75 est
1777 2966 197 75 subsistere
1932 2966 212 75 substantiam
2088 2966 56 75 di

466 3014 165 85 cimus.
581 3014 197 85 Absurdum
729 3014 115 85 est
795 3014 148 85 autem
893 3014 99 85 vt
943 3014 230 85 substantia
1124 3014 197 85 relatiue
1272 3014 197 85 dicatur.
1420 3014 148 85 omnis
1519 3014 132 85 enim
1601 3014 115 85 res
1667 3014 99 85 ad
1716 3014 181 85 seipsam
1848 3014 230 85 subsistit:
2012 3014 132 85 quanto

459 3068 139 74 magis
551 3068 139 74 deus:
644 3068 93 74 Si
690 3068 139 74 tamen
783 3068 154 74 dignum
891 3068 123 74 est,
968 3068 93 74 vt
1014 3068 170 74 dicatur
1138 3068 123 74 deus
1215 3068 232 74 subsistere.
1400 3068 93 74 De
1446 3068 108 74 his
1508 3068 123 74 enim
1585 3068 139 74 rebus
1678 3068 139 74 recte
1771 3068 262 74 intelligitur,
1987 3068 93 74 in
2018 3068 123 74 quicus

453 3130 223 77 subiectis
624 3130 137 77 sunt
710 3130 137 77 quae
796 3130 103 77 in
847 3130 171 77 aliquo
967 3130 206 77 subiecto
1121 3130 137 77 esse
1207 3130 223 77 dicuntur:
1378 3130 154 77 sicut
1481 3130 154 77 color
1584 3130 120 77 aut
1652 3130 154 77 forma
1755 3130 103 77 in
1806 3130 206 77 corpore,
1961 3130 86 77 &
1978 3130 171 77 caetera.

457 3185 121 91 Vnde
532 3185 166 91 propter
653 3185 242 91 proprietatem
850 3185 106 91 rei
910 3185 136 91 dicit
1001 3185 212 91 Augustinus
1167 3185 91 91 v.
1212 3185 91 91 de
1258 3185 227 91 triniitate.
1439 3185 106 91 ca.
1499 3185 106 91 ii.
1560 3185 106 91 Est
1620 3185 121 91 sine
1696 3185 227 91 dubitatione
1877 3185 227 91 substantia.
2058 3185 91 91 Et
2089 3185 60 91 rr
