2333 3787
458 292 237 108 creaturae.
644 292 119 108 Est
712 292 152 108 autem
814 292 135 108 alia
898 292 152 108 actio
1000 292 135 108 quae
1085 292 119 108 est
1152 292 169 108 factio
1271 292 203 108 alicuius
1423 292 102 108 in
1474 292 135 108 ipso
1559 292 169 108 agente
1677 292 135 108 quod
1762 292 254 108 accidentale
1965 292 119 108 est
2016 292 220 108 substantiae

461 376 196 79 agentis:
608 376 98 79 vt
657 376 114 79 est
722 376 147 79 omnis
820 376 131 79 illa
902 376 147 79 actio
1000 376 131 79 quam
1082 376 245 79 Philosophus
1278 376 196 79 appellat
1425 376 261 79 operationem:
1637 376 212 79 cuiusmodi
1801 376 147 79 actio
1899 376 196 79 secundum
2030 376 212 79 Philosophum

470 446 121 56 est
539 446 138 56 opus
625 446 294 56 beatitudinis.
867 446 86 56 &
902 446 138 56 haec
988 446 121 56 non
1057 446 207 56 convenit
1213 446 173 56 aliquo
1334 446 138 56 modo
1420 446 138 56 deo.
1506 446 138 56 Alia
1593 446 138 56 vero
1679 446 155 56 actio
1783 446 121 56 est
1852 446 138 56 quae
1938 446 121 56 est
2007 446 173 56 factio
2111 446 121 56 alicu

477 486 125 76 ius
549 486 161 76 extra
656 486 196 76 agentem
798 486 125 76 per
870 486 161 76 motum
977 486 125 76 qui
1048 486 161 76 fiuit
1155 486 107 76 ab
1208 486 178 76 agente
1333 486 107 76 in
1387 486 196 76 passum.
1530 486 143 76 haec
1619 486 125 76 est
1690 486 161 76 actio
1797 486 143 76 quae
1886 486 214 76 pertinet
2047 486 107 76 ad
2082 486 161 76 praedi-

469 538 236 70 camentum
646 538 256 70 actionis:
843 538 138 70 qua
922 538 157 70 deus
1020 538 157 70 agit
1118 538 118 70 de
1177 538 157 70 nouo
1276 538 118 70 ex
1335 538 216 70 tempore
1492 538 138 70 non
1570 538 138 70 per
1649 538 216 70 aliquam
1806 538 374 70 transmutationem
2101 538 138 70 suam:

480 590 126 85 quia
559 590 110 85 non
622 590 110 85 est
685 590 205 85 huiusmodi
843 590 142 85 actio
938 590 95 85 re
985 590 126 85 alid
1064 590 79 85 a
1095 590 110 85 sua
1158 590 174 85 actione
1285 590 174 85 aeterna
1411 590 158 85 intra:
1521 590 110 85 sed
1584 590 174 85 dicitur
1711 590 126 85 noua
1789 590 205 85 inquantum
1947 590 189 85 secundum
2073 590 158 85 determi-

481 660 215 60 nationem
642 660 125 60 per
714 660 143 60 eius
803 660 250 60 voluntatem
1000 660 215 60 antiquam
1160 660 89 60 &
1196 660 215 60 aeternam
1357 660 161 60 nouus
1464 660 215 60 effectus
1625 660 215 60 prosilit
1786 660 107 60 in
1840 660 232 60 creatura:
2018 660 143 60 quae
2090 660 143 60 statim

477 697 195 74 realem
613 697 253 74 respectum
808 697 117 74 ex
866 697 136 74 hoc
944 697 175 74 habet
1061 697 117 74 ad
1120 697 175 74 deum:
1237 697 97 74 &
1276 697 156 74 deus
1373 697 253 74 econuerso
1568 697 253 74 respectum
1763 697 234 74 secundum
1939 697 234 74 rationem
2095 697 136 74 solum

473 771 103 55 ad
524 771 240 55 creaturam,
712 771 120 55 quo
781 771 103 55 de
832 771 137 55 nouo
918 771 188 55 dicitur
1055 771 171 55 creare
1174 771 120 55 vel
1243 771 171 55 facere
1363 771 205 55 aliquid:
1516 771 86 55 &
1551 771 137 55 esse
1636 771 188 55 creator
1773 771 120 55 vel
1842 771 205 55 dominus.
1995 771 137 55 Quia
2081 771 103 55 si
2115 771 120 55 crea-

483 806 167 80 turam
594 806 167 80 fieri
705 806 111 80 de
760 806 148 80 nouo
853 806 93 80 a
890 806 130 80 deo
964 806 130 80 non
1038 806 167 80 ponit
1149 806 204 80 aliquam
1297 806 185 80 realem
1426 806 352 80 transmutationem
1722 806 111 80 in
1778 806 148 80 ipsa
1870 806 241 80 creatura,
2055 806 130 80 non
2111 806 130 80 perti

486 860 109 76 net
549 860 140 76 adhuc
642 860 202 76 huiusmodi
797 860 140 76 actio
891 860 93 76 ad
937 860 280 76 praedicamentum
1170 860 233 76 relationis:
1357 860 124 76 quia
1435 860 124 76 illa
1512 860 140 76 actio
1606 860 124 76 quae
1683 860 187 76 pertinet
1823 860 93 76 ad
1870 860 280 76 praedicamentum
2088 860 155 76 actionis

475 917 127 74 non
547 917 217 74 fundatur
710 917 145 74 nisi
801 917 109 74 in
855 917 163 74 motu,
964 917 109 74 vt
1019 917 181 74 dictum
1145 917 145 74 est.
1236 917 109 74 Si
1290 917 145 74 vero
1381 917 163 74 dicat
1490 917 199 74 aliquam
1635 917 181 74 realem
1762 917 344 74 transmutationem
2052 917 109 74 in
2106 917 145 74 ipsa
2179 917 72 74 re

484 979 202 60 creata:
631 979 129 60 aut
704 979 110 60 si
759 979 147 60 agat
851 979 202 60 mouendo
998 979 184 60 corpus
1127 979 202 60 aliquod
1274 979 239 60 localiter
1458 979 129 60 vel
1531 979 184 60 aliquo
1660 979 147 60 alio
1752 979 165 60 modo:
1862 979 276 60 quemadmodum
2064 979 184 60 mouentia

488 1022 125 68 mota
567 1022 157 68 mouent
677 1022 220 68 naturalia:
849 1022 125 68 tunc
927 1022 204 68 huiusmodi
1084 1022 141 68 actio
1178 1022 110 68 tam
1241 1022 94 68 in
1288 1022 110 68 deo
1351 1022 125 68 quam
1429 1022 94 68 in
1476 1022 204 68 creaturis
1633 1022 188 68 pertinet
1774 1022 94 68 ad
1822 1022 282 68 praedicamentum
2057 1022 204 68 actionis:
2198 1022 47 68 &

494 1080 138 70 habet
585 1080 214 70 realitatem
754 1080 76 70 &
784 1080 260 70 accntalitatem
998 1080 122 70 suam
1075 1080 138 70 totam
1167 1080 92 70 in
1212 1080 138 70 passo
1304 1080 107 70 per
1365 1080 138 70 motum
1457 1080 92 70 vt
1503 1080 92 70 in
1549 1080 107 70 quo
1610 1080 199 70 fundatur:
1763 1080 107 70 per
1824 1080 122 70 quem
1901 1080 138 70 motum
1992 1080 153 70 passum
2084 1080 153 70 realiter

483 1133 174 67 refertur
614 1133 87 67 ad
658 1133 174 67 agentem:
788 1133 102 67 non
846 1133 131 67 autem
933 1133 203 67 econverso.
1093 1133 73 67 &
1122 1133 102 67 hoc
1180 1133 102 67 tam
1238 1133 87 67 in
1281 1133 145 67 agente
1383 1133 174 67 naturali
1514 1133 116 67 quam
1586 1133 261 67 supernaturali.
1804 1133 87 67 Et
1847 1133 145 67 semper
1949 1133 174 67 secundum
2065 1133 174 67 realitatem

492 1191 120 62 suam
567 1191 270 62 praedicamentum
792 1191 135 62 actio
882 1191 75 62 &
912 1191 150 62 passio
1017 1191 105 62 non
1077 1191 150 62 habent
1182 1191 120 62 esse
1257 1191 120 62 nisi
1332 1191 90 62 in
1377 1191 150 62 passo.
1481 1191 165 62 Propter
1601 1191 120 62 quod
1676 1191 135 62 dicit
1766 1191 225 62 Philosophus
1946 1191 90 62 in
1991 1191 90 62 x.
2036 1191 165 62 physii.
2156 1191 120 62 quod

489 1238 145 67 actio
586 1238 113 67 est
650 1238 145 67 actus
747 1238 145 67 huius
844 1238 97 67 in
892 1238 129 67 hoc:
973 1238 81 67 &
1005 1238 129 67 quod
1086 1238 145 67 agens
1183 1238 242 67 denominatur
1377 1238 97 67 ab
1425 1238 97 67 eo
1473 1238 129 67 quod
1554 1238 194 67 realiter
1699 1238 113 67 est
1764 1238 97 67 in
1812 1238 145 67 alio.
1909 1238 129 67 Vnde
1990 1238 129 67 quia
2070 1238 145 67 actio
2151 1238 97 67 quae

492 1296 122 66 est
561 1296 105 66 in
614 1296 122 66 deo
683 1296 209 66 abintra,
840 1296 122 66 non
910 1296 209 66 fundatur
1067 1296 157 66 super
1171 1296 174 66 motum,
1293 1296 139 66 illa
1381 1296 157 66 nullo
1485 1296 139 66 modo
1572 1296 157 66 neque
1677 1296 227 66 respectus
1851 1296 139 66 quem
1938 1296 209 66 importat
2078 1296 174 66 pertinet

486 1348 94 66 ad
533 1348 283 66 praedicamentum
769 1348 204 66 actionis:
926 1348 79 66 &
958 1348 110 66 cum
1021 1348 110 66 hoc
1084 1348 173 66 relatio
1209 1348 94 66 de
1257 1348 267 66 praedicamento
1477 1348 189 66 actionis
1618 1348 94 66 vt
1665 1348 126 66 pura
1744 1348 126 66 est,
1823 1348 110 66 cum
1885 1348 236 66 tranffertur
2074 1348 94 66 in
2121 1348 126 66 deum
2184 1348 63 66 ca

494 1411 123 60 dit
565 1411 105 60 in
617 1411 210 60 rationem
775 1411 210 60 communem
933 1411 245 60 relationis
1126 1411 140 60 quae
1213 1411 210 60 continet
1371 1411 228 60 respectum
1547 1411 175 60 septem
1669 1411 351 60 praedicamentorum
1967 1411 210 60 secundum
2108 1411 140 60 deter-

486 1448 257 79 minationem
688 1448 312 79 suprahabitam.
945 1448 110 79 Et
1000 1448 220 79 secundum
1165 1448 129 79 hoc
1238 1448 165 79 ratio
1348 1448 312 79 praedicamenti
1605 1448 220 79 actionis
1771 1448 110 79 vt
1826 1448 220 79 actionis
1991 1448 129 79 non
2064 1448 165 79 cadit
2175 1448 110 79 in

490 1505 103 72 deo
549 1505 117 72 nisi
622 1505 103 72 sub
681 1505 161 72 ratione
799 1505 176 72 communis
931 1505 220 72 relationis:
1107 1505 132 72 sicut
1195 1505 132 72 neque
1283 1505 147 72 etiam,
1386 1505 161 72 propria
1503 1505 132 72 ratio
1591 1505 103 72 vel
1650 1505 161 72 relatio
1768 1505 250 72 praedicamenti
1973 1505 220 72 relationis,
2149 1505 88 72 vt
2179 1505 73 72 est

490 1571 138 58 vnum
576 1571 346 58 praedicamentorum
870 1571 104 58 in
922 1571 242 58 creaturis.
1146 1571 104 58 Ad
1198 1571 173 58 aliud,
1319 1571 138 58 quod
1405 1571 311 58 praedicamentum
1665 1571 242 58 relationis
1855 1571 121 58 aut
1924 1571 155 58 ratio
2027 1571 138 58 eius
2114 1571 121 58 non
2166 1571 86 58 po-

500 1611 130 65 test
581 1611 130 65 esse
662 1611 98 65 in
711 1611 130 65 deo:
792 1611 130 65 quia
874 1611 146 65 habet
971 1611 130 65 esse
1053 1611 179 65 debile:
1183 1611 195 65 Dicendum
1329 1611 130 65 quod
1411 1611 146 65 illud
1508 1611 114 65 non
1573 1611 260 65 intelligitur
1785 1611 130 65 nisi
1866 1611 114 65 quo
1931 1611 98 65 ad
1980 1611 130 65 suam
2045 1611 195 65 realitatem

502 1673 75 64 &
532 1673 269 64 accntalitatem:
756 1673 119 64 quia
831 1673 105 64 non
890 1673 134 64 habet
980 1673 105 64 eam
1040 1673 119 64 nisi
1114 1673 105 64 per
1174 1673 164 64 aliquid
1293 1673 134 64 super
1383 1673 119 64 quod
1458 1673 179 64 fundatur
1592 1673 90 64 vt
1637 1673 149 64 dictum
1741 1673 119 64 est.
1816 1673 164 64 Ratione
1935 1673 134 64 autem
2025 1673 194 64 respectus
2159 1673 90 64 sima

502 1716 179 70 pliciter
636 1716 104 70 non
696 1716 134 70 habet
786 1716 119 70 esse
860 1716 149 70 debile
965 1716 104 70 sed
1024 1716 149 70 forte.
1129 1716 104 70 Est
1189 1716 119 70 enim
1263 1716 104 70 ita
1323 1716 134 70 verum
1412 1716 119 70 esse
1487 1716 90 70 in
1532 1716 149 70 genere
1636 1716 104 70 suo
1696 1716 90 70 ad
1741 1716 134 70 aliud
1830 1716 134 70 esse,
1920 1716 164 70 quantum
2039 1716 90 70 in
2084 1716 149 70 genere
2173 1716 75 70 suo

489 1774 224 69 secundum
657 1774 112 69 se
713 1774 224 69 absolute
881 1774 168 69 esse.
1030 1774 112 69 Ad
1086 1774 205 69 vltimum
1236 1774 149 69 quod
1329 1774 168 69 ratio
1441 1774 280 69 substantiae
1665 1774 131 69 cum
1739 1774 131 69 sit
1814 1774 187 69 minime
1945 1774 261 69 dependens:
2150 1774 93 69 &
2168 1774 75 69 ra

490 1837 121 60 tio
559 1837 242 60 relationis
749 1837 121 60 cum
818 1837 121 60 sit
887 1837 173 60 maxime
1007 1837 242 60 dependens:
1197 1837 121 60 non
1266 1837 190 60 possunt
1404 1837 138 60 esse
1491 1837 155 60 simul
1594 1837 104 60 in
1646 1837 173 60 eodem:
1767 1837 207 60 dicendum
1922 1837 138 60 quod
2008 1837 155 60 aliud
2112 1837 121 60 est
2164 1837 86 60 re-

492 1877 155 68 latio
595 1877 138 68 siue
681 1877 241 68 respectus,
870 1877 155 68 aliud
973 1877 138 68 vero
1059 1877 275 68 dependentia:
1283 1877 86 68 &
1317 1877 189 68 accidit
1455 1877 224 68 relationi
1627 1877 258 68 dependentia
1833 1877 189 68 propter
1971 1877 172 68 debile
2091 1877 138 68 esse
2160 1877 86 68 su-

493 1934 126 81 per
565 1934 144 81 quod
655 1934 234 81 fundatur:
835 1934 180 81 qualem
962 1934 162 81 habet
1070 1934 216 81 creatura
1232 1934 108 81 ad
1286 1934 144 81 deum
1376 1934 252 81 comparata.
1574 1934 108 81 Ex
1628 1934 180 81 natura
1754 1934 162 81 autem
1863 1934 252 81 relationis
2061 1934 126 81 vel
2115 1934 126 81 respe

505 1985 139 72 ctus
592 1985 261 72 simpliciter
801 1985 174 72 nullam
923 1985 209 72 rationem
1080 1985 279 72 dependentiae
1306 1985 105 72 ab
1358 1985 139 72 alio
1445 1985 174 72 dicit:
1567 1985 122 72 sed
1637 1985 157 72 solum
1742 1985 139 72 esse
1829 1985 105 72 ad
1881 1985 174 72 aliud:
2003 1985 122 72 nec
2073 1985 139 72 vllo
2142 1985 105 72 modo

489 2037 220 77 repugnat
654 2037 110 77 ei
709 2037 147 77 quod
801 2037 129 77 est
874 2037 110 77 in
929 2037 110 77 se
984 2037 165 77 esse:
1094 2037 147 77 immo
1186 2037 165 77 summe
1296 2037 220 77 congruit
1462 2037 129 77 ei,
1535 2037 184 77 quanto
1664 2037 147 77 enim
1755 2037 202 77 aliquid
1902 2037 110 77 in
1957 2037 184 77 natura
2086 2037 92 77 &
2104 2037 147 77 essen-

491 2101 128 63 tia
564 2101 128 63 sua
637 2101 165 63 magis
748 2101 128 63 est
821 2101 257 63 absolutum,
1023 2101 165 63 tanto
1133 2101 165 63 minus
1243 2101 128 63 est
1316 2101 239 63 dependens
1500 2101 110 63 ab
1555 2101 165 63 alio:
1665 2101 92 63 &
1702 2101 165 63 magis
1812 2101 147 63 alia
1903 2101 239 63 dependent
2087 2101 110 63 ab
2124 2101 128 63 ipso:

489 2145 124 69 ita
560 2145 142 69 quod
649 2145 160 69 illud
756 2145 142 69 quod
845 2145 124 69 est
916 2145 160 69 summe
1022 2145 231 69 absolutum
1200 2145 89 69 &
1235 2145 160 69 purum
1342 2145 142 69 esse
1431 2145 338 69 simplicissimum,
1715 2145 107 69 vt
1768 2145 124 69 est
1839 2145 160 69 deus,
1946 2145 107 69 ab
1999 2145 107 69 eo
2053 2145 160 69 omnia
2141 2145 107 69 alia

500 2211 112 57 in
556 2211 131 57 suo
631 2211 149 57 esse
725 2211 187 57 habent
855 2211 318 57 dependentiam:
1117 2211 93 57 &
1154 2211 168 57 omnia
1266 2211 187 57 realem
1397 2211 243 57 respectum
1584 2211 112 57 ad
1640 2211 187 57 ipsum:
1771 2211 93 57 &
1808 2211 149 57 ipse
1902 2211 243 57 econuerso
2070 2211 168 57 respect

496 2250 195 73 rationis
642 2250 98 73 ad
691 2250 146 73 illa:
788 2250 114 73 ita
853 2250 130 73 quod
935 2250 98 73 ad
983 2250 146 73 plura
1081 2250 114 73 vel
1146 2250 163 73 plures
1260 2250 211 73 respectus
1422 2250 146 73 habet
1520 2250 130 73 quam
1601 2250 146 73 omnia
1698 2250 146 73 alia:
1796 2250 81 73 &
1828 2250 114 73 non
1893 2250 146 73 solum
1991 2250 98 73 ad
2040 2250 98 73 ea
2088 2250 130 73 quae
2153 2250 98 73 sunt

497 2304 167 69 extra
609 2304 186 69 ipsum:
739 2304 149 69 immo
832 2304 204 69 propter
981 2304 316 69 simplicitatem
1241 2304 93 69 &
1278 2304 242 69 puritatem
1464 2304 93 69 &
1501 2304 297 69 absolutionem
1742 2304 149 69 esse
1835 2304 167 69 eius,
1947 2304 167 69 habet
2058 2304 111 69 in
2095 2304 149 69 seipso

489 2363 145 76 tales
586 2363 225 76 respectus,
763 2363 161 76 quales
875 2363 97 76 in
924 2363 145 76 nulla
1020 2363 193 76 creatura
1165 2363 177 76 possunt
1294 2363 209 76 inueniri:
1455 2363 97 76 vt
1503 2363 129 76 sunt
1584 2363 209 76 respectus
1745 2363 242 76 personales,
1938 2363 97 76 vt
1986 2363 145 76 infra
2067 2363 177 76 videbitur

1139 2414 342 111 Articulus.
1407 2414 122 111 &
1432 2414 171 111 XXIll

973 2471 256 96 Equitur
1159 2471 186 96 Art.
1276 2471 116 96 &
1322 2471 233 96 XXIll.
1485 2471 140 96 de
1555 2471 419 96 proprietatibus
1905 2471 326 96 communibus
2138 2471 116 96 sub

987 2554 248 72 stantialibus
1189 2554 171 72 diuinae
1313 2554 202 72 essentiae
1469 2554 78 72 a
1500 2554 202 72 creaturis
1655 2554 217 72 attributis
1826 2554 93 72 in
1872 2554 202 72 speciali.
2028 2554 93 72 Et
2074 2554 124 72 quia
2136 2554 109 72 omnia

997 2610 257 73 essentialia
1202 2610 222 73 attributa
1373 2610 171 73 diuina
1493 2610 222 73 pertinent
1664 2610 120 73 vel
1733 2610 103 73 ad
1784 2610 257 73 intellectum
1989 2610 120 73 vel
2058 2610 103 73 ad
2092 2610 154 73 volun.-

980 2664 173 69 tatem
1095 2664 115 69 in
1152 2664 153 69 deo,
1248 2664 115 69 vt
1306 2664 211 69 patebit
1459 2664 115 69 ex
1517 2664 307 69 consequenter
1766 2664 345 69 determinandis,
2053 2664 153 69 ideo
2130 2664 115 69 cir-

989 2715 101 86 ca
1040 2715 101 86 ea
1090 2715 135 86 quae
1174 2715 135 86 sunt
1258 2715 168 86 diuini
1376 2715 252 86 intellectus
1578 2715 84 86 &
1612 2715 236 86 voluntatis
1797 2715 202 86 versatur
1948 2715 135 86 tota
2015 2715 236 86 consideratio

981 2773 105 67 de
1034 2773 228 67 huiusmodi
1209 2773 263 67 attributis:
1420 2773 158 67 circa
1525 2773 140 67 quae
1613 2773 140 67 tria
1700 2773 140 67 sunt
1788 2773 298 67 consideranda.

999 2814 177 96 Primum
1123 2814 213 96 absolute
1283 2814 106 96 de
1336 2814 124 96 eis
1407 2814 142 96 quae
1495 2814 230 96 pertinent
1672 2814 106 96 ad
1726 2814 283 96 intellectum:
1956 2814 142 96 quia
2027 2814 230 96 intellectus

986 2883 218 71 praeuius
1149 2883 127 71 est
1222 2883 109 71 ad
1259 2883 236 71 voluntatem.

993 2905 216 94 Secundum
1155 2905 126 94 est
1227 2905 216 94 absolute
1389 2905 108 94 de
1443 2905 162 94 illis
1552 2905 144 94 quae
1642 2905 234 94 pertinent
1822 2905 108 94 ad
1858 2905 234 94 voluntatem.

994 2987 209 65 Tertium
1146 2987 114 65 de
1203 2987 133 65 eis
1279 2987 152 65 quae
1374 2987 247 65 pertinent
1564 2987 114 65 ad
1621 2987 171 65 ambo,
1735 2987 266 65 comparatis
1925 2987 228 65 adinuicem.

991 3006 109 100 Et
1045 3006 145 100 quia
1136 3006 109 100 ad
1190 3006 290 100 perfectionem
1426 3006 272 100 intellectus
1644 3006 199 100 quatuor
1789 3006 272 100 concurrunt,
1988 3006 272 100 intelligibile

498 3093 97 75 vt
546 3093 211 75 obiectum,
709 3093 130 75 ipse
790 3093 244 75 intellectus
985 3093 97 75 vt
1033 3093 195 75 potentia
1180 3093 276 75 intellectiua,
1407 3093 244 75 intelligere
1602 3093 97 75 vt
1650 3093 146 75 actus
1748 3093 146 75 eius,
1845 3093 179 75 notitia
1975 3093 130 75 siue
2056 3093 195 75 scientia
2186 3093 65 75 de

503 3149 281 73 intelligibili
735 3149 99 73 ex
784 3149 132 73 actu
867 3149 264 73 intelligendi
1082 3149 165 73 habita
1198 3149 99 73 in
1247 3149 231 73 intellecti
1429 3149 182 73 tanquam
1561 3149 198 73 habitus:
1710 3149 182 73 Idcirco
1842 3149 149 73 circa
1941 3149 165 73 primum
2057 3149 182 73 illorum
2173 3149 66 73 re

490 3216 170 85 stant
603 3216 208 85 quatuor
755 3216 283 85 inquirenda.
