2322 3782
474 302 130 93 non
549 302 186 93 posset
679 302 279 93 naturaliter
902 302 186 93 videre
1032 302 130 93 vel
1106 302 297 93 intelligere.
1348 302 149 93 Quod
1441 302 111 93 si
1496 302 167 93 verum
1608 302 149 93 est,
1701 302 111 93 si
1756 302 149 93 ergo
1849 302 149 93 deus
1942 302 204 93 haberet
2072 302 186 93 propriam

475 381 196 72 speciem
617 381 124 72 per
689 381 142 72 quam
777 381 231 72 videretur
955 381 124 72 (vt
1026 381 178 72 dictum
1151 381 142 72 est)
1240 381 107 72 ab
1293 381 160 72 oculo
1400 381 267 72 intellectus
1613 381 284 72 glorificati:
1844 381 142 72 tunc
1933 381 213 72 quicquid
2093 381 142 72 ipse
2164 381 89 72 per

478 435 159 70 illam
584 435 194 70 speciem
725 435 229 70 distincte
902 435 88 70 &
937 435 265 70 determinate
1149 435 194 70 videret
1290 435 106 70 in
1343 435 176 70 diuina
1466 435 212 70 essentia
1625 435 194 70 visione
1766 435 229 70 gloriosa,
1942 435 176 70 posset
2066 435 176 70 oculus
2189 435 106 70 in

471 484 208 72 tellectus
631 484 112 72 non
695 484 240 72 glorificati
886 484 160 72 videre
998 484 128 72 idem
1078 484 96 72 in
1126 484 128 72 illa
1206 484 160 72 specie
1318 484 128 72 sibi
1397 484 176 72 obiecta
1525 484 176 72 visione
1653 484 208 72 naturali,
1813 484 144 72 licet
1909 484 112 72 non
1972 484 112 72 ita
2036 484 160 72 clare,
2148 484 96 72 vt
2180 484 80 72 sci

474 543 161 69 licet
581 543 143 69 quod
671 543 143 69 deus
760 543 125 69 est
831 543 179 69 trinus
957 543 89 69 &
992 543 143 69 vnus
1082 543 89 69 &
1117 543 197 69 caetera
1260 543 250 69 huiusmodi,
1457 543 107 69 de
1510 543 179 69 quibus
1636 543 161 69 habet
1743 543 143 69 esse
1832 543 161 69 fides
1939 543 143 69 ante
2029 543 232 69 visionem.
2189 543 54 69 &

478 598 120 70 sic
546 598 120 70 non
615 598 154 70 esset
718 598 154 70 fides
820 598 120 70 vni
889 598 257 70 intellectui
1094 598 120 70 pro
1163 598 154 70 statu
1265 598 120 70 suo
1334 598 103 70 vt
1385 598 188 70 humano,
1522 598 137 70 nisi
1608 598 103 70 de
1659 598 171 70 quibus
1779 598 154 70 alter
1882 598 257 70 intellectus
2087 598 103 70 vt
2121 598 120 70 ange-

467 649 169 71 licus
580 649 188 71 posset
711 649 188 71 habere
843 649 281 71 cognitionem
1068 649 263 71 naturalem.
1274 649 131 71 Hoc
1349 649 169 71 autem
1462 649 225 71 abhorret
1631 649 169 71 omnis
1743 649 281 71 catholicus:
1969 649 150 71 quod
2044 649 206 71 videlicet

480 704 101 67 ex
531 704 203 67 naturali
683 704 237 67 cognitione
869 704 85 67 &
903 704 186 67 visione
1038 704 203 67 alicuius
1190 704 118 67 rei
1258 704 186 67 creatae
1393 704 169 67 posset
1511 704 152 67 etiam
1613 704 186 67 tanquam
1748 704 101 67 in
1799 704 186 67 imagine
1934 704 169 67 videre
2052 704 186 67 aliquis
2187 704 101 67 in

469 750 250 72 creaturis
661 750 154 72 illa
757 750 192 72 diuina
892 750 212 72 secreta
1046 750 154 72 quae
1142 750 250 72 pertinent
1334 750 192 72 maxime
1469 750 115 72 ad
1526 750 327 72 distinctionem
1796 750 288 72 personarum:
2007 750 250 72 quemadmodum

481 809 213 67 naturali
641 809 248 67 cognitione
836 809 177 67 potest
960 809 177 67 videre
1084 809 106 67 in
1138 809 195 67 imagine
1279 809 89 67 &
1315 809 213 67 vestigio
1475 809 231 67 creaturae
1652 809 177 67 aliqua
1776 809 142 67 quae
1865 809 231 67 pertinent
2042 809 106 67 ad
2078 809 177 67 essentia

465 866 128 68 lia
538 866 238 68 attributa
721 866 128 68 dei
795 866 220 68 secundum
960 866 165 68 modum
1070 866 165 68 supra
1180 866 312 68 determinatum.
1436 866 220 68 Absolute
1601 866 147 68 ergo
1693 866 257 68 sentiendum
1895 866 128 68 est
1968 866 147 68 quod
2060 866 165 68 nulla
2151 866 92 68 spe

471 920 143 65 cies
560 920 178 65 creata
685 920 178 65 potest
810 920 143 65 esse
899 920 160 65 ratio
1006 920 196 65 videndi
1148 920 89 65 &
1184 920 285 65 intelligendi
1416 920 232 65 immediate
1594 920 196 65 diuinam
1736 920 249 65 essentiam,
1932 920 160 65 sicut
2039 920 178 65 potest
2146 920 107 65 esse

480 971 193 76 species
621 971 105 76 in
673 971 158 76 oculo
778 971 158 76 ratio
883 971 105 76 ad
936 971 210 76 videndum
1093 971 210 76 colores.
1251 971 158 76 Talia
1356 971 140 76 enim
1444 971 193 76 similia
1584 971 105 76 in
1636 971 245 76 corporibus
1829 971 245 76 imaginata,
2021 971 123 76 non
2091 971 140 76 sunt
2161 971 88 76 si-

473 1025 182 64 milia:
600 1025 145 64 immo
691 1025 145 64 sunt
782 1025 200 64 occasio
927 1025 291 64 deceptionis.
1164 1025 200 64 Finitum
1309 1025 145 64 enim
1400 1025 145 64 bene
1491 1025 182 64 potest
1619 1025 182 64 habere
1746 1025 218 64 effigiem
1909 1025 145 64 suam
2000 1025 91 64 &
2037 1025 255 64 similitudi

472 1074 130 72 nem
547 1074 112 72 ad
603 1074 168 72 aliud
714 1074 223 72 finitum,
882 1074 112 72 vt
938 1074 186 72 facies
1068 1074 205 72 hominis
1217 1074 112 72 ad
1273 1074 223 72 imaginem
1441 1074 149 72 suam
1534 1074 149 72 quae
1627 1074 205 72 apparet
1776 1074 112 72 in
1832 1074 223 72 speculo.
1999 1074 130 72 Sed
2055 1074 205 72 infinitum

470 1137 169 64 nullo
583 1137 150 64 modo
676 1137 187 64 potest
807 1137 187 64 habere
938 1137 225 64 effigiem
1107 1137 131 64 aut
1182 1137 318 64 similitudinem
1444 1137 150 64 sibi
1538 1137 225 64 propriam
1706 1137 112 64 in
1762 1137 206 64 finito,
1912 1137 131 64 non
1987 1137 169 64 solum
2080 1137 169 64 propter

477 1191 196 67 naturarum
627 1191 256 67 diuersitatem,
838 1191 166 67 creatae
959 1191 75 67 &
989 1191 196 67 increatae
1139 1191 181 67 scilicet
1275 1191 105 67 sed
1335 1191 135 67 etiam
1425 1191 166 67 propter
1546 1191 361 67 repraesentabilitatis
1862 1191 196 67 defectum.
2012 1191 256 67 Quantuncunque

475 1239 139 72 enim
561 1239 226 72 huiusmodi
735 1239 191 72 species
874 1239 191 72 eleuata
1013 1239 191 72 fuerit,
1152 1239 156 72 sicut
1256 1239 139 72 plus
1343 1239 208 72 conuenit
1499 1239 104 72 in
1551 1239 174 72 natura
1673 1239 122 72 cum
1742 1239 208 72 qualibet
1899 1239 139 72 alia
1986 1239 208 72 creatura
2142 1239 139 72 quam

478 1294 119 62 cum
546 1294 136 62 deo,
631 1294 119 62 sic
699 1294 136 62 plus
784 1294 119 62 est
852 1294 323 62 repraesentatiua
1125 1294 102 62 vt
1176 1294 187 62 propria
1312 1294 238 62 similitudo
1499 1294 136 62 eius
1584 1294 238 62 quamcunque
1771 1294 153 62 aliam
1874 1294 221 62 creaturam
2044 1294 136 62 quam
2129 1294 153 62 deum.

490 1344 136 72 Vnde
575 1344 136 72 quod
660 1344 204 72 creatura
814 1344 307 72 intellectualis
1069 1344 187 72 dicitur
1206 1344 153 72 imago
1308 1344 136 72 dei,
1393 1344 119 72 hoc
1461 1344 119 72 non
1529 1344 119 72 est
1597 1344 136 72 quia
1683 1344 119 72 sit
1751 1344 324 72 repraesentatiua
2023 1344 136 72 eius
2092 1344 170 72 secundum

474 1403 183 60 aliqua
602 1403 237 60 immediate
784 1403 110 60 in
839 1403 110 60 eo
894 1403 274 60 cognoscenda
1113 1403 146 60 quae
1204 1403 237 60 pertinent
1387 1403 110 60 ad
1442 1403 146 60 eius
1533 1403 292 60 infinitatem,
1770 1403 128 60 sed
1843 1403 146 60 quia
1935 1403 237 60 creaturas
2099 1403 146 60 caete-

480 1450 128 70 ras
553 1450 201 70 excedit
699 1450 110 70 in
754 1450 164 70 gradu
863 1450 91 70 &
900 1450 183 70 ordine
1028 1450 292 70 creaturarum,
1265 1450 91 70 &
1302 1450 128 70 non
1375 1450 128 70 est
1448 1450 164 70 imago
1558 1450 238 70 huiusmodi
1740 1450 146 70 nisi
1832 1450 201 70 quoddam
1978 1450 256 70 expressius
2161 1450 91 70 ve-

479 1504 230 69 stigium,
651 1504 134 69 non
728 1504 192 69 ducens
862 1504 115 69 in
919 1504 287 69 cognitionem
1149 1504 268 69 propriorum
1360 1504 115 69 in
1417 1504 134 69 deo
1494 1504 153 69 nisi
1590 1504 134 69 per
1666 1504 211 69 quandam
1820 1504 306 69 expressiorem
2049 1504 211 69 appropria

479 1562 201 64 tionem.
625 1562 110 64 Et
680 1562 128 64 sic
753 1562 164 64 patet
862 1562 146 64 quod
954 1562 237 64 huiusmodi
1136 1562 201 64 positio
1282 1562 128 64 qua
1355 1562 201 64 ponitur
1501 1562 146 64 deus
1593 1562 183 64 videri
1720 1562 164 64 dicto
1830 1562 146 64 modo
1921 1562 128 64 per
1994 1562 201 64 speciem
2122 1562 128 64 suam.

478 1615 197 64 incidit
621 1615 250 64 quodammodo
818 1615 107 64 in
872 1615 197 64 errorem
1015 1615 161 64 illum
1122 1615 125 64 qui
1194 1615 161 64 ponit
1301 1615 143 64 deum
1390 1615 179 64 videri
1516 1615 107 64 in
1569 1615 286 64 theophaniis,
1802 1615 161 64 licet
1909 1615 125 64 hoc
1981 1615 125 64 non
2034 1615 215 64 percipiunt

488 1669 201 74 ponentes
639 1669 134 74 eam.
722 1669 134 74 Quod
806 1669 134 74 enim
889 1669 117 74 est
956 1669 117 74 vni
1023 1669 184 74 species
1157 1669 100 74 vt
1207 1669 150 74 ratio
1307 1669 201 74 videndi,
1458 1669 167 74 alteri
1575 1669 117 74 est
1642 1669 234 74 theophania
1825 1669 100 74 vt
1876 1669 201 74 obiectum
2026 1669 167 74 visum.
2143 1669 100 74 Et
2176 1669 84 74 (vt

491 1723 198 64 videtur)
639 1723 165 64 opinio
754 1723 99 64 de
803 1723 247 64 theophaniis
1001 1723 148 64 magis
1100 1723 115 64 est
1165 1723 148 64 digna
1264 1723 115 64 deo
1330 1723 132 64 quam
1412 1723 132 64 illa
1495 1723 99 64 de
1544 1723 230 64 speciebus,
1725 1723 132 64 quia
1808 1723 132 64 illa
1890 1723 99 64 de
1939 1723 247 64 theophaniis
2120 1723 132 64 tantum

476 1774 150 61 deum
570 1774 225 61 extollit
738 1774 112 61 vt
794 1774 281 61 intellectum
1019 1774 206 61 creatum
1169 1774 112 61 ad
1225 1774 150 61 eius
1318 1774 225 61 visionem
1487 1774 262 61 immediatam
1693 1774 243 61 attingere
1880 1774 131 61 non
1955 1774 262 61 permittat.
2142 1774 112 61 ista

482 1831 150 74 vero
576 1831 112 74 de
632 1831 262 74 speciebus,
838 1831 150 74 deum
932 1831 225 74 intantum
1100 1831 243 74 deprimit,
1287 1831 112 74 vt
1344 1831 131 74 non
1418 1831 169 74 solum
1531 1831 150 74 deum
1624 1831 243 74 immediate
1812 1831 243 74 visibilem
1999 1831 112 74 ab
2036 1831 225 74 intellectu

482 1884 174 71 creato
604 1884 174 71 ponat,
725 1884 122 71 sed
795 1884 87 71 &
830 1884 157 71 totam
935 1884 296 71 visibilitatem
1178 1884 139 71 eius
1265 1884 87 71 a
1300 1884 209 71 creatura
1457 1884 226 71 rationali
1631 1884 105 71 in
1684 1884 314 71 repraesentando
1945 1884 244 71 actualiter
2119 1884 122 71 ipsum

480 1937 249 62 creaturae,
676 1937 214 62 scilicet
836 1937 231 62 huiusmodi
1014 1937 196 62 speciei
1157 1937 178 62 mediae
1281 1937 196 62 tribuit
1423 1937 142 62 quod
1512 1937 160 62 valde
1619 1937 214 62 absurdum
1779 1937 142 62 est.
1868 1937 107 62 In
1922 1937 142 62 ipso
2011 1937 142 62 enim
2100 1937 196 62 aliquid

475 1991 237 68 immediate
657 1991 201 68 videtur
803 1991 146 68 quod
894 1991 237 68 exprimere
1077 1991 109 68 in
1131 1991 310 68 possibilitate
1387 1991 237 68 creaturae
1569 1991 128 68 non
1642 1991 219 68 existit.
1806 1991 146 68 Vnde
1897 1991 146 68 ista
1989 1991 201 68 positio
2116 1991 128 68 seip-

476 2043 127 64 sam
549 2043 218 64 occidit,
712 2043 146 64 quia
804 2043 328 64 contradictoria
1077 2043 237 64 implicat.
1259 2043 109 64 Si
1313 2043 146 64 enim
1404 2043 200 64 aliquid
1550 2043 127 64 per
1623 2043 200 64 speciem
1768 2043 200 64 creatam
1914 2043 200 64 finitam
2060 2043 200 64 videtur
2187 2043 73 64 vt

476 2098 125 70 per
547 2098 303 70 repraesentans
797 2098 231 70 perfectum
975 2098 89 70 &
1010 2098 231 70 proprium,
1188 2098 107 70 vt
1242 2098 214 70 videtur,
1402 2098 231 70 infinitum
1580 2098 125 70 non
1651 2098 142 70 est,
1740 2098 89 70 &
1775 2098 107 70 si
1829 2098 231 70 infinitum
2007 2098 125 70 non
2078 2098 142 70 est,
2149 2098 107 70 deus

480 2151 126 66 non
552 2151 144 66 est.
642 2151 108 66 Si
697 2151 144 66 quid
787 2151 144 66 ergo
877 2151 199 66 videtur
1021 2151 126 66 per
1094 2151 217 66 speciem,
1256 2151 144 66 deus
1346 2151 126 66 non
1419 2151 144 66 est.
1509 2151 162 66 Sicut
1617 2151 144 66 ergo
1707 2151 235 66 principia
1888 2151 271 66 cognoscimus
2105 2151 181 66 cogno-

482 2204 183 71 scendo
610 2204 237 71 terminos,
792 2204 110 71 vt
847 2204 274 71 cognoscendo
1066 2204 146 71 quid
1157 2204 256 71 significet
1358 2204 183 71 totum,
1486 2204 91 71 &
1523 2204 146 71 quid
1614 2204 256 71 significet
1815 2204 164 71 pars,
1924 2204 91 71 &
1961 2204 146 71 quid
2034 2204 219 71 significet

490 2262 176 68 maius,
614 2262 176 68 statim
737 2262 141 68 sine
825 2262 229 68 vlteriori
1001 2262 246 68 deductione
1194 2262 264 68 cognoscimus
1405 2262 141 68 quod
1493 2262 158 68 totum
1599 2262 123 68 est
1669 2262 158 68 maius
1775 2262 123 68 sua
1845 2262 176 68 parte:
1968 2262 123 68 Sic
2039 2262 106 68 in
2074 2262 176 68 proposi-

472 2313 117 66 to
531 2313 293 66 cognoscendo
766 2313 156 66 quid
864 2313 274 66 significet
1079 2313 176 66 nomen
1196 2313 176 66 deus,
1313 2313 98 66 &
1352 2313 176 66 nomen
1470 2313 137 66 hoc
1548 2313 156 66 quod
1646 2313 137 66 est
1724 2313 235 66 species,
1900 2313 98 66 &
1939 2313 156 66 quid
2037 2313 196 66 verbum
2154 2313 98 66 hoc

478 2367 136 68 quod
563 2367 119 68 est
631 2367 186 68 videri,
766 2367 169 68 statim
885 2367 254 68 cognoscitur
1088 2367 85 68 a
1122 2367 119 68 sic
1190 2367 271 68 intelligente
1410 2367 254 68 significata
1613 2367 220 68 huiusmodi
1783 2367 152 68 vocum
1884 2367 136 68 quod
1969 2367 136 68 deus
2054 2367 119 68 per
2105 2367 152 68 speciem

480 2421 219 70 propriam
644 2421 237 70 visibilis
827 2421 128 70 aut
900 2421 329 70 intelligibilis
1174 2421 219 70 secundum
1338 2421 146 70 suam
1429 2421 237 70 essentiam
1612 2421 128 70 non
1685 2421 146 70 est:
1776 2421 110 70 vt
1831 2421 219 70 ponentes
1995 2421 128 70 hoc
2050 2421 201 70 videantur

487 2471 215 70 propriam
648 2471 161 70 vocem
756 2471 233 70 ignorare.
935 2471 108 70 Si
989 2471 143 70 vero
1079 2471 197 70 species
1222 2471 143 70 illa
1312 2471 197 70 ponatur
1455 2471 126 70 non
1527 2471 108 70 vt
1581 2471 197 70 videndi
1724 2471 179 70 ratio,
1850 2471 126 70 sed
1921 2471 108 70 vt
1975 2471 197 70 videnti
2119 2471 179 70 aliquo

484 2529 145 69 modo
574 2529 272 69 necessaria,
792 2529 145 69 quae
882 2529 163 69 tamen
991 2529 127 69 non
1064 2529 127 69 sit
1136 2529 254 69 expressiua
1335 2529 163 69 eorum
1444 2529 145 69 quae
1534 2529 109 69 in
1589 2529 127 69 deo
1661 2529 199 69 videnda
1806 2529 163 69 sunt:
1915 2529 145 69 huic
2005 2529 127 69 non
2060 2529 199 69 contraria

477 2582 148 70 mur.
569 2582 222 70 secundum
735 2582 148 70 quod
828 2582 111 70 in
883 2582 185 70 quadam
1012 2582 148 70 alia
1105 2582 259 70 quaestione
1308 2582 111 70 de
1363 2582 222 70 quolibet
1530 2582 277 70 exposuimus.
1788 2582 111 70 Ad
1844 2582 296 70 auctoritatem
2065 2582 185 70 Augustin

488 2634 105 64 ni
541 2634 140 64 quae
629 2634 193 64 videtur
769 2634 123 64 pro
839 2634 158 64 ipsis
945 2634 158 64 esse:
1050 2634 211 64 dicendum
1208 2634 105 64 ad
1261 2634 193 64 literam
1401 2634 140 64 quod
1489 2634 246 64 Augustinus
1682 2634 123 64 non
1752 2634 211 64 loquitur
1910 2634 123 64 ibi
1980 2634 105 64 de
2015 2634 246 64 similitudine

485 2683 145 73 quae
576 2683 127 73 est
648 2683 200 73 species
793 2683 236 73 informans
975 2683 272 73 intellectum
1192 2683 127 73 qua
1265 2683 181 73 videt,
1392 2683 91 73 &
1428 2683 127 73 qua
1501 2683 109 73 vt
1555 2683 127 73 per
1628 2683 254 73 principium
1828 2683 200 73 formale
1973 2683 181 73 elicit
2100 2683 163 73 actum
2190 2683 73 73 vi

482 2744 168 58 dendi
594 2744 205 58 diuinam
744 2744 243 58 essentiam
931 2744 168 58 nude:
1043 2744 131 58 sed
1117 2744 112 58 de
1174 2744 299 58 similitudine
1416 2744 149 58 quae
1510 2744 131 58 est
1584 2744 187 58 verbum
1715 2744 243 58 conceptum
1902 2744 112 58 de
1958 2744 131 58 deo
2033 2744 112 58 in
2070 2744 187 58 intelle-

483 2794 131 61 ctu
558 2794 131 61 per
633 2794 168 61 actum
745 2794 299 61 intelligendi
987 2794 168 61 deum,
1099 2794 131 61 sed
1174 2794 131 61 per
1249 2794 205 61 speciem
1398 2794 261 61 creaturae,
1604 2794 243 61 cuiusmodi
1790 2794 131 61 est
1865 2794 168 61 illud
1977 2794 187 61 verbum
2108 2794 112 61 in
2164 2794 131 61 quo

489 2845 262 73 concipitur
695 2845 93 73 &
732 2845 299 73 intelligitur
975 2845 112 73 vt
1031 2845 112 73 in
1087 2845 112 73 eo
1144 2845 150 73 quod
1237 2845 150 73 quid
1330 2845 131 73 est
1405 2845 112 73 de
1461 2845 112 73 re
1517 2845 150 73 apud
1611 2845 299 73 intellectum,
1854 2845 131 73 cum
1929 2845 150 73 ipsa
2022 2845 131 73 sit
2097 2845 187 73 absens
2209 2845 56 73 &

484 2902 154 64 extra
587 2902 274 64 intellectum.
809 2902 103 64 Et
860 2902 120 64 sic
929 2902 154 64 nihil
1031 2902 120 64 est
1100 2902 120 64 pro
1168 2902 154 64 ipsis
1271 2902 120 64 quo
1339 2902 103 64 ad
1391 2902 154 64 illam
1493 2902 188 64 speciem
1630 2902 137 64 quam
1716 2902 239 64 intendunt.
1904 2902 103 64 Et
1955 2902 137 64 quod
2041 2902 120 64 ita
2109 2902 137 64 sit,
2177 2902 86 64 ex-

480 2955 178 70 ponit
599 2955 198 70 litera
737 2955 257 70 Augustini
935 2955 158 70 quae
1034 2955 138 70 ita
1113 2955 198 70 dicit.
1251 2955 257 70 Inquantum
1449 2955 158 70 deum
1548 2955 237 70 nouimus,
1726 2955 218 70 similes
1884 2955 119 70 ei
1944 2955 198 70 sumus.
2082 2955 138 70 sed
2161 2955 138 70 non

485 3007 113 63 ad
542 3007 300 63 aequalitatem
785 3007 225 63 similes,
954 3007 150 63 quia
1048 3007 131 63 nec
1123 3007 188 63 tantum
1255 3007 131 63 eum
1330 3007 206 63 nouimus
1480 3007 206 63 quantus
1630 3007 150 63 ipse
1724 3007 150 63 est.
1817 3007 94 63 &
1855 3007 225 63 sequitur
2024 3007 150 63 quod
2099 3007 150 63 assum-

474 3062 153 71 ptum
569 3062 134 71 est
646 3062 114 71 in
703 3062 267 71 argumento.
913 3062 134 71 Cum
989 3062 153 71 deum
1084 3062 286 71 cognoscimus
1313 3062 134 71 fit
1390 3062 191 71 aliqua
1523 3062 134 71 dei
1599 3062 286 71 similitudo,
1828 3062 134 71 sed
1905 3062 286 71 interponit.
2114 3062 134 71 Maxi-

475 3113 119 72 me
535 3113 139 72 cum
614 3113 179 72 eadem
733 3113 218 72 notitia
892 3113 218 72 placita
1051 3113 238 72 digneque
1229 3113 179 72 amata
1348 3113 198 72 verbum
1487 3113 159 72 est.
1586 3113 159 72 Vnde
1686 3113 139 72 cum
1765 3113 238 72 creatura
1944 3113 298 72 cognoscitur
2162 3113 99 72 per

462 3170 156 85 suam
560 3170 215 85 speciem
716 3170 117 85 in
775 3170 293 85 intellectu,
1009 3170 98 85 &
1048 3170 137 85 per
1126 3170 176 85 actum
1243 3170 312 85 intelligendi
1496 3170 234 85 formatur
1672 3170 117 85 de
1730 3170 176 85 eadem
1847 3170 195 85 verbum
1984 3170 234 85 notitiae
2140 3170 117 85 eius
