2280 3760
23 320 276 84 intelligendi
247 320 138 84 deum
333 320 104 84 ab
385 320 242 84 intellectu
575 320 173 84 beato,
696 320 207 84 loquitur
851 320 138 84 Hug.
937 320 121 84 vbi
1006 320 155 84 supra
1110 320 190 84 dicens.
1248 320 155 84 Sicut
1352 320 121 84 duo
1421 320 155 84 sunt,
1524 320 173 84 lumen,
1645 320 86 84 &
1679 320 138 84 quid

29 398 223 73 suscipit
197 398 168 73 lumen
309 398 205 73 corpus,
457 398 93 73 &
495 398 112 73 ex
551 398 130 73 his
625 398 186 73 duobus
755 398 149 73 vnum
848 398 242 73 efficitur
1034 398 205 73 lucens,
1183 398 93 73 &
1221 398 168 73 ipsum
1332 398 186 73 lucens
1463 398 168 73 imago
1574 398 242 73 quodammo-

25 449 107 67 do
79 449 142 67 est,
168 449 89 67 &
203 449 249 67 similitudo
399 449 196 67 luminis
541 449 107 67 in
594 449 107 67 eo
648 449 142 67 quod
737 449 160 67 lucet
843 449 160 67 sicut
950 449 160 67 ipsum
1057 449 178 67 lumen,
1181 449 125 67 ita
1252 449 89 67 &
1288 449 142 67 deus
1377 449 178 67 noster
1501 449 160 67 lumen
1608 449 142 67 est,
1697 449 89 67 &
1715 449 71 67 ve

12 506 131 65 rum
87 506 169 65 lumen
200 506 150 65 est,
294 506 94 65 &
332 506 169 65 ipsum
444 506 169 65 lumen
557 506 263 65 rationales
764 506 169 65 animi
876 506 169 65 mundi
989 506 94 65 &
1027 506 150 65 puri
1121 506 263 65 excipiunt,
1327 506 94 65 &
1365 506 113 65 ex
1421 506 113 65 eo
1477 506 225 65 lucentes
1628 506 150 65 fiunt,

25 557 92 64 &
61 557 128 64 non
135 557 147 64 sunt
226 557 147 64 ipsi
318 557 165 64 imago
428 557 202 64 luminis
575 557 110 64 in
630 557 110 64 eo
685 557 147 64 quod
777 557 165 64 sunt:
887 557 128 64 sed
960 557 110 64 in
1015 557 110 64 eo
1070 557 147 64 quod
1162 557 183 64 lucent
1291 557 110 64 ex
1346 557 202 64 lumine,
1492 557 165 64 sicut
1603 557 165 64 ipsum
1694 557 92 64 lu-

23 613 129 59 men
96 613 184 59 lucet.
225 613 111 59 Et
281 613 147 59 sunt
373 613 147 59 ipsa
465 613 221 59 lucentia
631 613 276 59 theophaniae
852 613 221 59 luminis,
1018 613 111 59 in
1073 613 184 59 quibus
1202 613 166 59 lumen
1312 613 221 59 videtur,
1478 613 203 59 quoniam
1626 613 92 59 a
1644 613 129 59 nullo

21 665 168 61 lumen
133 665 262 61 videretur,
339 665 112 61 si
395 665 187 61 nullus
526 665 93 61 a
564 665 187 61 lumine
694 665 337 61 illuminaretur.
975 665 131 61 Nam
1050 665 93 61 &
1087 665 131 61 qui
1162 665 112 61 in
1218 665 112 61 se
1274 665 168 61 lumen
1386 665 187 61 videt,
1517 665 224 61 profecto
1686 665 131 61 non

23 723 196 66 videret
166 723 143 66 nisi
255 723 214 66 luceret,
416 723 89 66 &
452 723 107 66 se
505 723 214 66 lucentem
666 723 125 66 non
737 723 214 66 videret.
898 723 125 66 Sic
969 723 143 66 ergo
1059 723 125 66 (vt
1130 723 179 66 dicit)
1255 723 125 66 non
1327 723 286 66 constituimus
1559 723 161 66 aliud
1648 723 125 66 inter

14 771 151 58 deum
109 771 208 58 nostrum
260 771 94 58 &
297 771 151 58 nos:
392 771 132 58 sed
467 771 245 58 immediate
656 771 151 58 viam
750 771 208 58 scimus,
902 771 94 58 &
939 771 170 58 nobis
1053 771 113 58 ad
1109 771 189 58 ipsum,
1241 771 94 58 &
1279 771 151 58 ipsi
1374 771 170 58 vsque
1487 771 113 58 ad
1543 771 151 58 nos:
1638 771 113 58 vt
1676 771 94 58 si-

19 825 113 75 mus
83 825 97 75 in
132 825 129 75 ipso
212 825 81 75 &
245 825 129 75 ipse
325 825 97 75 in
374 825 161 75 nobis.
487 825 97 75 Et
535 825 177 75 alludit
664 825 145 75 illi,
761 825 129 75 quod
841 825 177 75 dicitur
971 825 113 75 Io.
1035 825 145 75 xvii.
1132 825 145 75 Sicut
1229 825 97 75 tu
1277 825 145 75 pater
1374 825 97 75 in
1422 825 113 75 me,
1487 825 81 75 &
1519 825 113 75 ego
1583 825 97 75 in
1632 825 113 75 te,
1696 825 97 75 vt
1729 825 48 75 &

16 879 138 60 ipsi
102 879 104 60 in
154 879 155 60 nobis
257 879 138 60 vnum
344 879 155 60 sint.
447 879 104 60 Et
499 879 121 60 ego
568 879 242 60 claritatem
758 879 138 60 quam
845 879 190 60 dedisti
983 879 138 60 mihi
1069 879 138 60 dedi
1155 879 138 60 eis:
1242 879 104 60 vt
1294 879 138 60 sint
1380 879 155 60 vnum,
1483 879 155 60 sicut
1587 879 86 60 &
1622 879 121 60 nos
1673 879 104 60 vnum

21 931 171 54 sumus,
141 931 120 54 ego
209 931 103 54 in
260 931 137 54 eis,
346 931 86 54 &
380 931 103 54 tu
431 931 103 54 in
483 931 120 54 me:
551 931 103 54 vt
603 931 137 54 sint
688 931 240 54 consummati
876 931 103 54 in
928 931 154 54 vnum:
1030 931 103 54 vt
1082 931 188 54 videant
1218 931 240 54 claritatem
1407 931 137 54 meam
1492 931 137 54 quam
1578 931 188 54 dedisti
1697 931 86 54 mi-

22 985 127 57 hi.
94 985 145 57 Vnde
185 985 90 57 &
221 985 145 57 Hug.
311 985 217 57 exponens
474 985 181 57 aliter
601 985 145 57 quam
691 985 163 57 prius
800 985 163 57 illud
909 985 235 57 Dionysii,
1089 985 271 57 Caelestibus
1307 985 181 57 quidem
1433 985 235 57 essentiis
1596 985 181 57 supermum

24 1039 162 69 danae,
137 1039 162 69 dicit.
250 1039 226 69 Quaecumque
428 1039 243 69 inuisibilia
622 1039 146 69 nobis
719 1039 113 69 per
784 1039 226 69 sensibiles
962 1039 307 69 demonstrationes
1220 1039 210 69 proposita
1382 1039 81 69 &
1414 1039 243 69 manifestata
1608 1039 146 69 sunt,
1689 1039 81 69 cae

20 1091 214 62 lestibus
181 1091 232 62 essentiis
359 1091 304 62 spiritualiter
609 1091 125 62 per
681 1091 161 62 nudam
788 1091 89 62 &
824 1091 232 62 simplicem
1002 1091 232 62 veritatem
1181 1091 232 62 impressam
1359 1091 214 62 reuelata
1520 1091 161 62 sunt.
1663 1091 107 62 Ad
1699 1091 71 62 ar

35 1154 195 69 gumentum
181 1154 97 69 in
229 1154 227 69 oppositum:
408 1154 97 69 si
457 1154 130 69 deus
538 1154 292 69 intelligibilis
781 1154 146 69 esset
879 1154 114 69 per
943 1154 162 69 aliud,
1057 1154 146 69 esset
1154 1154 178 69 aliquid
1284 1154 146 69 prius
1382 1154 97 69 eo
1430 1154 276 69 intelligibile
1657 1154 81 69 &
1674 1154 97 69 sima

27 1204 212 68 plicius:
186 1204 212 68 Dicendum
345 1204 141 68 quod
433 1204 159 68 verum
539 1204 141 68 est,
627 1204 106 68 si
680 1204 124 68 per
751 1204 159 68 aliud
857 1204 106 68 re
910 1204 88 68 &
945 1204 247 68 obiectiue.
1139 1204 141 68 Nunc
1227 1204 159 68 autem
1333 1204 194 68 deitas,
1474 1204 212 68 veritas,
1633 1204 88 68 &
1651 1204 124 68 omnia

25 1260 228 67 attributa
201 1260 158 67 inter
306 1260 105 67 se
358 1260 123 67 cum
428 1260 175 67 diuina
551 1260 210 67 essentia
709 1260 193 67 idipsum
849 1260 140 67 sunt
936 1260 123 67 re:
1006 1260 228 67 differunt
1181 1260 158 67 autem
1287 1260 140 67 sola
1374 1260 210 67 ratione,
1532 1260 193 67 propter
1672 1260 140 67 quam

20 1309 131 59 bene
101 1309 213 59 contingit
265 1309 114 59 (vt
330 1309 164 59 dictum
445 1309 131 59 est)
527 1309 131 59 quod
608 1309 164 59 deitas
723 1309 180 59 ratione
854 1309 114 59 qua
919 1309 180 59 deitas,
1050 1309 114 59 non
1115 1309 114 59 est
1181 1309 294 59 intelligibilis
1426 1309 114 59 per
1492 1309 114 59 se:
1557 1309 114 59 sed
1622 1309 114 59 sub
1672 1309 114 59 ratio

26 1364 98 63 ne
75 1364 114 63 qua
140 1364 195 63 veritas.
286 1364 81 63 &
319 1364 114 63 sic
384 1364 98 63 de
433 1364 212 63 caeteris:
595 1364 98 63 vt
644 1364 163 63 dictum
758 1364 130 63 est.
839 1364 81 63 &
872 1364 114 63 sic
937 1364 114 63 non
1002 1364 195 63 sequitur
1148 1364 130 63 quod
1230 1364 130 63 deus
1311 1364 114 63 sit
1376 1364 293 63 intelligibilis
1620 1364 114 63 per
1669 1364 114 63 aliud

28 1411 158 69 prius
134 1411 123 69 aut
204 1411 245 69 simplicius
396 1411 123 69 eo:
466 1411 123 69 sed
536 1411 123 69 per
607 1411 158 69 idem:
712 1411 123 69 sub
782 1411 140 69 alia
869 1411 88 69 &
904 1411 140 69 alia
992 1411 210 69 ratione.

345 1503 134 75 lrca
429 1503 185 75 tertium
563 1503 218 75 arguitur,
731 1503 134 75 quod
815 1503 151 75 ratio
916 1503 268 75 intelligendi
1134 1503 134 75 deum
1217 1503 117 75 non
1285 1503 117 75 sit
1352 1503 151 75 ratio
1452 1503 268 75 intelligendi
1654 1503 117 75 omnia

339 1570 158 57 alia.
445 1570 158 57 Primo
550 1570 141 57 sic.
638 1570 158 57 Nihil
744 1570 123 57 est
814 1570 158 57 ratio
920 1570 281 57 intelligendi
1148 1570 158 57 illud
1254 1570 88 57 a
1289 1570 123 57 quo
1359 1570 158 57 habet
1465 1570 176 57 summam
1570 1570 211 57 distantiam

303 1599 107 85 l&
357 1599 303 85 diuersitatem:
606 1599 143 85 quia
695 1599 160 85 nihil
802 1599 285 85 intelligitur
1034 1599 143 85 nisi
1123 1599 125 85 per
1194 1599 143 85 sibi
1283 1599 267 85 conveniens.
1497 1599 125 85 sed
1568 1599 143 85 omne
1657 1599 160 85 aliud

334 1673 100 66 la
384 1673 117 66 deo
451 1673 167 66 summam
567 1673 233 66 distantiam
751 1673 83 66 &
784 1673 266 66 diuersitatem
1000 1673 150 66 habet
1100 1673 83 66 a
1134 1673 133 66 deo,
1217 1673 83 66 &
1250 1673 117 66 ita
1317 1673 150 66 etiam
1417 1673 83 66 a
1450 1673 183 66 ratione
1567 1673 216 66 intelligen-

333 1716 103 82 di
384 1716 138 82 eius
470 1716 138 82 quae
556 1716 120 82 est
625 1716 155 82 ipse:
729 1716 103 82 vt
780 1716 155 82 patet
883 1716 103 82 ex
935 1716 155 82 supra
1038 1716 206 82 habitis.
1193 1716 138 82 ergo
1279 1716 120 82 &c.
1382 1716 189 82 Secundo
1520 1716 138 82 sic.
1606 1716 120 82 Vna
1658 1716 120 82 ratio

335 1783 264 58 intelligendi
549 1783 116 58 non
615 1783 116 58 est
681 1783 132 58 nisi
764 1783 149 58 vnius
863 1783 248 58 intellecti,
1061 1783 149 58 sicut
1160 1783 116 58 non
1226 1783 116 58 est
1292 1783 116 58 vna
1358 1783 149 58 ratio
1457 1783 182 58 essendi
1589 1783 132 58 nisi
1655 1783 116 58 vnius

326 1833 168 63 entis:
444 1833 134 63 quia
528 1833 151 63 eadem
629 1833 118 63 vel
696 1833 336 63 proportionabilia
981 1833 134 63 sunt
1065 1833 218 63 principia
1233 1833 185 63 essendi
1368 1833 84 63 &
1401 1833 269 63 cognoscendi.
1603 1833 168 63 secundum

33 1884 243 65 philosophum
227 1884 97 65 in
275 1884 178 65 secundo
405 1884 243 65 metaphysiy.
599 1884 129 65 deus
680 1884 81 65 &
712 1884 194 65 creatura
858 1884 113 65 non
923 1884 129 65 sunt
1003 1884 129 65 idem
1084 1884 259 65 intellectum.
1295 1884 129 65 ergo
1376 1884 113 65 &c.
1473 1884 162 65 Tertio
1586 1884 129 65 sic.
1651 1884 129 65 Infini

21 1943 120 57 tum
89 1943 120 57 non
158 1943 172 57 potest
278 1943 137 57 esse
364 1943 154 57 ratio
467 1943 275 57 intelligendi
690 1943 206 57 finitum:
844 1943 137 57 quia
930 1943 154 57 inter
1033 1943 137 57 ipsa
1119 1943 154 57 nulla
1222 1943 120 57 est
1291 1943 240 57 proportio.
1479 1943 154 57 Ratio
1582 1943 154 57 autem
1685 1943 120 57 qua

23 1995 137 70 deus
108 1995 273 70 intelligitur
330 1995 119 70 est
398 1995 222 70 infinita,
569 1995 85 70 &
603 1995 222 70 quaelibet
774 1995 205 70 creatura
928 1995 188 70 finita.
1064 1995 137 70 ergo
1149 1995 119 70 &c.
1252 1995 171 70 Quarto
1371 1995 137 70 sic.
1457 1995 119 70 Res
1525 1995 119 70 non
1593 1995 171 70 scitur
1696 1995 85 70 per

24 2050 89 59 id
69 2050 119 59 quod
143 2050 104 59 non
203 2050 104 59 est
262 2050 119 59 idem
337 2050 134 59 sibi:
426 2050 104 59 sed
485 2050 193 59 separatum
634 2050 89 59 ab
679 2050 104 59 ea.
738 2050 179 59 secundum
872 2050 119 59 quod
947 2050 119 59 vult
1021 2050 223 59 philosophus
1200 2050 89 59 in
1244 2050 119 59 vii.
1319 2050 134 59 meta.
1408 2050 149 59 contra
1512 2050 179 59 Platonem
1646 2050 89 59 de
1676 2050 104 59 ideis

34 2105 195 57 ponentem
180 2105 211 57 (secundum
342 2105 130 57 quod
423 2105 97 57 ei
472 2105 243 57 Aristoteles
667 2105 195 57 imponit)
813 2105 130 57 quod
894 2105 162 57 essent
1007 2105 211 57 separatae
1170 2105 81 57 a
1202 2105 162 57 rebus:
1316 2105 81 57 &
1348 2105 146 57 tamen
1445 2105 146 57 esset
1543 2105 162 57 nostra
1640 2105 130 57 scien-

34 2152 119 65 tia
102 2152 119 65 per
170 2152 170 65 ipsas.
289 2152 119 65 sed
357 2152 119 65 quo
425 2152 136 65 ipse
509 2152 136 65 deus
594 2152 119 65 est
662 2152 323 65 intelligibilis,
934 2152 119 65 est
1002 2152 102 65 id
1053 2152 136 65 quod
1138 2152 136 65 ipse
1223 2152 136 65 est,
1308 2152 221 65 separatum
1477 2152 170 65 omnino
1596 2152 102 65 ab
1647 2152 102 65 eo
1681 2152 102 65 quod

30 2201 119 80 est
98 2201 153 80 aliud
200 2201 102 80 ab
251 2201 153 80 ipso.
352 2201 136 80 ergo
437 2201 119 80 &c.
539 2201 102 80 In
590 2201 238 80 contrarium
777 2201 136 80 est:
862 2201 187 80 quoniam
997 2201 153 80 ratio
1099 2201 272 80 intelligendi
1320 2201 119 80 rem
1388 2201 221 80 respondet
1557 2201 187 80 rationi
1676 2201 102 80 per-

40 2257 188 73 fectionis
184 2257 116 73 eius
256 2257 87 73 in
300 2257 130 73 esse.
386 2257 130 73 Eadem
473 2257 116 73 enim
545 2257 173 73 secundum
676 2257 231 73 philosophum.
863 2257 101 73 ii.
921 2257 130 73 meta.
1008 2257 116 73 sunt
1080 2257 188 73 principia
1225 2257 159 73 essendi
1340 2257 72 73 &
1369 2257 231 73 cognoscendi.
1557 2257 101 73 Sed
1615 2257 130 73 ratio
1687 2257 87 73 per-

29 2314 203 60 fectionis
186 2314 109 60 qua
248 2314 125 60 deus
326 2314 203 60 perfectus
483 2314 109 60 est
545 2314 94 60 in
592 2314 141 60 esse,
686 2314 109 60 est
748 2314 141 60 ratio
842 2314 250 60 perfectionis
1045 2314 156 60 omnium
1155 2314 94 60 in
1202 2314 141 60 esse:
1295 2314 125 60 quia
1374 2314 94 60 in
1420 2314 94 60 se
1467 2314 156 60 omnium
1561 2314 219 60 perfectiones

29 2365 109 72 in
83 2365 145 72 esse
174 2365 235 72 continet.
355 2365 145 72 ergo
445 2365 90 72 &
481 2365 163 72 ratio
590 2365 271 72 cognitionis
807 2365 145 72 dei:
897 2365 127 72 est
970 2365 163 72 ratio
1078 2365 271 72 cognitionis
1296 2365 181 72 omnium
1422 2365 217 72 aliorum.
1585 2365 145 72 ergo
1658 2365 90 72 &c.

61 2424 223 64 Quaestio
228 2424 149 64 ista
321 2424 186 64 omnino
452 2424 261 64 necessaria
657 2424 130 64 est
731 2424 112 64 ad
787 2424 223 64 sciendum
955 2424 223 64 perfecte
1122 2424 410 64 intelligibilitatem
1476 2424 149 64 dei.
1569 2424 168 64 Sicut
1662 2424 112 64 enim

40 2482 87 61 ad
83 2482 173 61 perfecte
213 2482 173 61 sciendum
343 2482 115 61 esse
415 2482 101 61 dei
472 2482 101 61 non
530 2482 173 61 sufficit
660 2482 130 61 scire
747 2482 216 61 simpliciter
920 2482 115 61 quia
992 2482 115 61 deus
1064 2482 130 61 habet
1151 2482 130 61 esse:
1237 2482 101 61 sed
1295 2482 72 61 &
1324 2482 115 61 quia
1396 2482 115 61 esse
1468 2482 115 61 eius
1540 2482 101 61 est
1598 2482 202 61 quodammodo

33 2540 126 57 esse
112 2540 158 57 omnium
223 2540 190 57 aliorum,
365 2540 126 57 quia
444 2540 95 57 in
491 2540 126 57 esse
570 2540 126 57 eius
649 2540 221 57 continetur
823 2540 126 57 omne
902 2540 142 57 esse,
997 2540 126 57 immo
1076 2540 221 57 quodammodo
1250 2540 111 57 est
1313 2540 126 57 omne
1392 2540 142 57 esse,
1487 2540 95 57 vt
1534 2540 174 57 habitum
1660 2540 111 57 est
1708 2540 63 57 ex

32 2586 146 64 supra
129 2586 275 64 determinatis:
355 2586 113 64 Sic
420 2586 97 64 ad
468 2586 194 64 sciendum
614 2586 356 64 intelligibilitatem
921 2586 129 64 dei,
1002 2586 129 64 quom
1083 2586 194 64 scilicet
1228 2586 113 64 sit
1293 2586 275 64 intelligibile
1519 2586 146 64 quid,
1616 2586 113 64 non
1665 2586 113 64 suffi

30 2642 116 73 cit
97 2642 149 73 scire
196 2642 248 73 simpliciter
394 2642 132 73 quia
476 2642 116 73 sit
543 2642 314 73 intelligibilis,
807 2642 83 73 &
840 2642 116 73 cui
906 2642 116 73 sit
972 2642 149 73 ratio
1071 2642 165 73 aliqua
1187 2642 99 73 vt
1236 2642 281 73 intelligatur:
1468 2642 116 73 sed
1534 2642 149 73 etiam
1616 2642 149 73 oportet

35 2696 162 61 scire,
148 2696 130 61 quia
229 2696 146 61 ratio
327 2696 357 61 intelligibilitatis
635 2696 130 61 eius
716 2696 114 61 est
781 2696 162 61 quodam
894 2696 130 61 modo
975 2696 146 61 ratio
1073 2696 357 61 intelligibilitatis
1381 2696 162 61 omnium
1494 2696 195 61 aliorum:
1640 2696 81 61 &
1673 2696 130 61 quod

43 2750 94 61 in
90 2750 126 61 eius
169 2750 330 61 intelligibilitate
452 2750 236 61 contineatur
641 2750 157 61 omnium
751 2750 330 61 intelligibilitas.
1035 2750 126 61 immo
1113 2750 126 61 quod
1192 2750 142 61 ratio
1286 2750 346 61 intelligibilitatis
1585 2750 94 61 in
1632 2750 126 61 ipso
1711 2750 94 61 ad

38 2802 267 61 intelligendum
258 2802 173 61 seipsum
384 2802 110 61 sit
446 2802 141 61 ratio
541 2802 345 61 intelligibilitatis
839 2802 94 61 ad
886 2802 267 61 intelligendum
1106 2802 141 61 omnia
1200 2802 126 61 alia
1278 2802 78 61 a
1310 2802 173 61 seipso.
1435 2802 94 61 Et
1482 2802 188 61 disponit
1608 2802 157 61 quaestio

35 2856 131 72 ista
116 2856 164 72 multum
231 2856 98 72 ad
280 2856 245 72 quaestionem
476 2856 98 72 an
525 2856 245 72 intelligens
722 2856 131 72 deum
804 2856 229 72 intelligit
984 2856 147 72 omnia
1082 2856 131 72 alia
1164 2856 98 72 ab
1213 2856 147 72 ipso:
1311 2856 82 72 &
1344 2856 213 72 similiter
1507 2856 98 72 ad
1540 2856 229 72 quaestionem,

36 2910 98 62 an
85 2910 130 62 deus
166 2910 261 62 intelligendo
378 2910 114 62 se,
443 2910 228 62 intelligat
623 2910 147 62 omnia
720 2910 130 62 alia
802 2910 82 62 a
834 2910 114 62 se.
932 2910 98 62 Ad
981 2910 245 62 quaestionem
1177 2910 130 62 ergo
1258 2910 147 62 istam
1356 2910 212 62 dicendum,
1519 2910 130 62 quod
1601 2910 147 62 ratio
1698 2910 114 62 qua

35 2968 181 57 aliquid
166 2968 115 57 est
232 2968 280 57 intelligibile
462 2968 99 57 in
512 2968 115 57 se,
578 2968 165 57 potest
693 2968 214 57 intelligi
857 2968 132 57 esse
940 2968 148 57 ratio
1038 2968 115 57 qua
1104 2968 132 57 alia
1187 2968 132 57 sunt
1269 2968 313 57 intelligibilia,
1532 2968 181 57 quinque
1647 2968 132 57 modis.

42 3016 175 58 Primo,
165 3016 140 58 quia
253 3016 105 58 ab
306 3016 158 58 vnius
411 3016 246 58 cognitione
604 3016 210 58 dependet
762 3016 210 58 cognitio
919 3016 228 58 alterius,
1095 3016 123 58 ita
1165 3016 105 58 vt
1218 3016 210 58 cognitio
1376 3016 175 58 illius
1498 3016 175 58 haberi
1621 3016 123 58 non
1674 3016 105 58 pos-

30 3075 128 60 sit
103 3075 146 60 quin
194 3075 164 60 simul
304 3075 219 60 habeatur
468 3075 219 60 cognitio
632 3075 201 60 istius,
778 3075 91 60 &
815 3075 128 60 hoc
888 3075 274 60 dupliciter.
1107 3075 164 60 Primo
1216 3075 110 60 ad
1271 3075 164 60 modum
1380 3075 128 60 quo
1453 3075 146 60 vnum
1526 3075 256 60 correlatiuo-

34 3126 118 75 rum
102 3126 135 75 sine
186 3126 168 75 altero
304 3126 219 75 intelligi
472 3126 118 75 non
539 3126 185 75 potest.
674 3126 202 75 Secundo,
826 3126 253 75 quemadmodum
1028 3126 101 75 in
1079 3126 236 75 cognitione
1264 3126 219 75 sensitiua
1432 3126 152 75 visus
1533 3126 236 75 corporalis
1702 3126 84 75 vi-

33 3175 105 74 so
86 3175 193 74 speculo
226 3175 245 74 necessario
419 3175 210 74 videntur
577 3175 158 74 simul
682 3175 123 74 res
752 3175 175 74 quarum
875 3175 210 74 imagines
1032 3175 263 74 continentur
1243 3175 105 74 in
1295 3175 210 74 speculo.
1453 3175 193 74 Tertio,
1593 3175 140 74 quia
1663 3175 123 74 ratio

46 3229 160 81 vnius
153 3229 124 81 est
224 3229 267 81 declaratiua
437 3229 89 81 &
473 3229 231 81 ostensiua
651 3229 213 81 rationis
810 3229 213 81 alterius
970 3229 142 81 apud
1059 3229 320 81 intelligentem,
1326 3229 267 81 quemadmodum
1539 3229 107 81 in
1575 3229 213 81 cognitione
