2195 3777
487 265 220 91 intellectum
663 265 176 91 secundum
795 265 88 91 se
839 265 249 91 subsistentes:
1044 265 88 91 vt
1088 265 205 91 quiditates
1249 265 73 91 &
1279 265 191 91 essentiae
1425 265 132 91 rerum
1513 265 234 91 participatae
1704 265 88 91 ab
1748 265 103 91 eis
1806 265 132 91 solum
1894 265 103 91 per
1953 265 147 91 formas
2041 265 117 91 materi

481 351 95 66 les
535 351 81 66 ab
575 351 95 66 eis
629 351 149 66 impssas
737 351 176 66 materiis,
872 351 95 66 non
926 351 122 66 autem
1007 351 81 66 in
1048 351 162 66 seipsis,
1169 351 108 66 immo
1237 351 108 66 quod
1304 351 81 66 in
1345 351 149 66 seipsis
1453 351 216 66 subsisterent
1628 351 257 66 inparticipatae,
1844 351 68 66 &
1871 351 230 66 reprssentaret
2060 351 108 66 esse
2114 351 54 66 re

485 418 101 56 rum
542 418 216 56 specificum,
715 418 101 56 non
772 418 173 56 proprias
902 418 173 56 rationes
1031 418 129 56 earum
1118 418 230 56 particulares
1305 418 129 56 vsque
1391 418 86 56 ad
1434 418 144 56 intima
1535 418 72 56 &
1564 418 158 56 minima.
1679 418 115 56 Vnde
1751 418 129 56 dicit
1837 418 216 56 Philosophus
2010 418 86 56 i.
2053 418 101 56 vi.
2096 418 72 56 ne-

480 470 102 62 ta.
539 470 146 62 contra
641 470 190 62 Platonem.
787 470 88 62 Si
831 470 131 62 bonum
918 470 131 62 illud
1006 470 117 62 quod
1079 470 102 62 est
1137 470 131 62 bonum
1225 470 117 62 erit
1298 470 146 62 aliud,
1400 470 73 62 &
1429 470 102 62 sua
1487 470 175 62 essentia
1619 470 131 62 boni,
1706 470 73 62 &
1735 470 146 62 animal
1837 470 73 62 &
1867 470 175 62 essentia
1998 470 190 62 animalis,
2129 470 44 62 &

485 521 163 58 essentia
608 521 122 58 entis
689 521 68 58 &
716 521 109 58 ens,
784 521 68 58 &
811 521 122 58 illae
893 521 204 58 substantiae
1056 521 109 58 sunt
1124 521 163 58 priores.
1246 521 81 58 Si
1287 521 109 58 sunt
1355 521 163 58 absoluta
1477 521 177 58 abiuicem,
1613 521 149 58 quaedam
1721 521 95 58 non
1776 521 163 58 sciuntur
1898 521 95 58 per
1952 521 190 58 scientiam,
2088 521 68 58 qui

485 565 152 67 dicimus
595 565 179 67 absoluta,
733 565 83 67 si
775 565 124 67 bonum
857 565 96 67 per
912 565 83 67 se
954 565 96 67 non
1009 565 138 67 habeat
1105 565 179 67 essentiam
1243 565 124 67 boni.
1326 565 124 67 Scire
1408 565 110 67 enim
1477 565 193 67 cuiuslibet
1629 565 110 67 rei,
1697 565 96 67 est
1753 565 124 67 scire
1835 565 110 67 quid
1904 565 96 67 est
1959 565 96 67 per
2000 565 152 67 essentiam

487 625 103 60 vbi
546 625 132 60 dicit
634 625 162 60 Commen.
752 625 88 60 Si
796 625 147 60 fuerit
899 625 206 60 quiditates
1061 625 132 60 rerum
1150 625 103 60 non
1208 625 147 60 eaedem
1311 625 103 60 per
1370 625 88 60 se
1414 625 103 60 cum
1473 625 147 60 rebus:
1576 625 103 60 sed
1635 625 177 60 absoluta
1768 625 206 60 abinuicem,
1930 625 177 60 contiget
2062 625 88 60 vt
2091 625 74 60 ste

487 667 139 72 primae
584 667 97 72 non
640 667 111 72 sint
709 667 153 72 scitae:
820 667 153 72 quoniam
932 667 97 72 non
987 667 167 72 sciuntur
1112 667 97 72 res
1168 667 111 72 nisi
1237 667 97 72 per
1293 667 111 72 suas
1362 667 208 72 quiditates.
1529 667 69 72 &
1557 667 97 72 cum
1612 667 111 72 suae
1682 667 194 72 quiditates
1835 667 139 72 fuerit
1932 667 125 72 aliae
2015 667 83 72 ab
2057 667 111 72 eis,
2112 667 42 72 n

489 720 159 73 poterunt
608 720 133 73 sciri.
701 720 106 73 Vnde
767 720 119 73 dicit
847 720 199 73 Philosophus
1006 720 80 73 in
1046 720 133 73 eodem,
1139 720 106 73 quod
1205 720 159 73 essentia
1324 720 146 73 circuli
1430 720 66 73 &
1457 720 172 73 circulus,
1590 720 159 73 essentia
1709 720 133 73 animae
1802 720 66 73 &
1828 720 119 73 anima
1908 720 106 73 sunt
1974 720 119 73 idem.
2054 720 93 73 Res
2094 720 66 73 ver

494 790 158 56 totalis
608 790 215 56 congregata:
780 790 86 56 vt
823 790 115 56 iste
895 790 172 56 circulus
1023 790 301 56 vniversalialiquid
1281 790 258 56 particularium,
1496 790 100 56 non
1553 790 129 56 habet
1639 790 243 56 definitionem:
1840 790 100 56 sed
1897 790 215 56 cognoscitur
2054 790 115 56 vniuer

483 830 138 67 salis
575 830 169 67 ratione
697 830 107 67 aut
758 830 153 67 sensu.
866 830 199 67 Definitio
1019 830 123 67 vero
1096 830 153 67 totius
1203 830 107 67 est
1264 830 77 67 &
1295 830 184 67 speciei.
1433 830 169 67 Materia
1555 830 123 67 vero
1632 830 107 67 per
1693 830 92 67 se
1739 830 107 67 non
1800 830 245 67 cognoscitur.
1999 830 77 67 &
2030 830 138 67 hocen
2107 830 61 67 si

489 881 88 73 pra
540 881 176 73 expositum.
678 881 76 73 Si
716 881 113 73 autem
792 881 88 73 sit
842 881 151 73 aliquoid
956 881 113 73 ratio
1031 881 202 73 intelligendi
1195 881 139 73 tantum:
1296 881 88 73 sic
1347 881 101 73 bene
1410 881 126 73 potest
1498 881 101 73 esse
1561 881 151 73 sepeatum
1674 881 76 73 ab
1712 881 189 73 intellecto.
1863 881 88 73 Est
1914 881 101 73 enim
1977 881 164 73 aliquando
2090 881 76 73 rati

488 936 221 74 intelligendi
667 936 83 74 in
709 936 234 74 intelligente:
902 936 69 74 &
929 936 96 74 res
984 936 193 74 intellecta
1136 936 138 74 omnino
1233 936 138 74 extra.
1329 936 69 74 &
1357 936 83 74 de
1398 936 83 74 eo
1439 936 83 74 vt
1481 936 96 74 est
1536 936 124 74 ratio
1619 936 234 74 intelligendi,
1812 936 96 74 non
1867 936 165 74 loquitur
1977 936 193 74 Philosophus.

966 1009 216 100 Equitur
1123 1009 177 100 Arti.
1241 1009 98 100 &
1280 1009 216 100 XXIIll.
1437 1009 118 100 de
1496 1009 235 100 veritate
1673 1009 157 100 dei,
1771 1009 98 100 &
1810 1009 177 100 circa
1928 1009 137 100 hoc
1986 1009 177 100 quaerum

969 1079 131 67 tur
1026 1079 113 67 sex.

972 1112 211 81 Primum:
1125 1112 173 81 vtrum
1241 1112 115 81 in
1298 1112 134 81 deo
1375 1112 134 81 sit
1433 1112 192 81 veritas.

977 1159 219 84 Secundum,
1146 1159 152 84 vtrum
1247 1159 169 84 duplex
1365 1159 186 84 veritas
1500 1159 118 84 sit
1568 1159 101 84 in
1619 1159 135 84 deo,
1703 1159 253 84 essentialis
1906 1159 84 84 &
1923 1159 219 84 personalis.

981 1224 201 96 Tertium:
1132 1224 151 96 vtrum
1232 1224 184 96 veritas
1366 1224 117 96 sit
1433 1224 100 96 in
1483 1224 117 96 deo
1550 1224 184 96 ratione
1684 1224 134 96 eius
1768 1224 217 96 essentiae
1935 1224 201 96 secundum
2085 1224 100 96 se
2119 1224 50 96 &

967 1291 235 59 absolute:
1148 1291 108 59 an
1202 1291 108 59 ex
1256 1291 217 59 respectu
1419 1291 181 59 aliquo
1545 1291 108 59 ad
1600 1291 145 59 eius
1672 1291 253 59 intellectum.

982 1332 190 77 Quartum:
1125 1332 142 77 vtrum
1220 1332 174 77 veritas
1346 1332 111 77 dei
1409 1332 111 77 sit
1473 1332 95 77 in
1520 1332 127 77 eius
1599 1332 206 77 essentia,
1758 1332 95 77 an
1805 1332 95 77 in
1853 1332 127 77 eius
1916 1332 253 77 intelligentia.

983 1394 199 76 Quintum:
1133 1394 149 76 vtrum
1232 1394 232 76 perfectius
1414 1394 83 76 &
1447 1394 166 76 verius
1563 1394 133 76 esse
1646 1394 166 76 habeat
1762 1394 99 76 in
1812 1394 133 76 eius
1895 1394 215 76 essentia:
2061 1394 99 76 an
2094 1394 66 76 il

956 1451 147 77 eius
1029 1451 293 77 intelligentia.

966 1484 161 78 Sextum:
1083 1484 132 78 vtrum
1171 1484 205 78 contrarium
1332 1484 190 78 veritati.
1478 1484 175 78 scilicet
1610 1484 175 78 falsitas
1741 1484 161 78 aliqua,
1858 1484 102 78 sit
1916 1484 88 78 in
1960 1484 117 78 deo.

827 1533 109 83 Irca
896 1533 137 83 primum
991 1533 164 83 arguitur
1114 1533 109 83 quod
1183 1533 150 83 veritas
1292 1533 96 83 non
1347 1533 96 83 sit
1401 1533 82 83 in
1442 1533 109 83 deo,
1511 1533 109 83 Prmo
1579 1533 109 83 sic.
1648 1533 164 83 secundum
1771 1533 205 83 philosophum
1935 1533 96 83 in.
1989 1533 96 83 vi.
2030 1533 137 83 metapli.

843 1606 159 67 Veritas
958 1606 101 67 non
1016 1606 101 67 est
1074 1606 87 67 in
1117 1606 130 67 rebus
1204 1606 130 67 neque
1291 1606 188 67 falsitas,
1435 1606 130 67 sicut
1522 1606 116 67 sunt
1595 1606 130 67 bonum
1681 1606 72 67 &
1710 1606 145 67 malum:
1811 1606 101 67 sed
1869 1606 116 67 sunt
1942 1606 87 67 in
1971 1606 202 67 cogitatione.

840 1660 152 70 Quicquod
954 1660 114 70 autem
1030 1660 101 70 deus
1093 1660 101 70 est,
1156 1660 164 70 verissima
1282 1660 88 70 res
1333 1660 101 70 est:
1396 1660 101 70 quia
1459 1660 88 70 non
1510 1660 88 70 est
1560 1660 101 70 nisi
1623 1660 139 70 necesse
1725 1660 114 70 esse,
1800 1660 63 70 &
1826 1660 76 70 id
1863 1660 101 70 quid
1927 1660 88 70 est
1977 1660 88 70 per
2028 1660 101 70 suam
2078 1660 76 70 esei

824 1712 134 71 tiam,
913 1712 89 71 vt
958 1712 134 71 patet
1047 1712 89 71 ex
1091 1712 134 71 supra
1180 1712 252 71 determinatis.
1388 1712 119 71 ergo
1462 1712 104 71 &c.
1551 1712 163 71 Secundo
1670 1712 119 71 sic.
1744 1712 208 71 Augustinus
1908 1712 89 71 de
1952 1712 119 71 vera
2026 1712 134 71 reioe
2101 1712 59 71 di

825 1770 91 63 cit
877 1770 103 63 quod
941 1770 142 63 veritas
1045 1770 91 63 est
1097 1770 181 63 similitudo
1239 1770 155 63 quaedam.
1355 1770 181 63 Similitudo
1498 1770 116 63 autem
1575 1770 155 63 alicuius
1692 1770 155 63 alterius
1808 1770 91 63 est
1860 1770 194 63 similitudo,
2015 1770 103 63 Deus
2067 1770 103 63 aultem

824 1814 228 73 essentialiter
1011 1814 134 73 dictus
1105 1814 147 73 nullius
1212 1814 134 73 potest
1306 1814 107 73 esse
1373 1814 201 73 similitudo:
1533 1814 107 73 immo
1600 1814 174 73 econverso
1734 1814 121 73 omnia
1815 1814 107 73 alia
1882 1814 107 73 sunt
1949 1814 107 73 eius
2002 1814 161 73 similitudo

487 1870 63 74 &
513 1870 76 74 ei
551 1870 152 74 similia.
664 1870 101 74 ergo
728 1870 89 74 &c.
804 1870 76 74 In
842 1870 177 74 contrarium
981 1870 89 74 est
1031 1870 190 74 philosophus
1183 1870 89 74 cum
1234 1870 114 74 dicit
1310 1870 89 74 in.
1360 1870 89 74 ii.
1411 1870 114 74 meta.
1487 1870 114 74 Necen
1563 1870 89 74 est
1613 1870 164 74 principia
1740 1870 114 74 rerum
1816 1870 101 74 quae
1879 1870 101 74 sunt
1942 1870 127 74 sper,s
2031 1870 76 74 vt
2056 1870 114 74 sintisi

490 1925 82 74 ne
531 1925 178 74 veritati.
669 1925 192 74 principium
820 1925 178 74 huiusmodi
957 1925 137 74 maxime
1053 1925 110 74 deus
1122 1925 110 74 est:
1190 1925 110 74 quia
1259 1925 96 74 est
1314 1925 124 74 prima
1396 1925 96 74 cam
1451 1925 151 74 omnium,
1561 1925 82 74 vt
1602 1925 192 74 exponendum
1753 1925 96 74 est
1808 1925 165 74 loquendo
1932 1925 82 74 de
1973 1925 165 74 creatur.
2083 1925 82 74 stur

515 1980 122 85 Cum
585 1980 175 85 duplex
707 1980 122 85 sit
777 1980 192 85 veritas
917 1980 210 85 scilicet
1074 1980 192 85 veritas
1214 1980 122 85 rei
1284 1980 87 85 &
1319 1980 175 85 signi:
1441 1980 87 85 &
1476 1980 192 85 veritas
1615 1980 157 85 signi
1720 1980 244 85 quadruplex
1912 1980 140 85 est:
1999 1980 210 85 secundum

499 2039 105 77 quod
565 2039 145 77 deimiat
670 2039 158 77 Anselmus
788 2039 79 77 in
827 2039 92 77 li.
880 2039 79 77 de
919 2039 118 77 verit
998 2039 158 77 scilicet
1117 2039 158 77 orionis,
1235 2039 223 77 cogitationis,
1419 2039 184 77 voluntati,
1563 2039 66 77 &
1590 2039 171 77 actionis:
1721 2039 66 77 &
1747 2039 79 77 de
1787 2039 105 77 illa
1853 2039 105 77 quae
1918 2039 92 77 est
1971 2039 118 77 signi
2050 2039 118 77 nihil
2115 2039 53 77 ad

481 2093 192 81 praesens:
629 2093 104 81 sed
688 2093 104 81 cum
748 2093 178 81 loquemur
881 2093 89 81 de
925 2093 178 81 veritate
1058 2093 89 81 in
1103 2093 207 81 creaturis:
1265 2093 133 81 omnes
1354 2093 133 81 autem
1443 2093 104 81 (vt
1502 2093 133 81 dicit
1591 2093 118 81 idem
1665 2093 89 81 in
1709 2093 148 81 eodem)
1813 2093 89 81 de
1857 2093 178 81 veritate
1990 2093 178 81 signorum
2109 2093 59 81 lo

483 2148 163 80 quuntur:
606 2148 176 80 veritatem
741 2148 122 80 autem
823 2148 109 80 quae
891 2148 95 80 est
945 2148 81 80 in
985 2148 122 80 rerum
1067 2148 163 80 essentia
1189 2148 122 80 pauci
1270 2148 217 80 considerant:
1447 2148 68 80 &
1474 2148 81 80 si
1515 2148 122 80 pauci
1596 2148 81 80 de
1637 2148 109 80 illa
1705 2148 109 80 quae
1772 2148 95 80 est
1827 2148 81 80 in
1867 2148 163 80 essentia
1990 2148 122 80 rerum
2057 2148 109 80 creata

481 2202 110 81 rum,
550 2202 193 81 paucissimi
702 2202 207 81 considerant
868 2202 83 81 de
909 2202 83 81 ea
950 2202 110 81 quae
1019 2202 97 81 est
1075 2202 83 81 in
1116 2202 166 81 essentia
1240 2202 97 81 rei
1295 2202 193 81 increatae,
1447 2202 83 81 de
1489 2202 110 81 quae
1558 2202 83 81 ad
1599 2202 166 81 praesens
1723 2202 124 81 debet
1806 2202 110 81 esse
1875 2202 138 81 sermo:
1972 2202 110 81 quam
2041 2202 83 81 de
2068 2202 97 81 plano

492 2272 121 62 omnes
572 2272 81 62 in
613 2272 162 62 essentia
734 2272 94 62 dei
788 2272 108 62 esse
855 2272 189 62 concedunt:
1003 2272 108 62 quia
1071 2272 121 62 ratio
1152 2272 162 62 veritati
1273 2272 81 62 de
1313 2272 216 62 nobilioribus
1488 2272 67 62 &
1515 2272 202 62 dignioribus
1677 2272 94 62 est
1731 2272 108 62 quae
1798 2272 202 62 inueniuntur
1960 2272 81 62 in
2000 2272 121 62 rerum
2068 2272 94 62 nati-

487 2308 101 69 ra:
544 2308 72 69 &
573 2308 115 69 omne
645 2308 115 69 quod
717 2308 173 69 nobilius
846 2308 101 69 est
904 2308 72 69 &
932 2308 173 69 dignius,
1062 2308 101 69 deo
1119 2308 230 69 attribuendum
1306 2308 115 69 est,
1378 2308 173 69 secundum
1508 2308 115 69 quod
1580 2308 129 69 supra
1666 2308 230 69 determinatum
1853 2308 115 69 est.
1925 2308 86 69 Et
1968 2308 115 69 quod
2040 2308 101 69 eam
2083 2308 72 69 ide

484 2360 161 82 oportet
601 2360 161 82 ponere,
718 2360 205 82 declaratur
879 2360 88 82 ex
923 2360 161 82 propria
1040 2360 161 82 ratione
1157 2360 175 82 veritati
1288 2360 102 82 rei
1347 2360 102 82 per
1405 2360 146 82 simile
1507 2360 88 82 ad
1551 2360 190 82 veritatem
1697 2360 146 82 signi,
1800 2360 132 82 primo
1887 2360 88 82 in
1931 2360 190 82 creaturi,
2063 2360 102 82 deide

492 2414 72 74 a
520 2414 173 74 creaturi
650 2414 101 74 per
708 2414 202 74 eminentiam
867 2414 87 74 in
911 2414 116 74 deo.
983 2414 130 74 Sicut
1069 2414 116 74 enim
1142 2414 159 74 veritas
1257 2414 130 74 signi
1344 2414 116 74 tunc
1416 2414 116 74 est,
1488 2414 144 74 quando
1590 2414 144 74 signum
1691 2414 130 74 facit
1777 2414 101 74 hoc
1835 2414 116 74 quod
1907 2414 144 74 facere
2009 2414 144 74 debet,
2095 2414 58 74 su

486 2475 111 65 quod
556 2475 139 65 natura
653 2475 97 65 sua
708 2475 167 65 requirit
833 2475 83 65 vt
875 2475 153 65 faciat:
986 2475 180 65 videlicet
1124 2475 111 65 quod
1194 2475 139 65 faciat
1291 2475 111 65 omne
1360 2475 83 65 id
1402 2475 111 65 quod
1471 2475 153 65 partiet
1582 2475 83 65 ad
1624 2475 111 65 suam
1693 2475 264 65 significationem
1915 2475 167 65 scilicet
2040 2475 83 65 vt
2068 2475 97 65 idiet

490 2521 128 65 ipsum
575 2521 227 65 significatum
760 2521 171 65 secundum
888 2521 114 65 quod
959 2521 100 65 est
1016 2521 85 65 in
1058 2521 85 65 re
1101 2521 142 65 extra.
1201 2521 100 65 Sic
1257 2521 156 65 veritas
1371 2521 100 65 rei
1428 2521 156 65 oportet
1542 2521 114 65 quod
1613 2521 114 65 sit,
1684 2521 142 65 quando
1783 2521 100 65 res
1840 2521 85 65 id
1883 2521 156 65 existit
1997 2521 114 65 quod
2053 2521 100 65 natur

485 2573 95 78 sua
540 2573 177 78 requirit,
676 2573 82 78 vt
717 2573 109 78 sit:
785 2573 177 78 videlicet
921 2573 109 78 quod
989 2573 82 78 in
1030 2573 82 78 se
1070 2573 177 78 contineat
1207 2573 109 78 omne
1275 2573 82 78 id
1315 2573 109 78 quod
1383 2573 82 78 ad
1424 2573 150 78 naturam
1533 2573 109 78 suam
1601 2573 177 78 pertinet,
1737 2573 68 78 &
1764 2573 204 78 quiditatem.
1928 2573 109 78 Illa
1996 2573 136 78 quidem
2077 2573 82 78 esti

495 2629 118 78 fecta
573 2629 118 78 ratio
652 2629 170 78 veritatis
782 2629 78 78 in
822 2629 118 78 signo
900 2629 78 78 vt
939 2629 78 78 in
978 2629 157 78 oratione
1096 2629 105 78 quae
1161 2629 105 78 ipsa
1226 2629 91 78 est
1279 2629 118 78 vera,
1357 2629 91 78 qud
1409 2629 157 78 scilicet
1527 2629 105 78 ipsa
1592 2629 144 78 indicat
1697 2629 91 78 sic
1749 2629 78 78 vt
1788 2629 91 78 est
1840 2629 78 78 in
1880 2629 91 78 re:
1932 2629 65 78 &
1958 2629 131 78 natura
2049 2629 144 78 suaquam

499 2694 93 66 est
552 2694 107 66 oro,
619 2694 160 66 requirit
739 2694 80 66 vt
779 2694 93 66 hoc
832 2694 147 66 faciat,
939 2694 147 66 quoniam
1045 2694 107 66 etsi
1112 2694 173 66 aliquando
1245 2694 93 66 non
1299 2694 133 66 faciat
1392 2694 107 66 hoc,
1458 2694 93 66 hoc
1512 2694 120 66 tamen
1592 2694 107 66 sper
1658 2694 147 66 indicat
1765 2694 80 66 se
1805 2694 133 66 facere
1898 2694 120 66 quasi
1978 2694 147 66 aliquod
2085 2694 107 66 natu

487 2729 117 85 rale
561 2729 132 85 sibi.
648 2729 102 85 lta
707 2729 117 85 quod
780 2729 132 85 omnis
868 2729 205 85 propositio
1029 2729 220 85 affirmatiua
1205 2729 220 85 naturaliter
1380 2729 161 85 indicat
1498 2729 102 85 rem
1556 2729 117 85 esse
1629 2729 146 85 veram,
1732 2729 73 85 &
1761 2729 176 85 negatiua
1893 2729 117 85 sibi
1966 2729 190 85 contraria
2098 2729 73 85 tam

492 2788 148 80 indicat
599 2788 107 80 esse
666 2788 148 80 falsam.
773 2788 161 80 secundum
894 2788 107 80 quod
961 2788 121 80 dicit
1041 2788 201 80 Philosophus
1202 2788 94 80 in.
1256 2788 80 80 v.
1296 2788 121 80 meta.
1377 2788 94 80 Cum
1430 2788 174 80 dixerimus
1564 2788 148 80 aliquid
1672 2788 121 80 esse,
1752 2788 241 80 demonstrabimus
1953 2788 107 80 suam
2007 2788 161 80 veritatem:

490 2838 67 66 &
516 2838 94 66 cum
570 2838 175 66 dixerimus
705 2838 148 66 aliquid
812 2838 94 66 non
866 2838 121 66 esse,
946 2838 242 66 demonstrabimus
1148 2838 121 66 ipsum
1229 2838 94 66 non
1282 2838 108 66 esse
1350 2838 134 66 verum,
1444 2838 94 66 sed
1497 2838 148 66 falsum.
1605 2838 67 66 &
1632 2838 94 66 cum
1686 2838 94 66 non
1739 2838 94 66 est
1793 2838 94 66 ita
1847 2838 81 66 in
1887 2838 94 66 re,
1941 2838 161 66 mentitur
2048 2838 108 66 omnium

498 2887 110 78 siue
567 2887 207 78 affirmatima
733 2887 110 78 siue
802 2887 179 78 negatima,
940 2887 69 78 &
967 2887 166 78 falsitas
1092 2887 83 78 in
1133 2887 83 78 ea
1174 2887 110 78 est.
1243 2887 110 78 Tunc
1312 2887 110 78 enim
1381 2887 97 78 est
1437 2887 97 78 oro
1492 2887 110 78 vera
1561 2887 138 78 quando
1657 2887 152 78 indicat
1768 2887 110 78 quod
1837 2887 110 78 est,
1906 2887 124 78 esse:
1989 2887 69 78 &
2016 2887 110 78 quod
2071 2887 97 78 nones

483 2949 90 79 non
534 2949 115 79 esse.
611 2949 64 79 &
637 2949 141 79 econtra
739 2949 102 79 tunc
803 2949 90 79 est
855 2949 115 79 falsa
931 2949 128 79 quando
1021 2949 141 79 indicat
1124 2949 77 79 de
1162 2949 77 79 eo
1200 2949 102 79 quod
1264 2949 102 79 est,
1329 2949 90 79 non
1380 2949 115 79 esse:
1457 2949 90 79 vel
1508 2949 102 79 quod
1572 2949 90 79 non
1623 2949 102 79 est,
1687 2949 115 79 esse.
1764 2949 77 79 Ab
1802 2949 77 79 eo
1841 2949 102 79 enim
1905 2949 102 79 quod
1969 2949 90 79 res
2020 2949 90 79 est
2071 2949 77 79 vl
2097 2949 64 79 non

495 2997 105 68 est,
560 2997 144 68 dicitur
665 2997 92 68 ono
718 2997 105 68 vera
783 2997 92 68 vel
836 2997 131 68 falsa.
928 2997 79 68 ab
967 2997 79 68 eo
1007 2997 157 68 scilicet
1125 2997 105 68 quod
1190 2997 92 68 est
1243 2997 118 68 sicut
1321 2997 92 68 per
1374 2997 131 68 oronem
1466 2997 197 68 exprimitur,
1623 2997 144 68 dicitur
1728 2997 118 68 vera.
1807 2997 79 68 ab
1846 2997 79 68 eo
1886 2997 105 68 vero
1951 2997 105 68 quid
2017 2997 131 68 nonest
2095 2997 66 68 sic

489 3050 147 80 dicitur
596 3050 134 80 falsa:
689 3050 80 80 vt
730 3050 107 80 vult
797 3050 214 80 Philosophus.
971 3050 67 80 &
997 3050 107 80 ipsa
1064 3050 107 80 tunc
1131 3050 94 80 est
1185 3050 134 80 falsum
1278 3050 147 80 signum,
1386 3050 107 80 quia
1452 3050 94 80 non
1506 3050 134 80 hysuum
1600 3050 161 80 signatum
1720 3050 107 80 sibi
1787 3050 187 80 corrndens.
1934 3050 67 80 &
1961 3050 134 80 signum
2042 3050 120 80 dicitur

487 3102 149 81 relatiue
598 3102 75 81 ad
636 3102 162 81 signatum,
760 3102 137 81 propter
859 3102 99 81 quod
922 3102 112 81 dicit
996 3102 186 81 philosophus
1145 3102 87 81 in.
1195 3102 75 81 v.
1232 3102 112 81 meta.
1307 3102 137 81 Dicitur
1406 3102 162 81 secundumo
1531 3102 124 81 falsus
1618 3102 99 81 ille
1680 3102 87 81 qui
1729 3102 87 81 est
1779 3102 75 81 ex
1816 3102 87 81 iis
1866 3102 99 81 quae
1928 3102 87 81 non
1978 3102 112 81 sunt,
2040 3102 112 81 secundi

477 3172 123 70 quod
554 3172 169 70 falsus.
677 3172 92 70 Et
723 3172 139 70 sicut
815 3172 108 70 est
877 3172 92 70 de
923 3172 108 70 hoc
985 3172 154 70 signo,
1093 3172 108 70 ita
1154 3172 108 70 est
1216 3172 92 70 de
1262 3172 169 70 omnibus
1385 3172 139 70 aliis
1477 3172 185 70 secundum
1616 3172 123 70 quod
1693 3172 185 70 Anselmus
1832 3172 92 70 in
1878 3172 139 70 libro
1970 3172 92 70 de
2001 3172 154 70 veritate

479 3219 323 60 exemplificando
749 3219 126 60 hoc
820 3219 108 60 de
874 3219 216 60 veritate
1036 3219 216 60 actionis
1198 3219 180 60 dicit.
1324 3219 198 60 Quoniam
1467 3219 126 60 non
1539 3219 126 60 est
1611 3219 108 60 ab
1665 3219 180 60 aliquo
1791 3219 234 60 faciendum
1970 3219 144 60 nisi
2042 3219 108 60 quod

475 3274 143 96 debet
571 3274 175 96 facere,
698 3274 95 96 eo
746 3274 127 96 ipso
825 3274 127 96 quod
905 3274 175 96 aliquid
1032 3274 159 96 facit,
1143 3274 143 96 dicit
1239 3274 80 96 &
1271 3274 159 96 signat
1382 3274 111 96 hoc
1446 3274 95 96 se
1494 3274 159 96 debere
1605 3274 175 96 facere.
1732 3274 127 96 quod
1812 3274 95 96 si
1860 3274 143 96 debet
1955 3274 159 96 facere
2051 3274 95 96 quod
