2315 3776
40 351 129 79 tio
113 351 294 79 concipiendi:
352 351 129 79 non
426 351 166 79 tamen
537 351 129 79 est
610 351 166 79 ratio
721 351 147 79 quae
813 351 166 79 primo
923 351 276 79 concipitur.
1144 351 239 79 Obiectiue
1328 351 147 79 enim
1420 351 92 79 &
1457 351 110 79 vt
1512 351 258 79 concipitur
1714 351 110 79 id

39 430 146 54 quod
130 430 128 54 est
203 430 128 54 ens
277 430 238 54 inquantum
460 430 128 54 est
533 430 146 54 ens,
625 430 183 54 primus
753 430 238 54 conceptus
936 430 146 54 est:
1027 430 92 54 &
1064 430 183 54 deinde
1192 430 183 54 verum:
1320 430 110 54 vt
1375 430 165 54 tamen
1485 430 128 54 ens
1558 430 110 54 in
1613 430 110 54 se
1650 430 128 54 inclu

46 474 140 62 dit.
133 474 263 62 Dispositiue
343 474 158 62 autem
448 474 88 62 &
483 474 105 62 vt
536 474 158 62 ratio
640 474 210 62 secundum
798 474 140 62 quam
886 474 245 62 concipitur
1078 474 105 62 id
1131 474 140 62 quod
1218 474 228 62 obiectiue
1393 474 263 62 concipitur,
1603 474 158 62 verum
1691 474 88 62 est

46 534 160 61 prima
153 534 160 61 ratio
260 534 267 61 concipiendi
473 534 89 61 &
509 534 160 61 sola,
615 534 107 61 vt
669 534 178 61 dictum
793 534 124 61 est
864 534 178 61 supra:
989 534 124 61 ita
1060 534 142 61 quod
1149 534 196 61 circuit
1291 534 160 61 totum
1398 534 124 61 ens
1469 534 89 61 &
1504 534 196 61 seipsum
1647 534 89 61 &
1665 534 124 61 omnes

47 580 198 66 rationes
196 580 165 66 entis:
312 580 132 66 quia
395 580 149 66 nihil
494 580 231 66 concipitur
676 580 132 66 nisi
758 580 116 66 sub
824 580 182 66 ratione
957 580 149 66 veri,
1056 580 149 66 neque
1155 580 132 66 ens,
1238 580 149 66 neque
1337 580 165 66 verum,
1452 580 149 66 neque
1552 580 165 66 bonum,
1667 580 149 66 neque

40 629 225 73 pulchrum,
213 629 156 73 neque
317 629 191 73 aliquod
456 629 260 73 caeterorum.
664 629 121 73 Tmo
733 629 121 73 cum
803 629 243 73 concipitur
994 629 156 73 ratio
1098 629 156 73 entis
1202 629 121 73 vel
1271 629 139 73 boni
1358 629 121 73 vel
1427 629 191 73 pulchri
1566 629 104 73 vt
1601 629 173 73 obiectum

41 689 155 65 circa
144 689 138 65 ens:
230 689 121 65 non
299 689 189 65 oportet
437 689 138 65 quod
523 689 258 65 concipiatur
730 689 155 65 ratio
833 689 155 65 veri.
936 689 86 65 â‹
971 689 121 65 His
1040 689 155 65 visis
1143 689 155 65 patet
1246 689 138 65 quid
1332 689 207 65 dicendum
1487 689 121 65 sit
1556 689 103 65 ad
1591 689 189 65 quaestio-

43 734 159 71 nem.
142 734 139 71 Cum
222 734 159 71 enim
321 734 179 71 verum
440 734 119 71 de
500 734 139 71 suo
579 734 199 71 nomine
718 734 99 71 &
758 734 298 71 impositione
996 734 139 71 qua
1076 734 179 71 addit
1195 734 218 71 aliquid
1354 734 179 71 super
1473 734 159 71 ens:
1572 734 139 71 non
1632 734 139 71 dicit

42 791 147 63 nisi
133 791 220 63 rationem
298 791 311 63 manifestatiui
555 791 128 63 vel
628 791 275 63 declaratiui
848 791 147 63 eius
939 791 147 63 quod
1031 791 128 63 est
1104 791 147 63 apud
1196 791 293 63 intellectum:
1434 791 92 63 &
1471 791 165 63 ratio
1580 791 165 63 talis
1690 791 128 63 non

42 844 112 66 est
106 844 177 66 aliquid
235 844 145 66 super
331 844 112 66 ens
395 844 225 66 absolutum:
572 844 112 66 sed
636 844 145 66 solum
733 844 145 66 ratio
829 844 225 66 respectus:
1006 844 193 66 Dicendum
1150 844 112 66 est
1215 844 193 66 absolute
1359 844 129 66 quod
1440 844 177 66 veritas
1568 844 145 66 sicut
1665 844 145 66 neque

47 896 97 70 in
95 896 145 70 aliis
192 896 161 70 rebus:
304 896 113 70 sic
369 896 113 70 nec
433 896 97 70 in
481 896 113 70 deo
546 896 113 70 est
610 896 177 70 ratione
739 896 129 70 suae
819 896 209 70 essentiae
980 896 209 70 absolute:
1141 896 113 70 sed
1205 896 145 70 solum
1301 896 97 70 ex
1350 896 161 70 aliquo
1462 896 193 70 respectu
1607 896 97 70 ad
1655 896 161 70 aliud,

36 963 104 56 vt
88 963 104 56 ad
140 963 278 56 intellectum,
366 963 156 56 sicut
470 963 174 56 dictum
591 963 139 56 est:
678 963 87 56 &
713 963 122 56 hoc
783 963 122 56 non
852 963 104 56 ex
904 963 208 56 respectu
1060 963 104 56 ad
1113 963 191 56 aliquem
1252 963 261 56 intellectum
1460 963 156 56 extra
1564 963 139 56 deum
1634 963 156 56 creatum

44 1004 134 60 cui
120 1004 229 60 imprimit
292 1004 229 60 notitiam
465 1004 172 60 suam:
579 1004 153 60 quia
675 1004 172 60 talis
790 1004 249 60 respectus
981 1004 115 60 ei
1038 1004 229 60 accidit:
1210 1004 287 60 quemadmodum
1440 1004 96 60 &
1478 1004 172 60 omnes
1593 1004 153 60 alii
1669 1004 115 60 quos

42 1060 160 62 habet
149 1060 107 62 ad
202 1060 249 62 creaturas,
397 1060 107 62 vt
451 1060 160 62 infra
557 1060 213 62 dicendum
717 1060 142 62 est:
806 1060 124 62 sed
877 1060 107 62 ex
930 1060 213 62 respectu
1090 1060 107 62 ad
1143 1060 160 62 ipsum
1249 1060 266 62 intellectum
1462 1060 195 62 diuinum
1604 1060 124 62 non
1675 1060 107 62 vt
1711 1060 71 62 ad

35 1118 152 64 suam
130 1118 209 64 causam:
282 1118 285 64 quemadmodum
509 1118 209 64 veritas
661 1118 133 64 per
737 1118 114 64 se
794 1118 133 64 non
870 1118 133 64 est
945 1118 114 64 in
1002 1118 190 64 aliqua
1135 1118 114 64 re
1192 1118 228 64 naturali
1363 1118 190 64 creata
1495 1118 152 64 nisi
1590 1118 114 64 ex
1628 1118 152 64 respe-

40 1173 129 58 ctu
113 1173 111 58 ad
169 1173 276 58 intellectum
390 1173 258 58 increatum:
592 1173 111 58 vt
648 1173 203 58 patebit
795 1173 221 58 loquendo
961 1173 111 58 de
1016 1173 221 58 veritate
1182 1173 258 58 creaturae:
1385 1173 129 58 sed
1458 1173 166 58 solum
1569 1173 111 58 ex
1606 1173 184 58 respectu

44 1221 104 81 ad
96 1221 261 81 intellectum
305 1221 191 81 diuinum
444 1221 104 81 vt
496 1221 209 81 absolute
652 1221 330 81 comprehendentem
931 1221 104 81 id
983 1221 139 81 quod
1070 1221 122 81 est
1139 1221 104 81 in
1192 1221 174 81 natura
1313 1221 87 81 &
1348 1221 209 81 essentia
1505 1221 122 81 sua
1574 1221 209 81 secundum
1713 1221 70 81 ra

43 1277 179 79 tionem
169 1277 251 79 veritatis,
366 1277 108 79 vt
419 1277 197 79 amplius
563 1277 197 79 patebit
706 1277 108 79 in
760 1277 215 79 sequenti
921 1277 269 79 quaestione.

47 1352 101 95 â‹
87 1352 122 95 Ad
148 1352 203 95 primum
290 1352 122 95 in
351 1352 284 95 oppositum:
573 1352 162 95 quod
675 1352 284 95 dispositio
898 1352 122 95 in
958 1352 162 95 esse
1060 1352 243 95 conuenit
1242 1352 142 95 deo
1323 1352 223 95 ratione
1485 1352 263 95 essentiae
1667 1352 122 95 suae

44 1431 236 63 absolute:
226 1431 146 63 ergo
317 1431 91 63 &
353 1431 109 63 in
408 1431 236 63 veritate:
590 1431 218 63 Dicendum
753 1431 146 63 quod
844 1431 164 63 illud
953 1431 182 63 dictum
1081 1431 255 63 philosophi
1281 1431 291 63 intelligitur
1517 1431 127 63 non
1590 1431 127 63 quo
1663 1431 109 63 ad
1699 1431 73 63 mo

55 1475 123 72 dum
125 1475 88 72 &
160 1475 210 72 rationem
317 1475 175 72 quibus
440 1475 123 72 res
510 1475 158 72 habet
615 1475 158 72 esse,
720 1475 88 72 &
755 1475 140 72 esse
842 1475 175 72 verum:
965 1475 210 72 secundum
1122 1475 140 72 quod
1210 1475 193 72 nititur
1350 1475 228 72 procedere
1525 1475 228 72 obiectio:
1700 1475 123 72 quo

51 1538 97 69 ad
99 1538 113 69 hoc
164 1538 129 69 enim
245 1538 129 69 alia
326 1538 113 69 est
390 1538 226 69 dispositio
568 1538 113 69 rei
633 1538 97 69 in
681 1538 129 69 esse
762 1538 81 69 &
794 1538 97 69 in
843 1538 210 69 veritate:
1004 1538 129 69 quia
1085 1538 97 69 vt
1134 1538 162 69 dictum
1247 1538 129 69 est,
1328 1538 81 69 &
1360 1538 178 69 amplius
1489 1538 178 69 dicetur
1618 1538 97 69 in
1651 1538 129 69 sequem

43 1595 102 49 ti
94 1595 254 49 quaestione,
297 1595 237 49 dispositio
484 1595 119 49 rei
552 1595 102 49 in
603 1595 153 49 esse:
705 1595 119 49 est
772 1595 102 49 ex
823 1595 187 49 ratione
959 1595 220 49 absoluta:
1129 1595 237 49 dispositio
1315 1595 136 49 vero
1400 1595 102 49 in
1451 1595 119 49 sua
1519 1595 204 49 veritate
1671 1595 119 49 est
1722 1595 68 49 ex

54 1644 273 64 dispositione
276 1644 256 64 respectiua:
481 1644 120 64 Sed
549 1644 273 64 intelligitur
771 1644 120 64 quo
840 1644 102 64 ad
891 1644 171 64 gradus
1010 1644 188 64 essendi
1147 1644 102 64 in
1198 1644 137 64 esse
1284 1644 85 64 &
1318 1644 102 64 in
1369 1644 222 64 veritate:
1540 1644 102 64 vt
1591 1644 102 64 id
1642 1644 137 64 quid
1711 1644 85 64 est

49 1704 237 65 superioris
235 1704 169 65 gradus
353 1704 101 65 in
404 1704 152 65 esse:
505 1704 237 65 superioris
691 1704 169 65 gradus
810 1704 118 65 est
877 1704 101 65 in
928 1704 220 65 veritate,
1097 1704 85 65 &
1131 1704 237 65 econverso:
1317 1704 85 65 &
1351 1704 135 65 quod
1435 1704 254 65 inferioris,
1621 1704 169 65 inferio-

49 1746 130 71 ris.
130 1746 130 71 Vnde
211 1746 146 71 dicit
309 1746 114 71 ibi
374 1746 260 71 philosophus.
585 1746 179 71 Necesse
716 1746 114 71 est
781 1746 211 71 principia
943 1746 146 71 rerum
1041 1746 130 71 quae
1122 1746 130 71 sunt
1203 1746 179 71 semper,
1334 1746 130 71 sint
1415 1746 98 71 in
1464 1746 130 71 fine
1545 1746 228 71 veritatis.
1708 1746 81 71 vbi

46 1805 151 58 dicit
147 1805 151 58 Comm.
248 1805 151 58 Causa
348 1805 101 58 in
399 1805 201 58 quolibet
550 1805 168 58 genere
667 1805 168 58 entium
784 1805 151 58 magis
885 1805 151 58 digna
986 1805 117 58 est
1053 1805 101 58 in
1103 1805 134 58 esse
1187 1805 84 58 &
1221 1805 101 58 in
1271 1805 218 58 veritate,
1439 1805 134 58 quam
1523 1805 134 58 illa
1606 1805 168 58 quorum
1707 1805 84 58 est

51 1855 153 71 causa
153 1855 102 71 in
204 1855 136 71 illo
289 1855 187 71 genere.
426 1855 102 71 Et
477 1855 238 71 manifestum
664 1855 119 71 est
732 1855 136 71 quod
817 1855 102 71 si
868 1855 136 71 haec
954 1855 119 71 est
1022 1855 153 71 causa
1124 1855 153 71 prima
1226 1855 170 71 omnium
1345 1855 187 71 entium,
1481 1855 136 71 illa
1567 1855 119 71 est
1635 1855 153 71 magis
1720 1855 68 71 di

52 1922 115 60 gna
117 1922 98 60 in
166 1922 131 60 esse
248 1922 82 60 &
281 1922 197 60 veritate
428 1922 131 60 quam
510 1922 131 60 alia
592 1922 164 60 entia.
723 1922 115 60 Dia
789 1922 131 60 enim
871 1922 147 60 entia
969 1922 115 60 non
1034 1922 213 60 acquirunt
1198 1922 131 60 sibi
1280 1922 131 60 esse
1362 1922 82 60 &
1395 1922 213 60 veritatem
1559 1922 131 60 nisi
1641 1922 98 60 ab
1673 1922 115 60 illa.

44 1934 104 96 Ex
96 1934 122 96 quo
165 1934 226 96 concludit
339 1934 226 96 assumptum
513 1934 104 96 in
565 1934 243 96 argumento:
756 1934 139 96 quod
843 1934 243 96 dispositio
1034 1934 122 96 &c.
1103 1934 122 96 Vbi
1173 1934 156 96 dicit
1277 1934 156 96 Comm.
1381 1934 174 96 Idest,
1503 1934 139 96 quod
1590 1934 174 96 quanto
1711 1934 122 96 ma-

43 2028 123 62 gis
114 2028 194 62 fuerint
255 2028 211 62 perfecta
413 2028 106 62 in
466 2028 159 62 esse:
572 2028 159 62 tanto
677 2028 159 62 magis
783 2028 141 62 sunt
871 2028 211 62 perfecta
1030 2028 106 62 in
1083 2028 194 62 essendo
1223 2028 176 62 verum.
1347 2028 106 62 Et
1400 2028 123 62 (vt
1470 2028 176 62 dicit)
1576 2028 211 62 intendebat

39 2078 121 64 per
108 2078 121 64 hoc
177 2078 243 64 notificare
368 2078 260 64 nobilitatem
576 2078 243 64 veritatis:
767 2078 104 64 in
819 2078 121 64 qua
889 2078 243 64 considerat
1080 2078 139 64 ista
1166 2078 260 64 vniuersalis
1375 2078 139 64 ars:
1461 2078 139 64 quae
1548 2078 243 64 considerat
1722 2078 69 64 de

37 2136 255 64 principiis
237 2136 219 64 vltimis.
401 2136 91 64 â‹
438 2136 109 64 Ad
493 2136 219 64 secundum
657 2136 146 64 quod
748 2136 164 64 verum
857 2136 128 64 est
930 2136 109 64 id
985 2136 146 64 quod
1076 2136 146 64 est:
1167 2136 219 64 Dicendum
1331 2136 146 64 quod
1422 2136 182 64 aliqui
1550 2136 219 64 volentes
1696 2136 91 64 sub

57 2189 195 67 tiliare,
203 2189 162 67 dicunt
316 2189 130 67 quod
398 2189 162 67 litera
511 2189 227 67 Augustinus
690 2189 130 67 quae
771 2189 114 67 sic
836 2189 162 67 iacet,
949 2189 146 67 Verum
1047 2189 130 67 mihi
1128 2189 179 67 videtur
1258 2189 130 67 esse
1339 2189 97 67 id
1388 2189 130 67 quod
1469 2189 130 67 est:
1550 2189 114 67 sic
1615 2189 146 67 debet
1696 2189 81 67 or-

44 2229 190 71 dinari:
182 2229 103 71 id
233 2229 138 71 quod
320 2229 121 71 est
389 2229 155 71 esse,
492 2229 138 71 mihi
578 2229 190 71 videtur
716 2229 172 71 verum:
837 2229 103 71 vt
889 2229 121 71 sit
957 2229 103 71 de
1009 2229 172 71 dicto:
1130 2229 121 71 non
1199 2229 103 71 de
1251 2229 121 71 re.
1320 2229 86 71 &
1354 2229 155 71 vocat
1457 2229 293 71 propositionem
1682 2229 103 71 esse

47 2285 147 58 veram
145 2285 131 58 quae
227 2285 196 58 enunciat
374 2285 131 58 quod
456 2285 115 58 est
521 2285 147 58 esse.
619 2285 115 58 Sed
685 2285 115 58 sic
750 2285 115 58 non
816 2285 229 58 intenderet
996 2285 115 58 ibi
1061 2285 229 58 Augustinus
1241 2285 196 58 definire
1388 2285 164 58 verum:
1503 2285 131 58 quod
1585 2285 164 58 falsum
1683 2285 98 58 est.

54 2338 137 73 Vnde
140 2338 257 73 praemittit:
345 2338 154 73 Dico,
448 2338 86 73 &
482 2338 120 73 sic
551 2338 206 73 definio.
705 2338 120 73 Nec
773 2338 223 73 similiter
945 2338 188 73 valeret
1082 2338 223 73 instantia
1253 2338 137 73 quam
1339 2338 171 73 statim
1459 2338 171 73 infert
1578 2338 171 73 contra
1681 2338 103 73 suam

42 2386 306 72 definitionem,
294 2386 126 72 cum
366 2386 198 72 subdit.
510 2386 162 72 Nihil
618 2386 144 72 ergo
708 2386 126 72 est
780 2386 198 72 falsum,
925 2386 144 72 quia
1015 2386 162 72 verum
1123 2386 126 72 est
1195 2386 216 72 quicquid
1357 2386 144 72 est.
1447 2386 126 72 Sed
1519 2386 216 72 dicendum
1663 2386 108 72 quod

51 2443 252 67 Augustinus
249 2443 216 67 intendit
412 2443 216 67 definire
574 2443 180 67 verum:
700 2443 90 67 &
736 2443 126 67 est
808 2443 252 67 propositio
1007 2443 126 67 sua
1079 2443 108 67 de
1133 2443 126 67 re:
1205 2443 126 67 sed
1277 2443 126 67 est
1349 2443 252 67 materialis
1548 2443 126 67 per
1620 2443 108 67 id
1656 2443 126 67 circa

47 2511 136 56 quod
132 2511 153 56 habet
234 2511 136 56 esse
319 2511 170 56 verum:
438 2511 119 56 non
505 2511 204 56 formalis
658 2511 119 56 per
726 2511 102 56 id
777 2511 136 56 quid
862 2511 238 56 formaliter
1049 2511 119 56 est
1117 2511 102 56 de
1168 2511 187 56 ratione
1304 2511 153 56 veri.
1405 2511 85 56 â‹
1439 2511 102 56 Ad
1490 2511 204 56 tertium:
1643 2511 136 56 quod
1711 2511 68 56 ve

41 2554 150 54 ritas
141 2554 133 54 quae
224 2554 200 54 respicit
374 2554 266 54 intellectum:
590 2554 116 54 est
657 2554 200 54 diminuta
806 2554 116 54 rei
873 2554 200 54 entitas,
1023 2554 133 54 quae
1106 2554 116 54 non
1172 2554 200 54 convenit
1322 2554 133 54 deo:
1405 2554 200 54 Dicendum
1555 2554 133 54 quod
1621 2554 150 54 veritas

51 2616 129 60 quae
131 2616 112 60 est
196 2616 193 60 diminuta
340 2616 112 60 rei
404 2616 193 60 entitas,
549 2616 112 60 est
613 2616 129 60 illa
694 2616 129 60 quae
774 2616 145 60 habet
870 2616 129 60 esse
951 2616 96 60 in
999 2616 225 60 intellectu
1176 2616 96 60 de
1224 2616 96 60 re
1272 2616 112 60 per
1336 2616 145 60 aliud
1433 2616 96 60 ab
1481 2616 129 60 ipsa
1561 2616 96 60 re
1593 2616 193 60 intellecta

45 2655 256 68 abstractum
246 2655 110 68 ab
301 2655 165 68 ipsa:
411 2655 110 68 vt
466 2655 165 68 lapis
576 2655 128 68 per
649 2655 183 68 verbum
777 2655 220 68 formatum
942 2655 110 68 in
997 2655 256 68 intellectu
1198 2655 183 68 creato
1326 2655 110 68 de
1381 2655 201 68 lapide:
1528 2655 146 68 quod
1619 2655 128 68 est
1692 2655 128 68 quo

47 2709 208 72 dammodo
198 2709 189 72 lapis:
330 2709 94 72 &
368 2709 132 72 non
444 2709 151 72 vere
538 2709 189 72 lapis:
670 2709 132 72 sed
746 2709 246 72 diminute.
935 2709 113 72 Et
992 2709 132 72 est
1067 2709 170 72 talis
1181 2709 208 72 veritas
1332 2709 246 72 solummodo
1521 2709 113 72 in
1558 2709 227 72 intellectu

46 2777 176 63 creato
170 2777 106 63 de
223 2777 106 63 re
276 2777 123 63 per
346 2777 176 63 verbum
469 2777 141 63 quod
558 2777 123 63 est
628 2777 159 63 aliud
734 2777 106 63 ab
787 2777 141 63 ipsa
875 2777 106 63 re
928 2777 141 63 quam
1016 2777 229 63 concipit:
1192 2777 123 63 non
1263 2777 159 63 autem
1369 2777 106 63 in
1421 2777 247 63 intellectu
1598 2777 176 63 increato

48 2816 131 69 qui
123 2816 149 69 suam
216 2816 243 69 essentiam
403 2816 131 69 per
478 2816 205 69 seipsum
627 2816 299 69 apprehendit:
870 2816 93 69 &
907 2816 149 69 ideo
1000 2816 131 69 tam
1075 2816 224 69 perfecta
1243 2816 205 69 entitas
1392 2816 131 69 est
1467 2816 112 69 vt
1523 2816 205 69 capitur
1672 2816 93 69 a
1691 2816 93 69 di-

54 2870 130 70 uino
135 2870 244 70 intellectu,
331 2870 130 70 quam
412 2870 98 70 in
461 2870 98 70 se
510 2870 130 70 est.
591 2870 114 70 Nec
657 2870 147 70 etiam
754 2870 261 70 intelligitur
966 2870 98 70 de
1015 2870 196 70 veritate
1162 2870 114 70 qua
1227 2870 114 70 res
1292 2870 130 70 vera
1374 2870 114 70 est
1439 2870 98 70 in
1488 2870 98 70 se
1537 2870 98 70 ex
1585 2870 130 70 sola
1651 2870 130 70 ratio-

39 2926 101 66 ne
90 2926 220 66 respectus
259 2926 101 66 ad
310 2926 254 66 intellectum
512 2926 169 66 absque
631 2926 101 66 eo
681 2926 135 66 quod
766 2926 135 66 actu
850 2926 287 66 intelligatur.
1087 2926 135 66 Illa
1172 2926 135 66 enim
1256 2926 186 66 veritas
1391 2926 118 66 est
1459 2926 203 66 perfecta
1611 2926 118 66 rei
1662 2926 118 66 enti-

49 2974 124 75 tas.
126 2974 93 75 de
172 2974 108 75 qua
234 2974 139 75 dicit
327 2974 217 75 Augustinus
497 2974 93 75 in
544 2974 170 75 soglie.
667 2974 93 75 Si
714 2974 170 75 dixeris
837 2974 139 75 nihil
930 2974 124 75 esse
1008 2974 139 75 verum
1100 2974 108 75 per
1162 2974 108 75 se:
1224 2974 139 75 nihil
1317 2974 124 75 erit
1394 2974 108 75 per
1456 2974 108 75 se.
1518 2974 124 75 Vnde
1595 2974 124 75 enim
1657 2974 124 75 lignum

49 3033 130 71 est
124 3033 149 71 hoc,
217 3033 149 71 inde
310 3033 168 71 etiam
422 3033 168 71 verum
534 3033 186 71 lignum
665 3033 149 71 est.
758 3033 149 71 vnde
851 3033 205 71 sumptum
1000 3033 149 71 fuit
1093 3033 205 71 quartum
1242 3033 280 71 argumentum.
1466 3033 93 71 â‹
1503 3033 112 71 Ad
1559 3033 149 71 quod
1634 3033 149 71 dicen-

47 3088 138 64 dum,
133 3088 138 64 quod
219 3088 138 64 Aug.
305 3088 121 64 ibi
374 3088 207 64 loquitur
529 3088 172 64 contra
650 3088 155 64 illam
754 3088 276 64 definitionem
978 3088 138 64 veri
1064 3088 241 64 apparentem
1254 3088 138 64 quam
1340 3088 224 64 posuerat,
1512 3088 138 64 quae
1598 3088 172 64 dicit:
1702 3088 86 64 ve-

54 3151 118 61 rum
121 3151 118 61 est
189 3151 135 61 quod
273 3151 118 61 ita
340 3151 118 61 est
407 3151 101 61 vt
458 3151 202 61 videtur,
609 3151 84 61 &
643 3151 135 61 quod
727 3151 168 61 falsum
844 3151 118 61 est
912 3151 135 61 quod
996 3151 168 61 aliter
1113 3151 118 61 est
1181 3151 135 61 quam
1265 3151 202 61 videtur.
1416 3151 168 61 contra
1534 3151 135 61 quas
1618 3151 168 61 statim
1719 3151 67 61 ar

52 3191 163 74 guit.
161 3191 145 74 Quod
251 3191 109 74 si
306 3191 127 74 ita
379 3191 181 74 esset:
506 3191 181 74 ablato
633 3191 145 74 ergo
723 3191 127 74 cui
796 3191 218 74 videtur:
959 3191 127 74 nec
1032 3191 181 74 falsum
1159 3191 236 74 quicquam,
1340 3191 127 74 nec
1413 3191 163 74 verum
1522 3191 145 74 est:
1613 3191 127 74 nec
1667 3191 127 74 lapi-

49 3240 131 94 des
124 3240 149 94 veri
217 3240 205 94 lapides
367 3240 187 94 essent
497 3240 131 94 qui
572 3240 149 94 sunt
665 3240 112 94 in
721 3240 280 94 abditissimo
945 3240 187 94 terrae
1076 3240 205 94 gremio:
1225 3240 131 94 vbi
1300 3240 131 94 non
1374 3240 149 94 sunt
1468 3240 131 94 qui
1542 3240 243 94 sentiant.
1710 3240 75 94 Et
