2304 3779
25 306 118 93 qua
92 306 118 93 est
160 306 168 93 alicui
278 306 236 93 conformis:
463 306 168 93 verius
581 306 135 93 ergo
665 306 84 93 &
698 306 185 93 dignius
833 306 252 93 attribuenda
1035 306 118 93 est
1102 306 151 93 ratio
1203 306 219 93 veritatis
1371 306 168 93 ipsius
1489 306 286 93 conformitatis
1708 306 101 93 vtri

32 384 130 66 quod
113 384 179 66 communi
243 384 98 66 vt
292 384 114 66 est
358 384 98 66 in
406 384 130 66 esse
488 384 244 66 quiditatiuo
683 384 195 66 secundum
830 384 98 66 se
879 384 261 66 considerata,
1091 384 130 66 quam
1172 384 147 66 ipsis
1270 384 244 66 conformibus
1465 384 98 66 vt
1514 384 98 66 ab
1563 384 114 66 eis
1628 384 114 66 est
1677 384 114 66 parti

31 446 169 57 cipata:
153 446 107 57 non
215 446 153 57 quidem
322 446 92 57 vt
368 446 107 57 est
430 446 138 57 huius
522 446 184 57 secundum
660 446 199 57 conformis
813 446 77 57 &
844 446 169 57 illius:
967 446 107 57 sed
1028 446 92 57 vt
1074 446 123 57 ipsa
1151 446 123 57 est:
1227 446 92 57 se
1273 446 230 57 conformitas
1457 446 215 57 vtriusque:
1626 446 199 57 quemadmo-

40 486 106 70 dum
100 486 136 70 ratio
191 486 257 70 similitudinis
403 486 151 70 verius
509 486 227 70 attribuitur
690 486 242 70 similitudini
887 486 91 70 vt
933 486 182 70 secundum
1069 486 91 70 se
1114 486 242 70 consideratur
1311 486 91 70 in
1356 486 121 70 esse
1432 486 227 70 quiditatiuo
1613 486 121 70 quam
1674 486 121 70 alicui

35 543 263 57 consimilium.
248 543 148 57 Quare
347 543 115 57 cum
412 543 181 57 veritas
544 543 246 57 considerata
741 543 99 57 vt
790 543 115 57 est
856 543 246 57 conformitas
1053 543 197 57 absoluta
1201 543 148 57 super
1299 543 197 57 vtrumque
1447 543 246 57 conformium:
1644 543 115 57 non
1710 543 115 57 ha-

35 587 111 85 bet
98 587 126 85 esse
177 587 126 85 nisi
256 587 95 85 in
304 587 284 85 consideratione
541 587 174 85 actuali
667 587 300 85 intelligentiae,
920 587 126 85 quae
999 587 95 85 ex
1047 587 221 85 collatione
1220 587 205 85 vtriusque
1378 587 205 85 conformis
1536 587 190 85 percipit
1663 587 142 85 ipsorum

39 652 272 65 conformitatem
263 652 144 65 inter
359 652 112 65 se,
423 652 256 65 intelligendo
631 652 272 65 conformitatem
855 652 144 65 inter
952 652 96 65 se
1000 652 144 65 quasi
1096 652 96 65 in
1144 652 128 65 esse
1224 652 160 65 quodam
1336 652 256 65 quiditatiuo:
1544 652 112 65 cum
1608 652 96 65 in
1656 652 176 65 vtroque

32 709 220 64 conformium
205 709 252 64 intelligitur
410 709 142 64 quasi
505 709 94 64 in
552 709 126 64 esse
631 709 189 64 naturae:
772 709 220 64 perfectior
946 709 126 64 ergo
1024 709 79 64 &
1056 709 173 64 dignior
1182 709 110 64 est
1245 709 142 64 ratio
1339 709 205 64 veritatis
1497 709 94 64 vt
1544 709 142 64 cadit
1639 709 94 64 in
1670 709 126 64 actua-

27 757 82 63 li
68 757 205 63 perceptione
232 757 259 63 intelligentiae,
451 757 205 63 percipiendo
614 757 164 63 scilicet
737 757 96 63 eam
792 757 96 63 (vt
846 757 137 63 dictum
942 757 109 63 est)
1010 757 164 63 secundum
1133 757 82 63 se
1174 757 68 63 &
1201 757 177 63 absolute,
1338 757 109 63 quam
1406 757 82 63 vt
1447 757 123 63 habet
1529 757 109 63 esse
1597 757 82 63 in
1638 757 82 63 re
1665 757 137 63 conforma

40 811 91 65 ta
85 811 167 65 alteri:
206 811 76 65 &
237 811 106 65 hoc
297 811 121 65 siue
373 811 197 65 huiusmodi
524 811 106 65 res
585 811 242 65 consideretur
782 811 91 65 vt
827 811 257 65 intelligibile
1039 811 167 65 quoddam
1160 811 151 65 nondum
1266 811 121 65 actu
1342 811 242 65 intellectum:
1539 811 121 65 siue
1614 811 91 65 vt
1660 811 121 65 ipsa
1720 811 76 65 iam

32 868 231 55 actualiter
213 868 115 55 sit
279 868 247 55 intellecta.
477 868 99 55 Si
526 868 132 55 ergo
609 868 198 55 secundum
757 868 115 55 hoc
823 868 181 55 proprie
955 868 181 55 velimus
1087 868 165 55 loqui,
1202 868 82 55 &
1235 868 181 55 dicamus
1367 868 214 55 veritatem
1532 868 99 55 vt
1565 868 231 55 consideratur

33 921 175 59 secundum
164 921 87 59 se
208 921 175 59 absolute
339 921 131 59 quasi
427 921 87 59 in
470 921 116 59 esse
543 921 233 59 quiditatiuo,
732 921 116 59 esse
805 921 87 59 in
849 921 262 59 intelligentia:
1067 921 175 59 secundum
1198 921 116 59 vero
1271 921 116 59 quod
1344 921 233 59 consideratur
1533 921 87 59 vt
1577 921 87 59 in
1620 921 102 59 hoc
1679 921 73 59 &
1708 921 87 59 in
1737 921 58 59 il

31 973 91 59 lo
76 973 181 59 existens
212 973 181 59 scilicet
348 973 91 59 in
393 973 166 59 vtroque
514 973 211 59 conformium
680 973 166 59 dicamus
801 973 121 59 esse
877 973 106 59 eam
937 973 91 59 in
982 973 196 59 essentia:
1133 973 76 59 &
1164 973 106 59 hoc
1224 973 106 59 aut
1284 973 91 59 vt
1330 973 181 59 secundum
1466 973 91 59 se
1511 973 257 59 consideratur:
1722 973 106 59 aut

30 1027 84 66 vt
72 1027 98 66 est
128 1027 195 66 actualiter
281 1027 195 66 intellecta
435 1027 84 66 in
477 1027 112 66 ipsa
547 1027 251 66 intelligentia:
756 1027 168 66 secundum
882 1027 98 66 hoc
937 1027 154 66 debemus
1049 1027 237 66 principaliter
1245 1027 209 66 intelligere
1412 1027 209 66 quaestionem
1580 1027 112 66 quae
1635 1027 154 66 quaeritur

38 1077 148 62 vtrum
136 1077 181 62 veritas
268 1077 264 62 principalius
483 1077 82 62 &
516 1077 181 62 dignius
648 1077 148 62 habet
747 1077 132 62 esse
829 1077 99 62 in
879 1077 165 62 diuina
994 1077 198 62 essentia
1143 1077 99 62 an
1192 1077 99 62 in
1242 1077 132 62 eius
1324 1077 297 62 intelligentia.
1605 1077 99 62 Et
1654 1077 115 62 est
1704 1077 82 62 di-

28 1136 154 62 cendum
135 1136 231 62 simpliciter
320 1136 77 62 &
351 1136 200 62 absolute,
505 1136 123 62 quod
582 1136 92 62 in
628 1136 123 62 eius
706 1136 277 62 intelligentia,
937 1136 169 62 quoniam
1060 1136 92 62 in
1106 1136 185 62 essentia
1245 1136 185 62 secundum
1383 1136 92 62 se
1430 1136 108 62 non
1491 1136 139 62 habet
1584 1136 123 62 esse
1645 1136 139 62 verstas

41 1191 120 61 nisi
116 1191 120 61 quia
192 1191 105 61 est
252 1191 120 61 eius
327 1191 120 61 quod
402 1191 136 61 verum
493 1191 120 61 est:
568 1191 166 61 simiter
689 1191 136 61 neque
779 1191 90 61 in
824 1191 181 61 essentia
960 1191 90 61 vt
1005 1191 90 61 in
1050 1191 166 61 actuali
1171 1191 271 61 consideratione
1396 1191 271 61 intelligentiae
1622 1191 105 61 est
1683 1191 136 61 exis:

34 1242 97 57 vt
82 1242 146 57 sicut
179 1242 97 57 in
228 1242 194 57 essentia
374 1242 113 57 non
438 1242 178 57 existit
568 1242 129 57 nisi
649 1242 129 57 quod
729 1242 113 57 est
794 1242 162 57 verum:
907 1242 81 57 &
940 1242 113 57 ita
1004 1242 178 57 veritas
1134 1242 97 57 vt
1182 1242 113 57 est
1247 1242 146 57 huius
1344 1242 226 57 conformis:
1522 1242 113 57 non
1587 1242 129 57 ipsa
1651 1242 146 57 veritas

27 1297 200 59 absoluta:
181 1297 169 59 sumendo
304 1297 200 59 veritatem
458 1297 108 59 pro
520 1297 169 59 ratione
643 1297 216 59 respectus,
812 1297 139 59 puri:
905 1297 231 59 quemadmodum
1090 1297 123 59 modo
1167 1297 185 59 loquimur
1305 1297 92 59 de
1352 1297 139 59 ipsa:
1444 1297 200 59 similiter
1598 1297 92 59 vt
1644 1297 92 59 ab
1675 1297 108 59 intel

38 1348 165 57 ligentia
162 1348 234 57 apprehenditur
355 1348 138 57 exnins
452 1348 83 57 in
493 1348 165 57 essentia
617 1348 96 57 non
672 1348 193 57 percipitur
824 1348 110 57 nisi
892 1348 110 57 quod
961 1348 96 57 est
1016 1348 165 57 veritate
1140 1348 138 57 verum:
1237 1348 69 57 &
1264 1348 96 57 ita
1320 1348 152 57 veritas
1430 1348 83 57 vt
1471 1348 193 57 huiusmodi,
1623 1348 96 57 non
1678 1348 83 57 vt
1705 1348 83 57 abso

31 1403 139 63 luta.
123 1403 92 63 In
169 1403 262 63 intelligentia
385 1403 139 63 autem
477 1403 139 63 habet
570 1403 123 63 esse
647 1403 169 63 veritas
770 1403 92 63 vt
816 1403 108 63 est
878 1403 123 63 ipsa
955 1403 231 63 conformitas
1140 1403 231 63 conformium:
1325 1403 139 63 sicut
1417 1403 216 63 similitudo
1587 1403 108 63 est
1633 1403 154 63 conformi

41 1455 94 62 tas
94 1455 148 62 quaedam
202 1455 175 62 similium.
337 1455 67 62 &
364 1455 94 62 sic
418 1455 189 62 percipitur
566 1455 94 62 non
620 1455 121 62 solum
701 1455 108 62 quod
768 1455 121 62 verum
849 1455 94 62 est
903 1455 229 62 intelligentia
1092 1455 162 62 simplici
1213 1455 108 62 quae
1281 1455 189 62 percipitur
1429 1455 162 62 vtrumque
1550 1455 148 62 verorum
1658 1455 162 62 secundum

26 1510 98 61 se
75 1510 82 61 &
107 1510 212 61 absolute:
271 1510 114 61 sed
336 1510 131 61 ipsa
418 1510 196 61 secundum
564 1510 98 61 se
613 1510 180 61 veritas
744 1510 131 61 quae
826 1510 114 61 est
891 1510 310 61 formasvtriusque
1152 1510 196 61 verorum:
1299 1510 82 61 &
1332 1510 114 61 hoc
1397 1510 278 61 intelligentia
1609 1510 180 61 collatiua

42 1569 121 74 vnum
117 1569 136 74 eorum
208 1569 151 74 alteri
314 1569 227 74 conferendo.
496 1569 106 74 Per
556 1569 121 74 hunc
632 1569 121 74 ergo
707 1569 151 74 modum,
813 1569 197 74 perfectum
964 1569 121 74 esse
1040 1569 197 74 veritatis
1191 1569 106 74 non
1252 1569 136 74 habet
1342 1569 166 74 veritas
1463 1569 121 74 nisi
1539 1569 91 74 in
1584 1569 166 74 actuali
1690 1569 106 74 perce

44 1620 137 67 ptione
140 1620 261 67 intelligentiae:
360 1620 69 67 &
388 1620 96 67 sic
443 1620 82 67 in
484 1620 234 67 intelligentia
677 1620 124 67 habet
759 1620 110 67 esse
828 1620 96 67 non
883 1620 82 67 vt
924 1620 82 67 in
965 1620 179 67 subiecto:
1103 1620 96 67 sed
1158 1620 82 67 vt
1199 1620 82 67 in
1240 1620 234 67 participante:
1433 1620 220 67 participando
1611 1620 165 67 scilicet
1721 1620 69 67 eam

37 1678 119 63 non
105 1678 102 63 vt
156 1678 153 63 habet
258 1678 136 63 esse
343 1678 102 63 in
393 1678 170 63 aliquo
512 1678 153 63 sicut
614 1678 102 63 in
665 1678 221 63 subiecto:
835 1678 119 63 sed
903 1678 204 63 secundum
1055 1678 136 63 esse
1140 1678 272 63 quiditatiuum
1361 1678 238 63 abstractum
1547 1678 85 63 a
1581 1678 204 63 quolibet
1717 1678 85 63 sub

33 1724 165 72 iecto:
149 1724 116 72 non
215 1724 265 72 abstractione
430 1724 248 72 vniuersalis
629 1724 83 72 a
662 1724 248 72 particulari
860 1724 182 72 logice:
992 1724 116 72 sed
1059 1724 165 72 formae
1174 1724 83 72 &
1207 1724 231 72 quiditatis
1389 1724 99 72 ab
1439 1724 99 72 eo
1488 1724 149 72 cuius
1588 1724 116 72 est
1637 1724 149 72 metaphy

32 1780 132 60 sice.
120 1780 88 60 Et
164 1780 176 60 secundum
296 1780 103 60 hoc
355 1780 117 60 bene
428 1780 161 60 definit
546 1780 176 60 Anselmus
678 1780 205 60 veritatem:
839 1780 103 60 cum
898 1780 132 60 dicit
985 1780 117 60 quod
1059 1780 103 60 est
1117 1780 191 60 rectitudo
1264 1780 117 60 sola
1337 1780 132 60 mente
1425 1780 264 60 perceptibilis:
1645 1780 73 60 &
1675 1780 103 60 per
1719 1780 73 60 hoc

34 1828 210 64 secundum
191 1828 245 64 praedictum
384 1828 158 64 modum
489 1828 105 64 in
541 1828 140 64 sola
629 1828 158 64 mente
734 1828 228 64 existens:
909 1828 123 64 ita
979 1828 140 64 quod
1066 1828 140 64 nisi
1154 1828 123 64 sit
1224 1828 105 64 in
1276 1828 263 64 perceptione
1486 1828 210 64 actuali:
1644 1828 123 64 non
1714 1828 123 64 ha-

38 1883 122 59 bet
107 1883 140 59 esse
195 1883 105 59 in
247 1883 122 59 sua
317 1883 210 59 perfecta
475 1883 192 59 ratione
615 1883 227 59 absoluta.
790 1883 105 59 Et
842 1883 105 59 ad
895 1883 157 59 horum
1000 1883 245 59 euidentiam
1192 1883 87 59 &
1227 1883 227 59 similiter
1402 1883 192 59 illorum
1542 1883 140 59 quae
1612 1883 175 59 dicuntur

29 1938 103 63 in
80 1938 154 63 prima
183 1938 86 63 &
217 1938 171 63 tertia
337 1938 189 63 ratione
474 1938 103 63 ad
526 1938 137 63 hanc
612 1938 189 63 partem:
749 1938 206 63 sciendum
903 1938 137 63 quod
989 1938 120 63 res
1057 1938 240 63 quaecumque
1246 1938 257 63 considerata
1451 1938 103 63 in
1503 1938 103 63 se
1554 1938 206 63 secundum
1691 1938 103 63 esse

32 1993 218 55 naturale
195 1993 127 55 aut
268 1993 290 55 quiditatiuum
503 1993 181 55 nullum
630 1993 181 55 omnino
757 1993 236 55 respectum
938 1993 163 55 dicit
1047 1993 109 55 ad
1101 1993 272 55 intellectum
1319 1993 236 55 inquantum
1500 1993 254 55 huiusmodi:
1699 1993 127 55 sed

32 2044 146 60 solum
129 2044 97 60 ex
178 2044 113 60 hoc
242 2044 130 60 quod
323 2044 146 60 habet
420 2044 97 60 in
469 2044 97 60 se
518 2044 194 60 rationem
663 2044 308 60 intelligibilis:
923 2044 113 60 hoc
987 2044 113 60 est
1052 2044 130 60 quod
1133 2044 113 60 sit
1198 2044 275 60 manifestabile
1425 2044 259 60 intellectui:
1635 2044 81 60 &
1667 2044 113 60 hoc
1716 2044 81 60 pas

32 2101 157 61 siue:
136 2101 122 61 sed
206 2101 105 61 ex
259 2101 122 61 hoc
329 2101 157 61 primo
434 2101 157 61 habet
539 2101 210 61 rationem
696 2101 140 61 veri
784 2101 140 61 quod
871 2101 122 61 est
941 2101 122 61 sui
1011 2101 315 61 manifestatiuum
1273 2101 140 61 apud
1361 2101 280 61 intellectum:
1588 2101 87 61 &
1623 2101 122 61 hoc
1676 2101 122 61 acti-

40 2155 112 63 ue.
104 2155 96 63 Et
152 2155 128 63 haec
233 2155 112 63 est
297 2155 145 63 ratio
393 2155 128 63 veri
473 2155 96 63 in
522 2155 96 63 re
570 2155 321 63 imperfectissima,
843 2155 209 63 priusquam
1003 2155 241 63 manifestans
1196 2155 112 63 est
1260 2155 96 63 se
1308 2155 241 63 intellectui
1501 2155 193 63 secundum
1646 2155 161 63 actum:
1742 2155 48 63 &

31 2206 247 57 actualiter
226 2206 300 57 intelligitur.
473 2206 124 57 Sed
543 2206 124 57 cum
614 2206 124 57 est
685 2206 212 57 secundum
844 2206 159 57 actum
949 2206 106 57 se
1002 2206 265 57 manifestans
1214 2206 283 57 intellectui:
1444 2206 141 57 tunc
1532 2206 159 57 habet
1620 2206 177 57 rationem

43 2262 140 62 veri
130 2262 245 62 perfectam,
322 2262 122 62 sed
392 2262 105 62 vt
444 2262 105 62 in
497 2262 262 62 concretione
707 2262 87 62 &
742 2262 122 62 sub
811 2262 192 62 ratione
951 2262 262 62 participati
1161 2262 332 62 perfectissimam:
1441 2262 105 62 vt
1493 2262 175 62 quando
1615 2262 105 62 se
1650 2262 140 62 manife

23 2316 133 56 stat
106 2316 116 56 sub
173 2316 182 56 ratione
305 2316 215 56 veritatis
471 2316 99 56 vt
520 2316 99 56 in
570 2316 265 56 abstractione
785 2316 282 56 consideratur,
1017 2316 133 56 quae
1100 2316 116 56 non
1166 2316 149 56 habet
1266 2316 133 56 esse
1349 2316 133 56 nisi
1432 2316 99 56 in
1481 2316 182 56 actuali
1597 2316 199 56 perceptio-

32 2369 107 66 ne
86 2369 107 66 vt
139 2369 213 66 obiectum
299 2369 107 66 in
352 2369 284 66 cognoscente,
583 2369 107 66 vt
636 2369 266 66 conformitas
849 2369 89 66 &
884 2369 249 66 coaequatio
1080 2369 231 66 vtriusque
1257 2369 213 66 verorum:
1417 2369 142 66 sine
1506 2369 160 66 cuius
1595 2369 195 66 perceptio

35 2419 107 59 ne
89 2419 125 59 non
160 2419 250 59 percipitur
357 2419 215 59 veritas:
518 2419 125 59 sed
589 2419 161 59 solum
697 2419 107 59 id
750 2419 143 59 quod
840 2419 161 59 verum
947 2419 125 59 est
1018 2419 143 59 siue
1108 2419 232 59 veritatem
1286 2419 179 59 habens
1412 2419 125 59 aut
1483 2419 286 59 participans.
1698 2419 89 59 Nec

43 2475 162 65 potest
156 2475 130 65 illa
237 2475 178 65 veritas
367 2475 178 65 percipi
497 2475 130 65 sine
578 2475 243 65 perceptione
773 2475 81 65 &
805 2475 227 65 collatione
984 2475 211 65 adinuicem
1146 2475 211 65 vtriusque
1308 2475 178 65 verorum
1438 2475 195 65 secundum
1568 2475 227 65 correspondem

29 2533 141 65 tiam:
123 2533 141 65 sicut
217 2533 109 65 nec
279 2533 156 65 potest
389 2533 172 65 percipi
514 2533 172 65 veritas
639 2533 188 65 imaginis
779 2533 188 65 Caesaris
920 2533 125 65 sine
998 2533 234 65 inspectione
1186 2533 203 65 vtriusue.
1342 2533 188 65 scilicet
1483 2533 78 65 &
1514 2533 188 65 Caesaris
1654 2533 78 65 &
1670 2533 125 65 imagi-

32 2583 126 59 nis,
111 2583 79 59 &
142 2583 220 59 collatione
315 2583 141 59 eorum
409 2583 141 59 inter
503 2583 110 59 se.
566 2583 188 59 secundum
708 2583 330 59 correspondentiam,
990 2583 188 59 secundum
1131 2583 126 59 quod
1210 2583 141 59 supra
1304 2583 204 59 expositum
1461 2583 110 59 est
1524 2583 94 59 in
1555 2583 236 59 quaestionibus

28 2635 90 57 an
73 2635 195 57 contingit
223 2635 165 57 aliquid
344 2635 150 57 scire.
449 2635 120 57 Haec
524 2635 135 57 autem
614 2635 135 57 vera,
704 2635 135 57 inter
794 2635 105 57 qu.
854 2635 180 57 scilicet
990 2635 135 57 debet
1080 2635 135 57 fieri
1170 2635 195 57 huiusmodi
1320 2635 195 57 collatio:
1470 2635 75 57 &
1501 2635 120 57 quae
1576 2635 150 57 debent
1681 2635 105 57 sic
1726 2635 60 57 si

27 2683 100 68 bi
77 2683 300 68 correspondere,
327 2683 133 68 sunt
410 2683 117 68 res
477 2683 133 68 ipsa
560 2683 133 68 quae
644 2683 117 68 est
710 2683 133 68 vera
794 2683 117 68 res
860 2683 150 68 extra
960 2683 100 68 in
1010 2683 117 68 sua
1077 2683 200 68 essentia
1227 2683 83 68 &
1260 2683 183 68 natura,
1393 2683 83 68 &
1427 2683 133 68 ipse
1510 2683 250 68 intellectus
1710 2683 117 68 qui

31 2746 115 61 est
96 2746 148 61 verus
195 2746 99 61 ex
245 2746 132 61 vero
327 2746 198 61 conceptu
475 2746 165 61 illius
590 2746 132 61 rei.
673 2746 132 61 Quae
755 2746 165 61 quidem
870 2746 198 61 collatio
1018 2746 115 61 sit
1084 2746 115 61 per
1150 2746 148 61 actum
1249 2746 247 61 intellectus
1446 2746 280 61 considerantis
1677 2746 99 61 si
1710 2746 82 61 con

29 2797 148 61 ceptus
133 2797 89 61 in
178 2797 208 61 intellectu
341 2797 104 61 nec
400 2797 119 61 plus
475 2797 104 61 nec
534 2797 134 61 minus
623 2797 178 61 continet
757 2797 119 61 quam
831 2797 178 61 continet
965 2797 148 61 natura
1068 2797 104 61 rei
1128 2797 148 61 extra:
1232 2797 104 61 ita
1291 2797 119 61 quod
1365 2797 148 61 istius
1469 2797 223 61 collationis
1648 2797 104 61 res
1692 2797 104 61 extra

33 2849 120 59 sit
101 2849 137 59 vnum
187 2849 257 59 extremorum:
393 2849 86 59 &
427 2849 137 59 ipse
513 2849 223 59 conceptus
684 2849 103 59 de
736 2849 137 59 illa
822 2849 103 59 re
873 2849 120 59 sit
942 2849 171 59 aliud.
1062 2849 103 59 vt
1113 2849 103 59 si
1165 2849 257 59 intellectus
1370 2849 206 59 inueniat
1525 2849 137 59 quod
1593 2849 189 59 conceptus

37 2906 117 53 eius
111 2906 103 53 nec
169 2906 117 53 plus
243 2906 103 53 nec
302 2906 132 53 minus
390 2906 191 53 contineat
536 2906 117 53 quam
610 2906 176 53 continet
742 2906 147 53 natura
845 2906 103 53 rei
903 2906 147 53 extra,
1006 2906 161 53 iudicat
1123 2906 117 53 quod
1197 2906 132 53 verus
1285 2906 103 53 est
1344 2906 220 53 intellectus
1520 2906 205 53 conceptus:
1681 2906 73 53 &
1696 2906 88 53 econ

35 2956 151 57 uerso
136 2956 101 57 si
186 2956 184 57 inuenit
320 2956 134 57 quod
404 2956 218 57 conceptus
572 2956 134 57 eius
655 2956 134 57 plus
739 2956 117 57 aut
806 2956 151 57 minus
907 2956 218 57 contineat
1074 2956 134 57 quam
1158 2956 168 57 natura
1275 2956 117 57 rei
1342 2956 168 57 extra,
1460 2956 184 57 iudicat
1594 2956 134 57 quod
1661 2956 134 57 conce-

29 3009 135 58 ptus
113 3009 118 58 est
181 3009 168 58 falsus
298 3009 84 58 &
332 3009 235 58 diminutus:
517 3009 84 58 &
551 3009 168 58 simile
668 3009 202 58 iudicium
820 3009 151 58 facit
921 3009 151 58 circa
1021 3009 135 58 rem.
1105 3009 101 58 Et
1156 3009 118 58 sic
1223 3009 101 58 ex
1274 3009 235 58 collatione
1459 3009 235 58 vtriusque,
1627 3009 168 58 scilicet

40 3067 131 63 rei
115 3067 94 63 &
153 3067 262 63 conceptus:
359 3067 225 63 secundum
527 3067 243 63 huiusmodi
714 3067 318 63 conformitatem
976 3067 262 63 concipitur
1182 3067 206 63 veritas
1332 3067 112 63 in
1388 3067 300 63 abstractione
1632 3067 150 63 quae
1706 3067 94 63 est

33 3113 178 57 forma
152 3113 256 57 vtriusque
349 3113 217 57 verorum
507 3113 256 57 inquantum
704 3113 158 57 vera
803 3113 178 57 sunt:
921 3113 99 57 &
960 3113 138 57 hoc
1039 3113 138 57 non
1118 3113 158 57 nisi
1217 3113 276 57 intellectu
1434 3113 237 57 complexo
1611 3113 138 57 quo
1671 3113 118 57 vnum

30 3169 268 54 comparatur
240 3169 191 54 alteri
374 3169 229 54 secundum
546 3169 382 54 correspondentiam
871 3169 96 54 &
909 3169 344 54 conformitatem,
1196 3169 210 54 dicente
1349 3169 325 54 intelligentia
1617 3169 210 54 quoniam

34 3218 108 67 hoc
95 3218 108 67 est
157 3218 185 67 conforme
295 3218 139 67 illi:
388 3218 77 67 &
419 3218 200 67 econuerso
573 3218 139 67 (quod
665 3218 139 67 tamen
758 3218 169 67 venatum
881 3218 108 67 est
942 3218 92 67 ex
989 3218 123 67 illo
1066 3218 216 67 intellectu
1235 3218 185 67 complexo
1374 3218 216 67 collatiuo)
1543 3218 216 67 concipitur
1697 3218 108 67 intel

27 3272 167 70 lectus
144 3272 268 70 incomplaexus
362 3272 201 70 scilicet
513 3272 301 70 conformitatis,
764 3272 134 70 quae
848 3272 117 70 est
915 3272 151 70 inter
1015 3272 134 70 illa
1099 3272 184 70 extrema
1233 3272 268 70 collationis.
1450 3272 251 70 Quemadmodum
1651 3272 134 70 enim
1718 3272 84 70 com
