2330 3771
550 357 143 102 lso
631 357 225 102 quomodo
795 357 184 102 debet
918 357 164 102 poni
1020 357 123 102 in
1081 357 143 102 deo
1163 357 184 102 ratio
1285 357 368 102 intelligibilis
1592 357 225 102 tanquam
1735 357 82 102 ob

560 436 155 66 iecti
663 436 258 66 cognitionis
869 436 309 66 intellectiuae:
1126 436 206 66 sequitur
1281 436 189 66 quomodo
1418 436 155 66 debet
1521 436 137 66 poni
1607 436 103 66 in
1659 436 103 66 eo
1693 436 120 66 ratio

569 497 253 65 intellectus
771 497 185 65 tanquam
906 497 219 65 potentiae
1075 497 118 65 qua
1142 497 135 65 agit
1227 497 135 65 suam
1311 497 253 65 operationem
1513 497 304 65 intellectiuam.
1750 497 67 65 Et

569 549 213 66 occasione
732 549 131 66 eius
814 549 131 66 quod
896 549 246 66 intellectus
1093 549 115 66 est
1158 549 98 66 in
1208 549 115 66 deo
1273 549 147 66 quasi
1371 549 197 66 potentia
1519 549 197 66 quaedam,
1666 549 147 66 circa
1748 549 82 66 hoc

563 604 228 65 quaerenda
739 604 140 65 sunt
826 604 140 65 duo.
914 604 140 65 Vnum
1002 604 105 65 de
1054 604 210 65 potentia
1212 604 105 65 in
1264 604 228 65 generali.
1440 604 158 65 Aliud
1545 604 140 65 vero
1632 604 105 65 in
1667 604 158 65 specia-

562 655 107 87 li
616 655 107 87 de
669 655 214 87 potentia
830 655 143 87 quae
919 655 125 87 est
990 655 285 87 intellectus.
1222 655 107 87 Et
1276 655 161 87 circa
1383 655 178 87 primum
1508 655 196 87 istorum
1633 655 196 87 quaerenda

560 702 131 61 sunt
625 702 131 61 octo.,

565 731 200 100 Primum:
710 731 164 100 vtrum
820 731 109 100 in
874 731 128 100 deo
947 731 128 100 sit
1020 731 219 100 potentia
1184 731 200 100 aliqua.

558 787 240 104 Secundum:
742 787 166 104 vtrum
853 787 111 104 in
908 787 129 104 deo
982 787 129 104 sit
1056 787 185 104 aliqua
1185 787 221 104 potentia
1332 787 185 104 passiua.

564 862 209 83 Tertium:
720 862 157 83 vtrum
825 862 122 83 sit
894 862 122 83 vna
964 862 174 83 tantum
1086 862 104 83 an
1120 862 157 83 plures.

65 916 229 84 Quartum:
236 916 171 84 vtrum
351 916 114 84 in
408 916 133 84 deo
484 916 133 84 sit
560 916 229 84 potentia
713 916 171 84 actiua.

61 966 244 79 Quintum:
244 966 183 79 vtrum
366 966 143 79 sit
448 966 143 79 vna
529 966 122 79 an
570 966 183 79 plures.

64 996 198 91 Sextum:
208 996 162 91 vtrum
315 996 215 91 potentia
477 996 126 91 dei
549 996 180 91 actiua
675 996 126 91 sit
728 996 198 91 infinita.

74 1072 241 100 Septimum:
260 1072 167 100 vtrum
371 1072 130 100 sit
446 1072 241 100 differens
631 1072 93 100 a
668 1072 260 100 substantia
872 1072 93 100 &
910 1072 167 100 etiam
1021 1072 111 100 ab
1058 1072 130 100 actu.

78 1131 224 76 Octauum:
246 1131 168 76 vtrum
358 1131 168 76 dicat
470 1131 168 76 quid,
582 1131 112 76 an
638 1131 112 76 ad
694 1131 224 76 aliquid.

394 1199 134 78 Irca
478 1199 167 78 primum
595 1199 200 78 arguitur
745 1199 134 78 quod
829 1199 100 78 in
879 1199 117 78 deo
945 1199 117 78 non
1012 1199 117 78 sit
1079 1199 167 78 aliqua
1196 1199 200 78 potentia
1346 1199 150 78 Primo
1447 1199 134 78 sic.
1530 1199 200 78 potentia
1680 1199 84 78 &
1697 1199 117 78 actus

401 1258 191 82 secundum
545 1258 255 82 Philosophum.
752 1258 112 82 ix.
816 1258 144 82 meta.
912 1258 128 82 sunt
991 1258 223 82 contraria.
1167 1258 128 82 Nunc
1247 1258 144 82 autem
1342 1258 96 82 in
1390 1258 223 82 contrariis
1566 1258 112 82 ita
1630 1258 112 82 est
1693 1258 128 82 quod
1773 1258 96 82 in

401 1310 117 67 quo
468 1310 151 67 inest
569 1310 134 67 vnum
652 1310 268 67 contrariorum
870 1310 251 67 naturaliter
1071 1310 101 67 vt
1122 1310 134 67 igni
1205 1310 201 67 calidum,
1356 1310 117 67 non
1423 1310 151 67 inest
1524 1310 201 67 reliquum
1674 1310 151 67 neque
1758 1310 67 67 po

393 1370 115 66 test
465 1370 158 66 inesse:
580 1370 86 66 vt
623 1370 115 66 igni
695 1370 101 66 non
752 1370 144 66 potest
853 1370 144 66 inesse
954 1370 187 66 frigidum,
1097 1370 129 66 sicut
1184 1370 129 66 dicit
1270 1370 216 66 Philosophus
1443 1370 86 66 in
1486 1370 273 66 praedicamentis.
1716 1370 101 66 Sed
1773 1370 86 66 in

393 1425 121 59 deo
462 1425 260 59 naturaliter
670 1425 156 59 inest
774 1425 139 59 quod
860 1425 121 59 sit
930 1425 156 59 actus
1033 1425 156 59 purus
1137 1425 173 59 omnino
1259 1425 121 59 non
1328 1425 225 59 admixtus.
1501 1425 294 59 potentialiter
1726 1425 104 59 enim

387 1474 107 64 non
448 1474 138 64 esset
540 1474 153 64 omnino
647 1474 183 64 simplex,
784 1474 92 64 vt
830 1474 168 64 habitum
952 1474 107 64 est
1013 1474 153 64 supra.
1121 1474 122 64 ergo
1197 1474 107 64 &c.
1289 1474 168 64 Secundo
1411 1474 122 64 sic.
1487 1474 138 64 sicut
1579 1474 92 64 se
1625 1474 138 64 habet
1701 1474 138 64 primuma

383 1518 85 84 &
417 1518 153 84 summe
519 1518 119 84 ens
587 1518 102 84 in
638 1518 204 84 potentia
791 1518 102 84 ad
842 1518 170 84 actum,
961 1518 119 84 sic
1029 1518 102 84 se
1080 1518 153 84 habet
1183 1518 170 84 primum
1302 1518 85 84 &
1336 1518 153 84 summe
1438 1518 119 84 ens
1506 1518 136 84 actu
1591 1518 102 84 ad
1625 1518 204 84 potentiam.

76 1574 113 77 sed
141 1574 113 77 ens
205 1574 162 77 primum
319 1574 81 77 &
351 1574 146 77 summe
448 1574 97 77 in
497 1574 194 77 potentia
642 1574 210 77 cuiusmodi
804 1574 113 77 est
869 1574 146 77 prima
966 1574 194 77 materia,
1112 1574 97 77 ex
1160 1574 113 77 sua
1225 1574 162 77 natura
1338 1574 97 77 in
1387 1574 97 77 se
1436 1574 243 77 considerata
1630 1574 162 77 nullum
1727 1574 97 77 omni

74 1640 98 65 no
123 1640 98 65 in
172 1640 98 65 se
221 1640 147 65 habet
319 1640 163 65 actum,
433 1640 98 65 vt
482 1640 147 65 debet
580 1640 180 65 ostendi
711 1640 196 65 loquendo
858 1640 98 65 de
907 1640 147 65 prima
1005 1640 196 65 materia.
1152 1640 131 65 ergo
1234 1640 163 65 primum
1348 1640 82 65 &
1381 1640 147 65 summe
1479 1640 114 65 ens
1544 1640 98 65 in
1593 1640 147 65 actu:
1675 1640 147 65 cuiusmo

67 1693 105 71 di
120 1693 123 71 est
190 1693 158 71 deus,
296 1693 105 71 vt
348 1693 193 71 habitum
489 1693 123 71 est
559 1693 176 71 supra:
682 1693 105 71 ex
734 1693 123 71 sua
805 1693 176 71 natura
927 1693 105 71 in
980 1693 105 71 se
1033 1693 176 71 nullam
1156 1693 176 71 omnino
1278 1693 158 71 habet
1384 1693 246 71 potentiam.
1612 1693 176 71 Tertio
1735 1693 123 71 sic
1787 1693 53 71 i

71 1738 244 80 Philosophus
266 1738 147 80 vult.
364 1738 147 80 viii.
462 1738 244 80 metaphysiy.
657 1738 130 80 quod
739 1738 195 80 potentia
885 1738 179 80 nobili,
1016 1738 195 80 nobilior
1162 1738 114 80 est
1227 1738 163 80 actus.
1341 1738 147 80 Multo
1439 1738 179 80 fortius
1569 1738 130 80 ergo
1651 1738 81 80 &
1667 1738 163 80 potentia

74 1791 227 67 ignobili.
248 1791 122 67 sed
318 1791 157 67 solum
423 1791 105 67 id
476 1791 140 67 quod
563 1791 122 67 est
633 1791 210 67 nobilius
791 1791 105 67 in
843 1791 157 67 rebus
948 1791 122 67 deo
1018 1791 280 67 attribuendum
1246 1791 140 67 est,
1333 1791 105 67 vt
1386 1791 192 67 habitum
1526 1791 122 67 est
1596 1791 175 67 supra.
1718 1791 140 67 ergo

71 1852 121 60 &c.
174 1852 173 60 Quarto
295 1852 138 60 sic.
382 1852 259 60 Philosophus
589 1852 155 60 etiam
693 1852 190 60 ibidem.
831 1852 104 60 In
883 1852 155 60 eodem
986 1852 173 60 numero
1107 1852 173 60 semper
1228 1852 207 60 potentia
1384 1852 225 60 praecedit
1557 1852 173 60 actum,
1678 1852 138 60 Deus
1747 1852 86 60 est

76 1908 134 65 vnus
160 1908 84 65 &
193 1908 134 65 idem
277 1908 184 65 numero,
410 1908 100 65 vt
461 1908 184 65 habitum
594 1908 117 65 est
661 1908 167 65 supra.
778 1908 100 65 Si
828 1908 134 65 ergo
912 1908 201 65 potentia
1062 1908 117 65 est
1129 1908 100 65 in
1179 1908 150 65 ipso,
1279 1908 217 65 praecedit
1446 1908 167 65 actum.
1563 1908 117 65 Sed
1630 1908 150 65 actus
1714 1908 100 65 eius

66 1954 102 64 in
117 1954 119 64 quo
185 1954 152 64 omnes
286 1954 169 64 diuini
405 1954 152 64 actus
507 1954 220 64 fundantur
676 1954 119 64 est
744 1954 152 64 esse.
845 1954 186 64 aliquid
981 1954 136 64 ergo
1066 1954 102 64 in
1116 1954 119 64 deo
1184 1954 102 64 vt
1235 1954 203 64 potentia
1387 1954 254 64 praecederet
1591 1954 152 64 esse.
1692 1954 119 64 hoc
1743 1954 68 64 au

78 2007 122 74 tem
147 2007 122 74 est
217 2007 280 74 impossibile:
445 2007 140 74 quia
532 2007 140 74 esse
620 2007 105 74 in
672 2007 210 74 quolibet
830 2007 122 74 est
900 2007 210 74 intentio
1057 2007 157 74 prima
1162 2007 87 74 &
1197 2007 175 74 primus
1320 2007 245 74 conceptus,
1512 2007 105 74 vt
1565 2007 192 74 habitum
1705 2007 122 74 est
1757 2007 70 74 su

80 2064 128 67 pra.
160 2064 128 67 ergo
240 2064 112 67 &c.
335 2064 160 67 Quinto
447 2064 128 67 sic.
527 2064 239 67 Philosophus
718 2064 160 67 dicit.
830 2064 144 67 viii.
926 2064 144 67 meta.
1021 2064 160 67 Nullum
1133 2064 223 67 aeternorum
1308 2064 112 67 est
1372 2064 96 67 in
1420 2064 207 67 potentia.
1580 2064 112 67 vbi
1644 2064 144 67 dicit
1723 2064 96 67 Com-

81 2119 132 74 men.
164 2119 199 74 Potentia
313 2119 132 74 enim
396 2119 116 74 non
462 2119 116 74 est
528 2119 132 74 nisi
611 2119 99 74 in
661 2119 281 74 generabilibus
893 2119 83 74 &
926 2119 331 74 corruptibilibus.
1207 2119 132 74 Deus
1290 2119 149 74 autem
1389 2119 116 74 est
1455 2119 149 74 summe
1555 2119 215 74 aeternus,
1720 2119 83 74 &
1737 2119 99 74 ideo

78 2170 288 72 ingenerabilis
315 2170 85 72 &
349 2170 339 72 incorruptibilis,
638 2170 102 72 vt
689 2170 187 72 habitum
824 2170 119 72 est
892 2170 170 72 supra.
1011 2170 136 72 ergo
1096 2170 119 72 &c.
1197 2170 170 72 Contra
1316 2170 136 72 lob.
1401 2170 153 72 xxxv.
1503 2170 136 72 Deus
1588 2170 204 72 potentes
1740 2170 119 72 non

78 2220 193 85 abiicit,
223 2220 113 85 cum
287 2220 81 85 &
320 2220 129 85 ipse
400 2220 161 85 potens
513 2220 129 85 sit.
594 2220 81 85 &
626 2220 161 85 Eccle.
739 2220 129 85 iii.
819 2220 145 85 Magna
916 2220 113 85 est
981 2220 193 85 potentia
1126 2220 113 85 dei
1190 2220 177 85 solius.
1319 2220 113 85 Sed
1384 2220 145 85 nonem
1480 2220 193 85 potentia
1626 2220 193 85 alicuius
1755 2220 64 85 ne

76 2287 125 62 quod
154 2287 171 62 aliquis
279 2287 109 62 est
341 2287 171 62 potens,
466 2287 125 62 nisi
544 2287 94 62 in
591 2287 94 62 eo
638 2287 109 62 sit
700 2287 203 62 potentia.
856 2287 125 62 ergo
918 2287 78 62 &c.

112 2315 264 89 Secundum
310 2315 176 89 quod
420 2315 198 89 supra
552 2315 352 89 determinatum
838 2315 154 89 est
926 2315 198 89 circa
1059 2315 198 89 modum
1191 2315 330 89 cognoscendi
1455 2315 198 89 deum:
1587 2315 110 89 &
1631 2315 132 89 ea
1697 2315 176 89 quae

73 2399 268 67 cognoscenda
287 2399 143 67 sunt
377 2399 161 67 circa
484 2399 178 67 ipsum:
609 2399 107 67 in
662 2399 268 67 cognoscendo
876 2399 143 67 deum
965 2399 89 67 &
1001 2399 143 67 alia
1090 2399 161 67 circa
1198 2399 161 67 ipsum
1305 2399 143 67 quae
1394 2399 107 67 ei
1447 2399 143 67 sunt
1537 2399 286 67 attribuenda,
1769 2399 107 67 ma

71 2451 132 57 xime
154 2451 182 57 oportet
286 2451 215 57 procedere
452 2451 116 57 via
518 2451 248 57 remotionis:
716 2451 132 57 quia
799 2451 149 57 etiam
898 2451 116 57 via
964 2451 265 57 causalitatis
1179 2451 83 57 &
1212 2451 231 57 eminentiae
1394 2451 198 57 fundatur
1543 2451 149 57 supra
1642 2451 132 57 viam
1708 2451 116 57 remo-

73 2498 168 63 tionis.
195 2498 198 63 Remouendo
347 2498 122 63 enim
423 2498 76 63 a
454 2498 107 63 deo
515 2498 122 63 omne
591 2498 122 63 quod
667 2498 183 63 causatum
805 2498 107 63 est
866 2498 91 63 ab
911 2498 91 63 eo
957 2498 91 63 in
1003 2498 213 63 creaturis,
1170 2498 107 63 sub
1231 2498 168 63 ratione
1353 2498 122 63 illa
1430 2498 122 63 quae
1506 2498 107 63 est
1567 2498 91 63 in
1613 2498 198 63 creaturis
1750 2498 76 63 pro

79 2555 111 66 pter
149 2555 111 66 eius
218 2555 265 66 imperfectionem:
441 2555 195 66 econtrario
595 2555 153 66 tanquam
706 2555 139 66 causae
804 2555 70 66 &
832 2555 237 66 supereminenti
1027 2555 209 66 attribuitur
1194 2555 167 66 quicquid
1319 2555 223 66 perfectionis
1500 2555 181 66 inuenitur
1640 2555 84 66 in
1682 2555 111 66 eis,
1751 2555 98 66 sed

77 2612 134 66 modo
161 2612 336 66 supreminentiori,
447 2612 101 66 vt
497 2612 151 66 supra
598 2612 269 66 determinatum
816 2612 134 66 est.
900 2612 118 66 Via
967 2612 168 66 igitur
1085 2612 235 66 remotionis
1270 2612 84 66 a
1303 2612 118 66 deo
1371 2612 134 66 eius
1454 2612 134 66 quod
1538 2612 118 66 est
1606 2612 218 66 oppositum
1757 2612 67 66 po

89 2666 175 61 tentiae,
220 2666 160 61 oportet
337 2666 145 61 videre
438 2666 116 61 quom
511 2666 160 61 necesse
628 2666 160 61 habemus
744 2666 145 61 ponere
846 2666 116 61 quod
918 2666 87 61 in
962 2666 102 61 deo
1020 2666 102 61 sit
1078 2666 189 61 potentia.
1224 2666 102 61 Est
1282 2666 145 61 igitur
1384 2666 175 61 sciendum
1515 2666 116 61 quod
1587 2666 189 61 potentiae
1718 2666 102 61 priua

86 2716 122 65 tiue
162 2716 198 65 opponitur
314 2716 213 65 impotentia
481 2716 122 65 siue
557 2716 183 65 carentia
694 2716 213 65 potentiae:
862 2716 274 65 contradictorie
1090 2716 122 65 vero
1166 2716 106 65 non
1227 2716 198 65 potentia,
1379 2716 122 65 siue
1455 2716 167 65 negatio
1577 2716 213 65 potentiae.
1729 2716 91 65 Impo

80 2779 159 58 tentiam
195 2779 130 58 autem
282 2779 115 58 siue
354 2779 216 58 priuationem
527 2779 101 58 aut
585 2779 188 58 carentiam
729 2779 173 58 alicuius
859 2779 188 58 potentiae
1003 2779 216 58 impossibile
1176 2779 101 58 est
1234 2779 144 58 ponere
1335 2779 87 58 in
1378 2779 115 58 deo:
1450 2779 115 58 quia
1522 2779 173 58 priuatio
1652 2779 72 58 &
1667 2779 144 58 carentia

84 2829 91 63 non
136 2829 91 63 est
188 2829 104 63 nisi
254 2829 104 63 eius
319 2829 104 63 quod
384 2829 118 63 natum
463 2829 91 63 est
515 2829 144 63 habere:
619 2829 65 63 &
646 2829 91 63 non
698 2829 144 63 habitum
802 2829 91 63 pro
855 2829 118 63 tpere
933 2829 91 63 pro
985 2829 91 63 quo
1037 2829 118 63 natum
1116 2829 91 63 est
1168 2829 144 63 habere.
1272 2829 157 63 secundum
1390 2829 196 63 Philosophum
1547 2829 78 63 in
1586 2829 248 63 praedicamentis:
1782 2829 39 63 &

78 2879 87 61 in
122 2879 87 61 v.
166 2879 87 61 &.
209 2879 102 61 ix.
267 2879 116 61 met,
340 2879 116 61 quod
412 2879 102 61 est
471 2879 145 61 magnae
572 2879 276 61 imperfectionis:
805 2879 73 61 &
834 2879 116 61 ideo
906 2879 131 61 nihil
993 2879 189 61 priuatiue
1139 2879 174 61 ponendum
1269 2879 102 61 est
1327 2879 102 61 deo
1385 2879 160 61 inesse.
1502 2879 116 61 Vnde
1574 2879 102 61 nec
1632 2879 189 61 infinitus
1763 2879 58 61 po

82 2932 140 74 terit
176 2932 124 74 dici
253 2932 217 74 priuatiue,
424 2932 93 74 vt
471 2932 140 74 infra
564 2932 217 74 videbitur.
735 2932 109 74 Aut
797 2932 124 74 ergo
874 2932 202 74 oportebit
1030 2932 109 74 nos
1092 2932 155 74 ponere
1200 2932 202 74 potentiam
1356 2932 171 74 aliquam
1480 2932 109 74 deo
1542 2932 171 74 inesse:
1666 2932 109 74 aut
1713 2932 93 74 quod

84 2982 168 68 potentia
210 2982 140 68 omnino
308 2982 98 68 non
364 2982 98 68 est
420 2982 112 68 nata
490 2982 112 68 esse
561 2982 84 68 in
603 2982 112 68 deo:
673 2982 126 68 sicut
757 2982 98 68 nec
813 2982 210 68 impotentia:
981 2982 140 68 veluti
1079 2982 140 68 lapidi
1177 2982 126 68 neque
1261 2982 126 68 visio
1345 2982 112 68 nata
1416 2982 98 68 est
1472 2982 140 68 inesse
1570 2982 126 68 neque
1654 2982 182 68 caecitas:

91 3039 74 59 &
121 3039 118 59 quod
194 3039 103 59 sic
253 3039 162 59 negatio
371 3039 191 59 potentiae
518 3039 221 59 simpliciter
694 3039 118 59 vere
768 3039 103 59 deo
827 3039 235 59 attribuatur:
1018 3039 88 59 vt
1062 3039 132 59 sicut
1150 3039 132 59 lapis
1239 3039 162 59 dicitur
1356 3039 103 59 non
1415 3039 162 59 videns,
1533 3039 118 59 Deus
1606 3039 162 59 dicatur
1724 3039 103 59 non
1768 3039 59 59 po

80 3100 144 52 tens.
176 3100 144 52 Etenm
273 3100 144 52 licet
369 3100 112 52 non
433 3100 96 52 de
481 3100 193 52 quolibet
626 3100 193 52 priuatio
770 3100 112 52 vel
834 3100 193 52 habitus:
979 3100 112 52 sed
1043 3100 144 52 solum
1139 3100 96 52 de
1187 3100 177 52 proprio
1316 3100 193 52 subiecto
1460 3100 112 52 pro
1524 3100 177 52 tempore
1653 3100 96 52 in
1701 3100 112 52 quo
1749 3100 64 52 al

77 3154 143 64 terum
172 3154 143 64 eorum
268 3154 143 64 natum
363 3154 111 64 est
426 3154 175 64 inesse:
553 3154 95 64 de
601 3154 190 64 quolibet
744 3154 143 64 tamen
839 3154 127 64 siue
918 3154 127 64 enti
998 3154 127 64 siue
1077 3154 111 64 non
1141 3154 143 64 enti:
1236 3154 222 64 affirmatio
1410 3154 127 64 siue
1490 3154 175 64 negatio
1617 3154 238 64 cuiuscumque

75 3193 75 83 &
105 3193 105 83 non
165 3193 135 83 simul
255 3193 90 83 de
300 3193 150 83 eodem,
405 3193 120 83 Deus
480 3193 120 83 ergo
554 3193 90 83 si
599 3193 105 83 non
659 3193 180 83 dicendus
794 3193 105 83 est
854 3193 120 83 esse
929 3193 150 83 potens
1034 3193 165 83 habendo
1154 3193 90 83 in
1199 3193 90 83 se
1244 3193 210 83 potentiam,
1408 3193 120 83 vere
1483 3193 180 83 dicendus
1618 3193 105 83 est
1678 3193 120 83 esse
1738 3193 75 83 non
