2226 3774
458 246 181 78 potens,
589 246 181 78 negando
721 246 99 78 ab
770 246 99 78 eo
819 246 148 78 omnem
918 246 197 78 rationem
1066 246 230 78 potentiae,
1247 246 131 78 quod
1329 246 164 78 omnino
1444 246 197 78 absurdum
1592 246 115 78 est
1657 246 82 78 &
1690 246 263 78 inconueniens
1904 246 181 78 dicere,
2036 246 99 78 ac
2068 246 99 78 con-

467 290 109 89 tra
530 290 202 89 rationem.
685 290 124 89 Quod
763 290 202 89 declarari
918 290 140 89 habet
1012 290 93 89 ex
1058 290 171 89 diuinis
1183 290 187 89 actibus,
1323 290 109 89 tam
1385 290 93 89 ex
1432 290 140 89 illis
1525 290 109 89 qui
1587 290 124 89 sunt
1665 290 93 89 vt
1711 290 140 89 forma
1805 290 78 89 &
1836 290 171 89 habitus
1960 290 124 89 quam
2038 290 93 89 ex
2069 290 109 89 illis

465 344 118 80 qui
532 344 135 80 sunt
617 344 101 80 vt
667 344 151 80 agere
768 344 84 80 &
802 344 202 80 operari.
953 344 118 80 His
1020 344 135 80 enim
1104 344 151 80 modis
1205 344 185 80 dicitur
1340 344 168 80 actus,
1458 344 101 80 vt
1508 344 185 80 habitum
1643 344 118 80 est
1710 344 168 80 supra,
1828 344 185 80 quoniam
1962 344 219 80 potentiae
2114 344 67 80 co

468 402 249 80 gnoscuntur
664 402 124 80 per
735 402 178 80 actus,
859 402 213 80 secundum
1019 402 267 80 Philosophum
1233 402 196 80 secundo
1375 402 107 80 de
1428 402 178 80 anima.
1553 402 89 80 &
1588 402 107 80 vt
1642 402 160 80 dicit
1748 402 196 80 Commen.
1891 402 178 80 super.
2015 402 124 80 ix.
2068 402 107 80 Meta

468 453 196 78 possibile
618 453 105 78 non
679 453 241 78 intelligitur
874 453 120 78 nisi
950 453 181 78 respectu
1085 453 151 78 actus:
1191 453 166 78 quoniam
1311 453 135 78 actus
1401 453 75 78 &
1431 453 181 78 potentia
1567 453 120 78 sunt
1642 453 196 78 relatiua.
1793 453 90 78 Si
1838 453 120 78 enim
1913 453 120 78 deus
1988 453 105 78 est
2034 453 135 78 sapiens

469 510 139 67 bonus,
566 510 83 67 et
608 510 83 67 si
650 510 125 67 sapit
733 510 69 67 &
761 510 83 67 si
803 510 208 67 intelligit,
969 510 153 67 generat
1080 510 69 67 &
1108 510 195 67 generatur,
1261 510 69 67 &
1289 510 153 67 caetera
1400 510 195 67 huiusmodi,
1553 510 111 67 quae
1622 510 83 67 in
1664 510 111 67 ipso
1733 510 125 67 sunt,
1817 510 97 67 vel
1872 510 111 67 quae
1942 510 83 67 in
1983 510 139 67 seipso
2081 510 97 67 vel
2122 510 56 67 ex

472 555 118 75 tra
539 555 101 75 se
590 555 151 75 agit:
691 555 84 75 &
725 555 168 75 nullam
842 555 168 75 omnino
960 555 151 75 habet
1061 555 101 75 in
1112 555 101 75 se
1162 555 236 75 potentiam:
1347 555 135 75 tunc
1432 555 118 75 est
1499 555 151 75 bonus
1600 555 84 75 &
1634 555 185 75 sapiens
1768 555 118 75 non
1836 555 185 75 habendo
1970 555 219 75 potentiam
2122 555 67 75 vt

475 612 103 71 sit
534 612 147 71 talis,
637 612 73 71 &
666 612 191 71 similiter
813 612 205 71 intelligit
974 612 103 71 non
1033 612 161 71 habendo
1151 612 191 71 potentiam
1297 612 88 71 vt
1341 612 220 71 intelligat,
1517 612 73 71 &
1547 612 103 71 sic
1606 612 88 71 de
1650 612 176 71 caeteris
1782 612 205 71 huiusmodi,
1943 612 117 71 quod
2017 612 147 71 omnino
2105 612 73 71 est

477 664 238 76 impossibile:
670 664 164 76 quoniam
789 664 89 76 vt
834 664 134 76 dicit
923 664 164 76 Philos.
1042 664 104 76 ix.
1102 664 134 76 Meta.
1191 664 104 76 qui
1250 664 134 76 dicit
1339 664 119 76 quod
1414 664 134 76 illud
1503 664 119 76 quod
1577 664 104 76 non
1637 664 134 76 habet
1726 664 193 76 potentiam
1875 664 89 76 vt
1919 664 119 76 sit,
1994 664 104 76 est
2053 664 104 76 aut
2098 664 89 76 erit

473 716 192 72 mentitur:
621 716 163 72 quoniam
740 716 104 72 non
799 716 148 72 habere
902 716 192 72 potentiam
1050 716 207 72 significat
1213 716 104 72 hoc
1272 716 89 72 id
1317 716 104 72 est
1376 716 178 72 secundum
1509 716 163 72 Commen.
1627 716 104 72 cum
1687 716 163 72 dicimus
1805 716 163 72 aliquid
1923 716 104 72 non
1983 716 148 72 habere
2071 716 104 72 poten

468 777 136 76 tiam,
559 777 212 76 intendimus
725 777 106 76 hoc
785 777 181 76 scilicet
921 777 106 76 non
982 777 151 76 habere
1088 777 197 76 potentiam
1239 777 91 76 ad
1284 777 136 76 esse.
1375 777 76 76 &
1405 777 151 76 iterum
1511 777 151 76 ibidem
1617 777 136 76 dicit
1707 777 166 76 Philos.
1828 777 136 76 Nihil
1919 777 121 76 erit
1995 777 91 76 ad
2040 777 121 76 quid
2100 777 76 76 non

476 826 169 80 potest:
599 826 92 80 et
645 826 92 80 si
691 826 185 80 moueatur
829 826 108 80 aut
891 826 185 80 mouebit,
1029 826 108 80 aut
1091 826 185 80 erigatur
1229 826 108 80 aut
1291 826 154 80 eriget
1399 826 154 80 aliud,
1506 826 108 80 aut
1568 826 108 80 est
1629 826 108 80 aut
1691 826 138 80 erit,
1783 826 108 80 aut
1845 826 108 80 non
1906 826 108 80 est
1968 826 108 80 aut
2029 826 108 80 non
2075 826 108 80 erit.

484 879 108 74 vbi
545 879 139 74 dicit
638 879 170 74 Commen.
761 879 93 74 i.
808 879 139 74 illud
900 879 123 74 quod
977 879 108 74 non
1039 879 139 74 habet
1132 879 201 74 potentiam
1286 879 93 74 ad
1332 879 185 74 aliquid,
1471 879 108 74 non
1533 879 216 74 disponetur
1703 879 108 74 per
1764 879 93 74 id
1811 879 93 74 ad
1857 879 123 74 quod
1934 879 108 74 non
1996 879 170 74 potest.
2104 879 77 74 ver

478 947 90 52 bi
523 947 166 52 gratia,
644 947 90 52 in
689 947 256 52 praedicamento
900 947 196 52 actionis:
1051 947 166 52 quoniam
1171 947 121 52 quod
1247 947 106 52 non
1307 947 151 52 potest
1412 947 196 52 ambulare,
1563 947 226 52 impossibile
1744 947 106 52 est
1804 947 121 52 quod
1880 947 90 52 in
1925 947 151 52 aliqua
2030 947 121 52 hora
2091 947 90 52 ambu

478 988 116 64 let:
550 988 72 64 &
579 988 116 64 omne
651 988 116 64 quod
724 988 101 64 est
781 988 174 64 aliquid,
912 988 145 64 potest
1013 988 87 64 ad
1056 988 145 64 illud.
1187 988 116 64 Quia
1259 988 145 64 igitur
1360 988 101 64 deo
1418 988 217 64 simpliciter
1592 988 232 64 attribuuntur
1780 988 130 64 actus
1867 988 174 64 huiusmod
1997 988 174 64 scilicet
2113 988 72 64 est

472 1038 167 69 sapere,
594 1038 243 69 intelligere,
791 1038 76 69 &
822 1038 167 69 caeteri
943 1038 107 69 qui
1004 1038 122 69 sunt
1080 1038 167 69 tanquam
1202 1038 259 69 dispositiones
1415 1038 167 69 diuinae
1537 1038 243 69 substantiae,
1735 1038 183 69 secundum
1872 1038 122 69 quod
1948 1038 167 69 habitum
2069 1038 107 69 est
2115 1038 61 69 su

471 1095 131 75 pra,
552 1095 82 75 &
585 1095 147 75 infra
683 1095 179 75 amplius
813 1095 196 75 dicetur:
960 1095 179 75 necesse
1091 1095 114 75 est
1156 1095 163 75 ponere
1270 1095 196 75 respectu
1417 1095 163 75 omnium
1531 1095 147 75 eorum
1629 1095 212 75 potentiam
1792 1095 98 75 in
1841 1095 131 75 deo.
1923 1095 98 75 Et
1972 1095 131 75 ideo
2053 1095 163 75 absolu

474 1153 92 67 te
520 1153 185 67 dicendum
659 1153 123 67 quod
736 1153 92 67 in
782 1153 108 67 deo
843 1153 108 67 est
905 1153 200 67 potentia.
1059 1153 123 67 quod
1136 1153 154 67 claret
1244 1153 139 67 nobis
1337 1153 92 67 ex
1383 1153 108 67 hoc
1444 1153 123 67 quod
1521 1153 139 67 multa
1614 1153 139 67 agit.
1706 1153 108 67 Non
1768 1153 123 67 enim
1845 1153 123 67 agit
1922 1153 123 67 nisi
1999 1153 123 67 quod
2061 1153 123 67 potens

474 1197 112 78 est
538 1197 160 78 agere:
650 1197 112 78 nam
715 1197 128 78 quod
795 1197 112 78 non
859 1197 160 78 potest
971 1197 160 78 agere,
1084 1197 241 78 impossibile
1276 1197 112 78 est
1340 1197 160 78 agere:
1453 1197 80 78 &
1485 1197 128 78 quod
1565 1197 241 78 impossibile
1758 1197 112 78 est
1822 1197 160 78 agere,
1934 1197 177 78 necesse
2063 1197 112 78 est
2111 1197 80 78 non

471 1257 168 68 agere,
589 1257 84 68 &
623 1257 219 68 similiter
791 1257 101 68 de
841 1257 252 68 intelligere
1043 1257 84 68 &
1077 1257 236 68 intelligi,
1262 1257 202 68 generare
1414 1257 84 68 &
1447 1257 219 68 generari.
1615 1257 84 68 &
1649 1257 101 68 de
1700 1257 202 68 caeteris
1851 1257 236 68 huiusmodi.

522 1305 116 83 Ad
580 1305 193 83 primum
715 1305 116 83 in
773 1305 251 83 oppositum
966 1305 154 83 quod
1063 1305 232 83 potentia
1236 1305 96 83 &
1275 1305 174 83 actus
1391 1305 154 83 sunt
1487 1305 270 83 contraria:
1700 1305 96 83 &
1738 1305 154 83 esse
1835 1305 174 83 actum
1931 1305 251 83 naturaliter

483 1365 112 73 deo
547 1365 208 73 convenit:
707 1365 192 73 dicendum
851 1365 128 73 quod
931 1365 160 73 duplex
1043 1365 112 73 est
1107 1365 208 73 potentia,
1267 1365 176 73 quaedam
1394 1365 208 73 distincta
1554 1365 96 73 re
1602 1365 112 73 vel
1666 1365 224 73 intentione
1842 1365 96 73 ab
1890 1365 128 73 ipso
1970 1365 144 73 actu,
2050 1365 144 73 quaedam

495 1424 132 62 vero
577 1424 181 62 ratione
709 1424 165 62 solum.
824 1424 198 62 Potentia
973 1424 148 62 primo
1071 1424 132 62 modo
1154 1424 115 62 est
1220 1424 99 62 in
1269 1424 214 62 creaturis
1434 1424 165 62 solum:
1550 1424 99 62 in
1599 1424 115 62 qua
1665 1424 115 62 est
1731 1424 115 62 duo
1797 1424 264 62 considerare,
1995 1424 181 62 habilita-

480 1475 101 68 tem
537 1475 172 68 scilicet
666 1475 86 68 ad
709 1475 144 68 actum,
810 1475 72 68 &
839 1475 129 68 etiam
925 1475 259 68 imperfectionem
1140 1475 172 68 secundum
1270 1475 115 68 quam
1341 1475 158 68 deficit
1456 1475 86 68 ab
1500 1475 129 68 actum
1586 1475 72 68 &
1614 1475 86 68 in
1658 1475 101 68 qua
1715 1475 115 68 nata
1787 1475 101 68 est
1844 1475 158 68 perfici
1959 1475 101 68 per
2017 1475 144 68 actum.
2103 1475 86 68 iuta

472 1537 128 63 illud
557 1537 114 63 quod
628 1537 128 63 dicit
714 1537 213 63 Philosophus
884 1537 85 63 in
927 1537 100 63 ix.
984 1537 128 63 Meta.
1069 1537 100 63 Est
1126 1537 128 63 autem
1212 1537 128 63 actus
1297 1537 171 63 existere
1425 1537 100 63 rem
1482 1537 100 63 non
1539 1537 100 63 ita
1596 1537 128 63 sicut
1681 1537 156 63 dicimus
1795 1537 199 63 potestate.
1951 1537 100 63 vbi
2008 1537 128 63 dicit
2079 1537 100 63 Antiu

484 1584 172 74 transt.
609 1584 125 74 Quod
688 1584 109 74 est
750 1584 94 74 in
797 1584 141 74 actu,
891 1584 109 74 est
953 1584 94 74 vt
1000 1584 109 74 sit
1063 1584 109 74 res
1125 1584 109 74 non
1188 1584 94 74 in
1235 1584 250 74 dispositione
1438 1584 109 74 qua
1500 1584 172 74 dicitur
1625 1584 125 74 esse
1703 1584 94 74 in
1750 1584 203 74 potentia.
1907 1584 78 74 &
1938 1584 109 74 hoc
2000 1584 172 74 commune
2110 1584 78 74 est

472 1638 110 68 tam
535 1638 204 68 potentiae
692 1638 173 68 actiuae
818 1638 126 68 quam
896 1638 204 68 passiuae.
1053 1638 110 68 Quo
1116 1638 94 68 ad
1163 1638 157 68 primum
1273 1638 188 68 potentia
1414 1638 173 68 dicitur
1540 1638 188 68 relatiue
1681 1638 94 68 ad
1728 1638 157 68 actum:
1838 1638 110 68 quo
1901 1638 94 68 ad
1948 1638 204 68 secundum,
2089 1638 94 68 pri-

478 1686 206 73 uatiue,
628 1686 206 73 propter
778 1686 281 73 priuationem
1003 1686 244 73 potentiae
1191 1686 225 73 annexam,
1360 1686 94 73 &
1397 1686 131 73 ita
1472 1686 263 73 quodammodo
1679 1686 244 73 contrarie
1866 1686 263 73 extendendo
2054 1686 131 73 nomen

484 1745 283 69 contrarietatis
720 1745 94 69 ad
768 1745 220 69 priuatiua.
941 1745 94 69 Et
988 1745 126 69 ideo
1067 1745 94 69 si
1114 1745 142 69 talis
1209 1745 189 69 potentia
1350 1745 157 69 debeat
1461 1745 157 69 deduci
1571 1745 94 69 ad
1618 1745 157 69 actum,
1728 1745 173 69 oportet
1854 1745 126 69 quod
1933 1745 110 69 sit
1996 1745 110 69 per
2043 1745 142 69 aliquam

483 1803 304 59 transmutationem
739 1803 112 59 qua
803 1803 96 59 id
851 1803 128 59 quod
931 1803 240 59 imperfectum
1123 1803 112 59 est
1187 1803 96 59 in
1235 1803 112 59 ea,
1299 1803 96 59 ad
1347 1803 256 59 perfectionem
1554 1803 144 59 actus
1650 1803 208 59 deducatur
1810 1803 128 59 siue
1890 1803 240 59 perfectione
2066 1803 128 59 formae

485 1858 115 69 quae
556 1858 158 69 dicitur
671 1858 129 69 actus
757 1858 172 69 respectu
886 1858 187 69 potentiae
1030 1858 187 69 passiuae,
1173 1858 115 69 siue
1245 1858 215 69 perfectione
1417 1858 172 69 actionis
1546 1858 115 69 siue
1618 1858 215 69 operationis
1790 1858 115 69 quae
1862 1858 158 69 dicitur
1977 1858 129 69 actus
2049 1858 143 69 respectu

483 1905 199 77 potentiae
636 1905 184 77 actiuae.
774 1905 123 77 Vnde
851 1905 92 77 de
897 1905 184 77 potentia
1035 1905 169 77 passiua
1157 1905 77 77 &
1188 1905 107 77 suo
1249 1905 123 77 actu
1326 1905 138 77 dicit
1418 1905 245 77 Philosophus.
1618 1905 107 77 ix.
1679 1905 138 77 Meta.
1771 1905 107 77 Non
1832 1905 107 77 est
1894 1905 123 77 homo
1970 1905 138 77 illud
2062 1905 92 77 in
2093 1905 92 77 pote

485 1959 102 66 tia
544 1959 88 66 ex
588 1959 102 66 quo
646 1959 117 66 est,
719 1959 102 66 sed
778 1959 102 66 res
836 1959 146 66 quando
939 1959 205 66 perficitur
1100 1959 102 66 sua
1158 1959 190 66 generatio
1304 1959 73 66 &
1334 1959 102 66 non
1392 1959 117 66 fuit
1465 1959 132 66 tale:
1553 1959 73 66 &
1582 1959 190 66 definitio
1729 1959 117 66 eius
1802 1959 117 66 quod
1875 1959 88 66 in
1919 1959 117 66 actu
1992 1959 176 66 secundum
2109 1959 73 66 per

482 2017 217 72 fectionem:
652 2017 93 72 ex
698 2017 124 72 illo
775 2017 108 72 est
837 2017 124 72 quod
915 2017 108 72 est
977 2017 93 72 in
1023 2017 201 72 potentia.
1178 2017 124 72 ldem
1255 2017 93 72 in
1301 2017 155 72 eodem.
1410 2017 124 72 Quia
1487 2017 170 72 materia
1611 2017 108 72 est
1673 2017 93 72 in
1719 2017 201 72 potentia,
1874 2017 108 72 non
1936 2017 108 72 est
1982 2017 201 72 impossibile

480 2064 94 75 vt
527 2064 157 75 veniat
638 2064 94 75 ad
685 2064 173 75 formam:
811 2064 79 75 &
842 2064 110 75 cum
905 2064 157 75 fuerit
1016 2064 94 75 in
1063 2064 126 75 actu
1142 2064 126 75 tunc
1220 2064 126 75 erit
1299 2064 94 75 in
1346 2064 157 75 forma.
1457 2064 110 75 vbi
1520 2064 142 75 dicit
1614 2064 173 75 Commen.
1740 2064 173 75 Materia
1866 2064 110 75 dum
1929 2064 110 75 est
1992 2064 94 75 in
2024 2064 157 75 potentia

477 2118 101 74 non
534 2118 101 74 est
592 2118 173 74 perfecta
722 2118 101 74 per
780 2118 159 74 formam:
895 2118 72 74 &
924 2118 101 74 cum
982 2118 202 74 peruenerit
1141 2118 87 74 ad
1184 2118 144 74 actum,
1285 2118 115 74 tunc
1357 2118 202 74 perficitur
1516 2118 101 74 per
1574 2118 159 74 formam.
1689 2118 87 74 In
1732 2118 115 74 isto
1805 2118 130 74 autem
1891 2118 115 74 actu
1963 2118 101 74 quo
2007 2118 173 74 perficitur

484 2172 180 75 potentia
619 2172 180 75 passiua,
754 2172 180 75 fundatur
889 2172 180 75 potentia
1024 2172 150 75 actiua
1129 2172 120 75 quae
1204 2172 210 75 perficitur
1369 2172 105 75 per
1429 2172 135 75 actum
1519 2172 105 75 qui
1579 2172 105 75 est
1639 2172 135 75 agere
1729 2172 120 75 siue
1804 2172 180 75 operari.
1939 2172 105 75 Est
1999 2172 120 75 enim
2059 2172 120 75 primus

475 2239 149 57 actus
575 2239 149 57 sicut
675 2239 183 57 habitus
807 2239 83 57 &
841 2239 216 57 scientia:
1007 2239 199 57 secundus
1156 2239 133 57 vero
1239 2239 149 57 sicut
1339 2239 249 57 considerare
1538 2239 100 57 ex
1587 2239 183 57 habitu.
1720 2239 100 57 De
1770 2239 116 57 quo
1836 2239 83 57 &
1870 2239 249 57 perfectione
2052 2239 133 57 poten-

473 2272 120 85 tiae
548 2272 120 85 suae
623 2272 105 85 per
684 2272 151 85 ipsum,
789 2272 151 85 statim
894 2272 151 85 subdit
1000 2272 226 85 Philosophus
1180 2272 166 85 dicens.
1301 2272 226 85 Quemadmodum
1482 2272 151 85 quando
1587 2272 181 85 docentes
1722 2272 166 85 faciunt
1843 2272 226 85 addiscentem
2023 2272 166 85 agentem
2129 2272 60 85 vi

478 2330 129 64 dent
558 2330 129 64 quod
639 2330 112 64 iam
703 2330 145 64 venit
799 2330 96 64 ad
847 2330 273 64 perfectionem,
1072 2330 209 64 similiter
1233 2330 112 64 est
1297 2330 96 64 de
1346 2330 177 64 natura.
1474 2330 145 64 Etiam
1570 2330 112 64 (vt
1635 2330 145 64 dicit
1731 2330 177 64 Commen.
1860 2330 80 64 )
1892 2330 145 64 anima
1988 2330 112 64 non
2036 2330 145 64 proprie

483 2387 187 70 disponitur
629 2387 93 70 per
683 2387 187 70 scientiam,
829 2387 107 70 nisi
896 2387 133 70 quando
989 2387 133 70 fuerit
1083 2387 133 70 sciens
1176 2387 80 70 in
1216 2387 120 70 actu,
1296 2387 67 70 &
1323 2387 133 70 maxime
1416 2387 133 70 quando
1509 2387 133 70 fuerit
1603 2387 80 70 in
1643 2387 93 70 sui
1696 2387 133 70 vltima
1789 2387 200 70 perfectione
1949 2387 93 70 sci
2003 2387 93 70 est
2056 2387 120 70 uando
2123 2387 53 70 vi

479 2438 109 76 tur
542 2438 202 76 scientia.
697 2438 124 76 Quia
774 2438 155 76 igitur
883 2438 93 76 in
929 2438 109 76 deo
991 2438 140 76 nulla
1085 2438 155 76 potest
1193 2438 155 76 cadere
1302 2438 248 76 transmutatio
1503 2438 109 76 aut
1565 2438 248 76 imperfectio,
1767 2438 93 76 vt
1814 2438 171 76 habitum
1938 2438 109 76 est
2000 2438 155 76 supra:
2093 2438 93 76 pote

471 2490 105 78 tia
531 2490 120 78 isto
606 2490 134 78 modo,
695 2490 120 78 quae
770 2490 179 78 scilicet
904 2490 90 78 re
949 2490 105 78 vel
1009 2490 209 78 intentione
1173 2490 149 78 potest
1278 2490 164 78 distare
1397 2490 90 78 ab
1442 2490 134 78 actu,
1532 2490 134 78 nullo
1621 2490 120 78 modo
1696 2490 149 78 potest
1801 2490 120 78 esse
1875 2490 90 78 in
1920 2490 120 78 deo.
1995 2490 90 78 vt
2040 2490 134 78 infra
2114 2490 75 78 vi-

481 2547 169 65 debitur
603 2547 184 65 amplius.
741 2547 184 65 Potentia
879 2547 123 65 vero
956 2547 169 65 secundo
1078 2547 123 65 modo
1155 2547 107 65 est
1216 2547 123 65 illa
1293 2547 123 65 quae
1370 2547 107 65 est
1431 2547 92 65 in
1477 2547 123 65 deo:
1554 2547 77 65 a
1584 2547 107 65 qua
1646 2547 92 65 vt
1692 2547 107 65 est
1753 2547 92 65 in
1799 2547 107 65 deo
1860 2547 184 65 amouetur
1998 2547 138 65 omnis
2075 2547 107 65 ratio

478 2603 275 67 imperfectionis
707 2603 107 67 per
768 2603 122 67 quam
844 2603 229 67 contrariari
1028 2603 137 67 habet
1119 2603 92 67 ad
1165 2603 137 67 actum
1257 2603 168 67 manente
1379 2603 122 67 solo
1455 2603 183 67 respectu
1593 2603 92 67 ad
1638 2603 137 67 actum
1730 2603 214 67 differente
1898 2603 137 67 etiam
1990 2603 122 67 sola
2051 2603 122 67 ratio-

479 2651 86 73 ne
522 2651 86 73 ab
564 2651 129 73 ipso:
650 2651 71 73 &
679 2651 86 73 in
722 2651 114 73 idem
793 2651 86 73 re
836 2651 186 73 coincidit
979 2651 100 73 cum
1036 2651 129 73 actu,
1122 2651 86 73 vt
1165 2651 129 73 infra
1250 2651 171 73 dicetur.
1379 2651 71 73 &
1407 2651 100 73 sic
1465 2651 100 73 cum
1522 2651 100 73 hoc
1579 2651 114 73 quod
1650 2651 100 73 est
1707 2651 143 73 primus
1808 2651 143 73 actus,
1908 2651 114 73 sine
1979 2651 114 73 omni
2036 2651 143 73 repugnam

483 2709 116 72 tia
550 2709 298 72 contrarietatis
798 2709 166 72 potest
914 2709 99 72 ei
964 2709 149 72 simul
1064 2709 166 72 inesse
1180 2709 215 72 potentia,
1345 2709 99 72 vt
1395 2709 149 72 infra
1494 2709 265 72 declarabitur
1710 2709 199 72 clarius.
1892 2709 99 72 Ad
1942 2709 199 72 secundum
2075 2709 99 72 quod

477 2766 114 68 ens
542 2766 147 68 summe
640 2766 98 68 in
689 2766 196 68 potentia
836 2766 98 68 de
884 2766 98 68 se
933 2766 163 68 nullum
1048 2766 147 68 habet
1145 2766 163 68 actum,
1260 2766 130 68 ergo
1341 2766 114 68 ens
1406 2766 147 68 summe
1504 2766 98 68 in
1553 2766 130 68 actu
1635 2766 163 68 nullam
1749 2766 147 68 habet
1847 2766 98 68 in
1896 2766 98 68 se
1945 2766 228 68 potentiam:
2108 2766 65 68 di

481 2810 147 76 cendum
584 2810 117 76 quod
658 2810 132 76 verum
746 2810 103 76 est
804 2810 88 76 de
848 2810 176 76 potentia
981 2810 117 76 quae
1054 2810 206 76 perficitur
1216 2810 103 76 per
1274 2810 162 76 formam,
1392 2810 73 76 &
1421 2810 88 76 re
1465 2810 103 76 vel
1524 2810 206 76 intentione
1685 2810 162 76 differt
1803 2810 88 76 ab
1847 2810 132 76 actu:
1935 2810 147 76 qualis
2038 2810 103 76 est
2082 2810 88 76 omni

483 2878 200 66 potentia
634 2878 100 66 in
684 2878 234 66 creaturis.
867 2878 134 66 Deus
951 2878 134 66 enim
1034 2878 134 66 quia
1118 2878 117 66 non
1185 2878 117 66 est
1252 2878 134 66 nisi
1335 2878 150 66 esse,
1435 2878 84 66 &
1469 2878 117 66 ita
1535 2878 217 66 perfectio
1702 2878 150 66 summa
1803 2878 100 66 in
1853 2878 150 66 forma
1953 2878 84 66 &
1986 2878 167 66 agere,
2087 2878 84 66 nul

468 2916 107 74 lam
529 2916 153 74 omnino
636 2916 153 74 potest
742 2916 92 74 in
788 2916 92 74 se
834 2916 153 74 habere
941 2916 198 74 potentiam
1093 2916 259 74 perfectibilem
1307 2916 107 74 per
1368 2916 153 74 actum,
1474 2916 168 74 propter
1596 2916 122 74 quod
1673 2916 214 74 necessario
1840 2916 198 74 praecedit
1993 2916 122 74 omne
2069 2916 137 74 illud

474 2971 131 74 quod
555 2971 147 74 habet
653 2971 180 74 aliquam
784 2971 213 74 potentiam
948 2971 278 74 perfectibilem
1177 2971 114 74 per
1242 2971 163 74 actum,
1357 2971 98 74 vt
1406 2971 245 74 generabilia
1602 2971 131 74 quae
1684 2971 131 74 sunt
1765 2971 98 74 in
1814 2971 196 74 potentia
1961 2971 98 74 ad
2011 2971 180 74 formam,
2125 2971 49 74 &

473 3028 178 65 corpora
602 3028 227 65 coelestia,
780 3028 129 65 quae
861 3028 194 65 secundum
1007 3028 243 65 Philosophum
1201 3028 113 65 non
1266 3028 129 65 sunt
1347 3028 97 65 in
1395 3028 194 65 potentia
1541 3028 129 65 nisi
1622 3028 97 65 ad
1670 3028 146 65 situm
1768 3028 81 65 &
1800 3028 97 65 ad
1848 3028 227 65 qualitatem
2010 3028 146 65 illumin

473 3084 178 69 tionis.
602 3084 194 69 secundum
748 3084 130 69 quod
829 3084 146 69 dicit
926 3084 178 69 Commen.
1056 3084 113 69 ix.
1121 3084 146 69 Meta.
1218 3084 227 69 Substantia
1396 3084 81 69 &
1428 3084 146 69 actus
1525 3084 130 69 sunt
1606 3084 130 69 ante
1687 3084 227 69 potentiam.
1865 3084 81 69 &
1898 3084 162 69 semper
1995 3084 178 69 praecedit

460 3133 198 87 tempore,
609 3133 132 87 ergo
692 3133 215 87 praecedit
857 3133 149 87 actus
956 3133 116 87 qui
1022 3133 116 87 est
1089 3133 132 87 ante
1171 3133 99 87 id
1221 3133 132 87 quid
1303 3133 165 87 semper
1419 3133 198 87 mouetur:
1568 3133 132 87 quod
1651 3133 132 87 alio
1733 3133 132 87 modo
1816 3133 116 87 est
1882 3133 231 87 principium
2047 3133 116 87 verum
