2333 3784
475 295 101 79 ad
526 295 202 79 interius
677 295 101 79 ab
728 295 185 79 aeterno
862 295 118 79 qua
929 295 185 79 aliquid
1064 295 151 79 agit:
1165 295 151 79 licet
1266 295 135 79 sine
1350 295 303 79 transmutatione
1602 295 151 79 circa
1703 295 135 79 suam
1788 295 236 79 essentiam,
1973 295 101 79 vt
2023 295 202 79 inferius
2158 295 67 79 pa

479 366 150 59 tebit:
584 366 105 59 sed
644 366 180 59 cuilibet
779 366 165 59 actioni
899 366 195 59 inquantum
1049 366 135 59 actio
1139 366 105 59 est
1199 366 180 59 ramendet
1334 366 150 59 passio
1438 366 165 59 aliqua,
1558 366 120 59 quia
1633 366 120 59 sunt
1708 366 195 59 relatiua.
1858 366 150 59 Passio
1963 366 120 59 enim
2038 366 105 59 non
2098 366 105 59 est
2143 366 90 59 nisi

475 417 161 64 illatio
592 417 190 64 actionis,
738 417 73 64 &
768 417 117 64 vnum
841 417 219 64 relatiuorum
1016 417 102 64 non
1075 417 146 64 potest
1177 417 117 64 esse
1250 417 117 64 sine
1323 417 161 64 altero.
1440 417 132 64 Sicut
1528 417 117 64 ergo
1601 417 88 64 in
1644 417 102 64 deo
1703 417 88 64 ab
1747 417 175 64 interius
1878 417 102 64 est
1937 417 205 64 dispositio
2083 417 146 64 actionis

483 477 191 62 similiter
630 477 117 62 erit
703 477 73 62 &
733 477 205 62 passionis.
894 477 103 62 sed
953 477 103 62 non
1011 477 103 62 est
1070 477 147 62 passio
1173 477 117 62 sine
1246 477 176 62 potentia
1378 477 176 62 passiua,
1510 477 132 62 sicut
1598 477 132 62 neque
1686 477 132 62 actio
1774 477 117 62 sine
1848 477 176 62 potentia
1980 477 161 62 actiua.
2097 477 117 62 ergo
2156 477 73 62 &c.

477 532 87 68 â‹
511 532 208 68 Dicendum
668 532 104 68 ad
720 532 139 68 hoc:
806 532 139 68 quod
893 532 104 68 de
945 532 191 68 ratione
1084 532 226 68 potentiae
1257 532 226 68 inquantum
1431 532 226 68 potentia,
1604 532 121 68 est
1674 532 139 68 quod
1761 532 191 68 dicatur
1899 532 104 68 ad
1951 532 174 68 actum:
2073 532 121 68 ita
2125 532 104 68 quod

481 592 144 64 nihil
577 592 112 64 sit
641 592 225 64 absolutum,
818 592 112 64 sed
882 592 144 64 solus
978 592 208 64 respectus
1138 592 192 64 fundatus
1283 592 96 64 in
1331 592 96 64 re
1379 592 144 64 super
1475 592 160 64 aliquo
1588 592 208 64 absoluto,
1748 592 96 64 vt
1796 592 144 64 infra
1892 592 192 64 patebit.
2037 592 128 64 Quod
2117 592 144 64 autem

480 642 206 66 convenit
634 642 172 66 alicui
755 642 103 66 ex
806 642 189 66 ratione
944 642 206 66 naturae:
1098 642 86 66 &
1133 642 223 66 essentiae
1304 642 155 66 suae,
1407 642 206 66 conuenit
1562 642 86 66 &
1596 642 137 66 omni
1682 642 206 66 contento
1837 642 120 66 sub
1906 642 120 66 eo,
1974 642 223 66 inquantum
2146 642 120 66 ha-

480 691 115 60 bet
545 691 99 60 in
595 691 99 60 se
644 691 214 60 huiusmodi
808 691 197 60 naturam.
956 691 214 60 Potentiae
1121 691 132 60 ergo
1203 691 197 60 passiuae
1351 691 214 60 inquantum
1515 691 197 60 potentia
1663 691 132 60 est,
1745 691 197 60 convenit
1893 691 132 60 quod
1975 691 99 60 de
2025 691 181 60 ratione
2140 691 82 60 sua

470 749 164 72 dicatur
590 749 90 72 ad
634 749 149 72 actum.
739 749 75 72 &
769 749 105 72 hoc
829 749 179 72 secundum
963 749 134 72 modum
1053 749 75 72 &
1083 749 179 72 rationem
1217 749 105 72 qua
1277 749 179 72 convenit
1411 749 90 72 ei
1456 749 120 72 quod
1531 749 105 72 sit
1591 749 194 72 potentia:
1740 749 105 72 ita
1800 749 120 72 quod
1874 749 134 72 sicut
1964 749 105 72 sub
2024 749 164 72 ratione
2128 749 105 72 potem

479 797 126 66 tiae
558 797 235 66 simpliciter
746 797 173 66 differt
872 797 141 66 ratio
966 797 204 66 potentiae
1123 797 188 66 passiuae
1264 797 78 66 a
1295 797 188 66 potentia
1436 797 173 66 actiua,
1562 797 110 66 sic
1625 797 235 66 diuersimode
1813 797 188 66 convenit
1954 797 126 66 dici
2033 797 94 66 ad
2080 797 141 66 actum
2158 797 63 66 ei

475 854 75 70 &
505 854 194 70 potentiae
654 854 179 70 actiuae.
788 854 89 70 Et
833 854 104 70 cum
893 854 194 70 potentiae
1042 854 164 70 actiuae
1161 854 194 70 inquantum
1310 854 149 70 actiua
1415 854 104 70 est
1474 854 179 70 convenit
1609 854 119 70 dici
1683 854 89 70 ad
1728 854 149 70 actum,
1832 854 134 70 ipsum
1922 854 164 70 agendo:
2041 854 75 70 &
2056 854 164 70 potentiae

477 915 180 61 passiuae
612 915 180 61 convenit
747 915 120 61 dici
822 915 90 61 ad
867 915 150 61 actum,
972 915 135 61 ipsum
1062 915 225 61 recipiendo:
1242 915 90 61 vt
1287 915 180 61 potentia
1423 915 165 61 passiua
1543 915 165 61 dicatur
1663 915 120 61 esse
1738 915 90 61 in
1783 915 165 61 aliquo,
1903 915 90 61 ex
1948 915 90 61 eo
1993 915 120 61 quod
2068 915 105 61 est
2113 915 120 61 susce-

480 964 142 64 ptiuum
579 964 171 64 alicuius
707 964 142 64 actus:
807 964 71 64 &
835 964 99 64 hoc
892 964 85 64 vt
935 964 99 64 quo
991 964 227 64 perficiatur:
1176 964 85 64 ad
1219 964 114 64 quem
1290 964 85 64 se
1333 964 128 64 habet
1418 964 85 64 vt
1460 964 227 64 perfectibile
1645 964 185 64 inquantum
1787 964 156 64 dicitur
1901 964 114 64 esse
1972 964 85 64 in
2015 964 185 64 potentia.
2157 964 99 64 Sed

470 1017 120 65 hoc
538 1017 137 65 modo
624 1017 103 65 se
675 1017 171 65 habere
795 1017 120 65 per
863 1017 222 65 potentiam
1034 1017 103 65 ad
1085 1017 154 65 actum
1188 1017 222 65 contingit
1359 1017 222 65 intelligi
1530 1017 256 65 dupliciter.
1735 1017 120 65 Vno
1804 1017 137 65 modo
1889 1017 103 65 vt
1940 1017 205 65 potentia
2094 1017 85 65 &
2111 1017 120 65 actus

484 1065 150 65 circa
584 1065 133 65 idem
668 1065 217 65 differunt
834 1065 117 65 vel
901 1065 200 65 secundum
1051 1065 133 65 rem,
1134 1065 117 65 vel
1200 1065 200 65 secundum
1350 1065 266 65 intentionem,
1567 1065 83 65 &
1600 1065 117 65 non
1667 1065 133 65 sola
1750 1065 200 65 ratione:
1900 1065 250 65 quemadmodum
2100 1065 167 65 contin

476 1121 119 68 git
544 1121 102 68 in
595 1121 237 68 creaturis,
781 1121 102 68 vt
832 1121 187 68 materia
968 1121 119 68 est
1036 1121 102 68 in
1087 1121 204 68 potentia
1239 1121 187 68 passiua
1375 1121 102 68 ad
1426 1121 187 68 formam,
1562 1121 85 68 &
1595 1121 153 68 vadit
1697 1121 102 68 ad
1748 1121 153 68 ipsam
1850 1121 119 68 per
1918 1121 322 68 transmutationem
2172 1121 51 68 &

482 1170 162 67 motum,
595 1170 81 67 &
628 1170 211 67 similiter
790 1170 146 67 genus
887 1170 113 67 est
951 1170 97 67 in
1000 1170 194 67 potentia
1146 1170 97 67 ad
1194 1170 275 67 differentiam,
1421 1170 81 67 &
1454 1170 146 67 vadit
1551 1170 97 67 ad
1599 1170 146 67 ipsam
1697 1170 113 67 per
1761 1170 275 67 compositionem
1988 1170 194 67 secundum
2118 1170 113 67 actum

488 1231 84 55 &
522 1231 152 55 motum
623 1231 219 55 rationis.
792 1231 135 55 Alio
876 1231 135 55 modo
961 1231 101 55 vt
1011 1231 203 55 potentia
1163 1231 84 55 &
1197 1231 152 55 actus
1298 1231 219 55 differant
1467 1231 135 55 sola
1552 1231 203 55 ratione,
1704 1231 84 55 &
1737 1231 152 55 nulla
1839 1231 304 55 transmutatione
2092 1231 169 55 omnino

477 1277 254 56 intelligitur
684 1277 207 56 transitus
843 1277 95 56 in
890 1277 95 56 re
938 1277 79 56 a
970 1277 191 56 potentia
1113 1277 95 56 in
1160 1277 159 56 actum:
1272 1277 127 56 immo
1351 1277 111 56 nec
1415 1277 159 56 omnino
1526 1277 222 56 transitus:
1701 1277 111 56 sed
1764 1277 127 56 fixa
1844 1277 238 56 permanentia
2019 1277 222 56 perfectionis

478 1333 216 66 potentiae
645 1333 116 66 per
711 1333 166 66 actum.
828 1333 200 66 Loquendo
977 1333 100 66 de
1027 1333 200 66 potentia
1177 1333 183 66 passiua
1310 1333 150 66 primo
1409 1333 150 66 modo,
1509 1333 150 66 illam
1609 1333 166 66 omnino
1725 1333 216 66 remouemus
1892 1333 83 66 a
1925 1333 133 66 deo,
2008 1333 133 66 quia
2091 1333 116 66 non
2141 1333 83 66 est

482 1390 137 67 nisi
568 1390 103 67 in
619 1390 172 67 mobili
739 1390 86 67 &
774 1390 309 67 transmutabili,
1031 1390 120 67 nec
1100 1390 103 67 in
1151 1390 223 67 simplici,
1323 1390 120 67 sed
1392 1390 240 67 composito:
1581 1390 103 67 vt
1632 1390 240 67 convincunt
1821 1390 223 67 argumenta
1993 1390 155 67 primo
2078 1390 155 67 inducta

478 1442 101 68 vt
529 1442 186 68 patebit
664 1442 270 68 perscrutando
883 1442 152 68 ipsa.
985 1442 186 68 Secundo
1120 1442 135 68 modo
1204 1442 118 68 non
1272 1442 219 68 remouemus
1440 1442 219 68 potentiam
1609 1442 203 68 passiuam
1761 1442 84 68 a
1795 1442 135 68 deo,
1879 1442 135 68 immo
1964 1442 152 68 talem
2048 1442 186 68 potentiam

479 1495 198 66 passiuam
628 1495 182 66 necesse
760 1495 182 66 habemus
893 1495 99 66 in
942 1495 132 66 ipso
1025 1495 182 66 ponere,
1157 1495 83 66 &
1190 1495 198 66 respectu
1339 1495 149 66 actus
1438 1495 99 66 vt
1487 1495 198 66 habitus,
1636 1495 132 66 quid
1719 1495 116 66 est
1785 1495 165 66 forma,
1901 1495 83 66 &
1934 1495 198 66 respectu
2082 1495 149 66 actus
2165 1495 66 66 vt

484 1546 141 68 agere,
583 1546 113 68 quid
653 1546 99 68 est
710 1546 155 68 opeari.
823 1546 99 68 Cum
879 1546 113 68 enim
950 1546 169 68 secundum
1077 1546 127 68 actum
1162 1546 85 68 vt
1204 1546 155 68 habitus
1317 1546 155 68 dicitur
1430 1546 113 68 deus
1501 1546 141 68 bonus,
1600 1546 169 68 sapiens,
1727 1546 71 68 &
1755 1546 198 68 huiusmodi,
1910 1546 155 68 necesse
2023 1546 99 68 est
2080 1546 85 68 vt
2108 1546 127 68 dicatur

483 1602 88 62 in
527 1602 88 62 se
571 1602 146 62 habere
673 1602 190 62 potentiam
819 1602 175 62 passiuam
951 1602 88 62 ad
995 1602 117 62 esse
1068 1602 132 62 bonum
1156 1602 190 62 sapientem
1302 1602 73 62 &
1331 1602 205 62 huiusmodi,
1492 1602 88 62 vt
1536 1602 132 62 patet
1623 1602 88 62 ex
1667 1602 146 62 dictis
1769 1602 88 62 in
1813 1602 219 62 praecedenti
1989 1602 219 62 quaestione,
2164 1602 73 62 &
2179 1602 58 62 am

480 1655 135 69 plius
570 1655 165 69 patebit
689 1655 90 69 ex
734 1655 179 69 dicendis
869 1655 90 69 in
914 1655 194 69 sequenti.
1063 1655 194 69 Similiter
1213 1655 105 69 cum
1273 1655 179 69 secundum
1407 1655 135 69 actum
1497 1655 90 69 vt
1542 1655 150 69 agere,
1647 1655 120 69 immo
1721 1655 150 69 potius
1826 1655 90 69 vt
1871 1655 135 69 fieri
1961 1655 165 69 dicitur
2080 1655 179 69 generari
2200 1655 45 69 &

481 1708 190 70 spirari,
624 1708 174 70 necesse
750 1708 111 70 est
814 1708 127 70 quod
893 1708 95 70 in
940 1708 111 70 deo
1003 1708 111 70 sit
1067 1708 190 70 potentia
1209 1708 174 70 passiua
1336 1708 95 70 ad
1383 1708 142 70 posse
1478 1708 190 70 generari
1621 1708 79 70 &
1652 1708 190 70 spirari.
1795 1708 127 70 Quia
1874 1708 142 70 tamen
1969 1708 111 70 non
2032 1708 111 70 est
2080 1708 158 70 vsitatum

477 1771 114 58 sic
542 1771 163 58 loqui,
656 1771 98 58 ad
705 1771 147 58 huius
803 1771 244 58 intellectum
998 1771 212 58 sciendum:
1161 1771 130 58 quod
1243 1771 196 58 secundum
1389 1771 147 58 supra
1487 1771 244 58 determinata
1683 1771 114 58 cum
1748 1771 163 58 passio
1862 1771 212 58 secundum,
2025 1771 196 58 propriam
2156 1771 81 58 ra-

477 1815 168 66 tionem
595 1815 118 66 qua
662 1815 302 66 praedicamentum
914 1815 134 66 est,
998 1815 118 66 non
1065 1815 151 66 dicit
1166 1815 134 66 nisi
1249 1815 185 66 quendam
1384 1815 218 66 respectum
1552 1815 101 66 ad
1602 1815 168 66 actum,
1720 1815 101 66 vt
1770 1815 101 66 in
1820 1815 118 66 quo
1887 1815 218 66 recipitur
2039 1815 201 66 transmuta-

486 1876 121 63 tio
555 1876 172 63 illata
675 1876 103 63 ab
727 1876 190 63 agente,
865 1876 86 63 &
899 1876 207 63 fundatur
1055 1876 155 63 super
1158 1876 155 63 motum
1261 1876 138 63 fiue
1348 1876 328 63 transmutationem
1623 1876 121 63 qua
1692 1876 138 63 agit
1779 1876 155 63 agens
1882 1876 103 63 in
1934 1876 190 63 passum,
2072 1876 86 63 &
2106 1876 103 63 ab
2141 1876 103 63 illo

482 1923 151 64 habet
583 1923 201 64 rationem
734 1923 336 64 accidentalitatis
1019 1923 151 64 suae,
1120 1923 134 64 quae
1204 1923 168 64 quidem
1322 1923 269 64 transmutatio
1540 1923 118 64 non
1607 1923 201 64 pertinet
1758 1923 101 64 ad
1809 1923 185 64 naturam
1943 1923 218 64 passionis
2111 1923 134 64 nisi
2178 1923 67 64 se

482 1983 162 61 cundum
595 1983 194 61 dicentes
741 1983 130 61 quod
822 1983 146 61 motus
919 1983 113 61 est
984 1983 97 61 in
1032 1983 275 61 praedicamento
1259 1983 227 61 passionis,
1437 1983 146 61 sicut
1535 1983 146 61 neque
1632 1983 97 61 ad
1680 1983 292 61 praedicamentum
1923 1983 211 61 passionis
2069 1983 162 61 pertinet

475 2037 235 63 dispositio
660 2037 118 63 per
727 2037 319 63 transmutationem
996 2037 219 63 acquisita
1164 2037 101 63 in
1215 2037 168 63 passo,
1332 2037 101 63 vt
1383 2037 168 63 albedo
1500 2037 101 63 vt
1551 2037 202 63 nigredo,
1702 2037 118 63 vel
1769 2037 185 63 ponendo
1904 2037 134 63 quod
1988 2037 168 63 passio
2106 2037 118 63 non
2156 2037 84 63 sit

487 2082 137 67 nisi
573 2082 223 67 respectus
744 2082 206 67 fundatus
899 2082 103 67 in
950 2082 154 67 motu,
1053 2082 154 67 motus
1156 2082 120 67 non
1225 2082 120 67 est
1293 2082 137 67 plus
1379 2082 103 67 de
1431 2082 206 67 essentia
1585 2082 86 67 &
1619 2082 172 67 natura
1739 2082 223 67 passionis
1911 2082 137 67 quam
1997 2082 172 67 albedo
2117 2082 103 67 de
2151 2082 86 67 es-

483 2133 163 73 sentia
597 2133 277 73 similitudinis
825 2133 196 73 fundatae
972 2133 147 73 super
1069 2133 163 73 ipsam:
1184 2133 147 73 Nullo
1281 2133 147 73 tamen
1379 2133 130 73 modo
1461 2133 163 73 passio
1575 2133 98 73 vt
1624 2133 114 73 est
1689 2133 293 73 praedicamentum
1933 2133 163 73 potest
2047 2133 130 73 esse
2129 2133 98 73 in
2162 2133 81 73 ali

494 2188 114 67 quo
559 2188 130 67 nisi
640 2188 97 67 in
689 2188 114 67 quo
754 2188 114 67 sit
819 2188 162 67 motus:
932 2188 146 67 sicut
1030 2188 146 67 neque
1127 2188 227 67 similitudo
1306 2188 130 67 nisi
1387 2188 97 67 in
1436 2188 97 67 eo
1485 2188 97 67 in
1533 2188 114 67 quo
1598 2188 114 67 est
1663 2188 162 67 albedo
1777 2188 114 67 vel
1842 2188 179 67 aliquid
1972 2188 211 67 huiusmodi
2118 2188 114 67 super

475 2243 127 68 quod
555 2243 207 68 fundatur.
714 2243 159 68 Passio
826 2243 127 68 enim
905 2243 287 68 praedicamentum
1144 2243 223 68 necessario
1320 2243 112 68 duo
1383 2243 159 68 dicit,
1495 2243 80 68 &
1527 2243 223 68 respectum,
1702 2243 80 68 &
1734 2243 143 68 ipsum
1830 2243 96 68 in
1877 2243 127 68 motu
1957 2243 207 68 fundatum.
2117 2243 127 68 Ergo
2180 2243 64 68 se

473 2302 164 63 cundum
587 2302 131 63 ista
669 2302 115 63 duo
735 2302 98 63 de
784 2302 197 63 passione
932 2302 197 63 possumus
1079 2302 148 63 loqui
1178 2302 246 63 dupliciter,
1375 2302 82 63 &
1408 2302 115 63 sic
1473 2302 98 63 de
1522 2302 197 63 potentia
1670 2302 197 63 passiua:
1818 2302 115 63 vno
1883 2302 131 63 modo
1965 2302 180 63 quantum
2096 2302 98 63 ad
2129 2302 115 63 ratio

485 2354 116 59 nem
552 2354 216 59 respectus
718 2354 216 59 praecise:
884 2354 133 59 alio
967 2354 133 59 modo
1050 2354 183 59 quantum
1183 2354 100 59 in
1233 2354 133 59 motu
1316 2354 116 59 aut
1382 2354 299 59 transmutatione
1631 2354 166 59 aliqua
1748 2354 216 59 fundatur.
1914 2354 116 59 Hoc
1980 2354 183 59 secundo
2113 2354 133 59 modo
2180 2354 66 59 lo

480 2403 169 66 quendo
598 2403 101 66 de
649 2403 203 66 passione
801 2403 270 66 determinatum
1021 2403 118 66 est
1089 2403 152 66 supra
1190 2403 135 66 quod
1275 2403 220 66 passionis
1444 2403 304 66 praedicamentum
1697 2403 152 66 nullo
1799 2403 135 66 modo
1883 2403 101 66 in
1934 2403 118 66 deo
2001 2403 169 66 cadit:
2120 2403 85 66 &
2137 2403 101 66 ideo

483 2458 207 61 similiter
643 2458 175 61 dicimus
770 2458 128 61 hic,
850 2458 128 61 quod
930 2458 144 61 neque
1025 2458 191 61 potentia
1169 2458 175 61 passiua
1297 2458 191 61 respectu
1440 2458 207 61 passionis
1600 2458 96 61 vt
1648 2458 191 61 fundatur
1791 2458 96 61 in
1839 2458 128 61 motu
1919 2458 128 61 siue
1983 2458 255 61 transmutatione

474 2511 108 69 qua
535 2511 216 69 acquiritur
705 2511 216 69 dispositio
875 2511 216 69 perficiens
1045 2511 201 69 huiusmodi
1200 2511 201 69 potentiam
1354 2511 201 69 passiuam.
1509 2511 124 69 Vnde
1586 2511 139 69 etiam
1679 2511 185 69 secundum
1818 2511 232 69 Philosophum
2003 2511 139 69 talis
2080 2511 155 69 potentia

479 2566 176 67 passiua
607 2566 112 67 non
671 2566 112 67 est
736 2566 128 67 nisi
816 2566 96 67 in
864 2566 160 67 natura
976 2566 176 67 passiui
1104 2566 128 67 quod
1185 2566 257 67 transmutatur
1393 2566 80 67 a
1425 2566 208 67 contrario
1585 2566 96 67 in
1634 2566 225 67 contrarium
1810 2566 192 67 secundum
1954 2566 241 67 substantiam
2131 2566 112 67 quali

480 2623 138 59 tatem
572 2623 108 59 aut
633 2623 230 59 quantitatem
818 2623 108 59 aut
879 2623 123 59 vbi.
956 2623 123 59 Quam
1033 2623 169 59 definit
1155 2623 230 59 Philosophus
1340 2623 92 59 in
1386 2623 92 59 v.
1432 2623 92 59 &.
1478 2623 108 59 ix.
1539 2623 138 59 Meta.
1632 2623 123 59 quod
1708 2623 108 59 est
1770 2623 215 59 principium
1939 2623 292 59 transmutationis
2185 2623 92 59 ab

477 2674 123 52 alio
553 2674 184 52 secundum
692 2674 123 52 quod
768 2674 107 52 est
830 2674 154 52 aliud,
937 2674 169 52 quoniam
1060 2674 184 52 secundum
1198 2674 169 52 Commen.
1321 2674 138 52 nihil
1413 2674 169 52 patitur
1536 2674 92 52 ex
1582 2674 92 52 se
1628 2674 184 52 passione
1766 2674 230 52 respondenti
1950 2674 123 52 tali
2027 2674 200 52 potentiae
2165 2674 77 52 pas

487 2724 141 58 siuae
581 2724 125 58 nisi
660 2724 282 58 transmutatione
895 2724 204 58 versionis
1052 2724 94 58 in
1099 2724 188 58 nihilum:
1240 2724 125 58 quam
1319 2724 188 58 secundum
1460 2724 204 58 veritatem
1617 2724 78 58 &
1648 2724 141 58 fidem
1742 2724 220 58 catholicam
1915 2724 141 58 omnis
2009 2724 188 58 creatura
2150 2724 94 58 ex
2181 2724 63 58 se

475 2777 217 67 deficiendo
646 2777 217 67 pateretur,
817 2777 124 67 nisi
895 2777 124 67 manu
972 2777 155 67 diuina
1081 2777 93 67 in
1128 2777 124 67 esse
1205 2777 280 67 conseruaretur.
1438 2777 93 67 de
1485 2777 109 67 qua
1547 2777 140 67 nihil
1640 2777 93 67 ad
1687 2777 202 67 praesens.
1842 2777 93 67 Si
1889 2777 140 67 autem
1982 2777 248 67 consideremus
2168 2777 78 67 pas

479 2831 173 63 sionem
600 2831 207 63 praecise
755 2831 190 63 quantum
893 2831 104 63 ad
945 2831 207 63 rationem
1100 2831 242 63 respectus,
1290 2831 121 63 hoc
1359 2831 138 63 modo
1445 2831 173 63 dictum
1566 2831 121 63 est
1635 2831 155 63 supra
1739 2831 138 63 quod
1825 2831 155 63 ratio
1928 2831 293 63 praedicamenti
2153 2831 86 63 pas

481 2883 168 59 sionis
599 2883 151 59 cadit
699 2883 101 59 in
750 2883 118 59 deo
817 2883 118 59 sub
884 2883 185 59 ratione
1018 2883 185 59 communi
1153 2883 235 59 relationis
1337 2883 235 59 abstractae
1522 2883 84 59 a
1556 2883 269 59 respectibus.
1774 2883 134 59 vii.
1858 2883 336 59 praedicamentorum
2126 2883 118 59 respe

476 2942 223 64 ctiuorum,
648 2942 155 64 sicut
751 2942 172 64 dictum
871 2942 120 64 est
940 2942 172 64 supra.
1060 2942 103 64 Et
1111 2942 206 64 secundum
1266 2942 120 64 hoc
1335 2942 137 64 bene
1421 2942 240 64 conveniens
1609 2942 120 64 est
1678 2942 172 64 ponere
1798 2942 223 64 potentiam
1970 2942 206 64 passiuam
2125 2942 103 64 in
2159 2942 86 64 deo

470 2993 252 61 respondentem
675 2993 126 61 tali
754 2993 189 61 passioni
896 2993 126 61 quae
975 2993 110 61 est
1038 2993 205 61 respectus
1195 2993 95 61 ad
1243 2993 95 61 id
1290 2993 95 61 ad
1337 2993 126 61 quod
1416 2993 142 61 habet
1511 2993 205 61 terminari
1668 2993 142 61 talis
1763 2993 173 61 passio,
1889 2993 79 61 &
1921 2993 110 61 per
1984 2993 142 61 illud
2078 2993 142 61 habet
2157 2993 79 61 per

471 3043 143 71 fici.
566 3043 95 71 Et
614 3043 111 71 sic
677 3043 190 71 generari
820 3043 174 71 dicitur
947 3043 174 71 passio,
1073 3043 238 71 quemadmodum
1263 3043 190 71 generare
1406 3043 174 71 dicitur
1533 3043 158 71 actio:
1644 3043 79 71 &
1676 3043 143 71 posse
1771 3043 190 71 generari
1913 3043 190 71 potentia
2056 3043 190 71 passiua,
2183 3043 63 71 si

478 3099 124 69 cut
549 3099 160 69 posse
656 3099 213 69 generare
816 3099 213 69 potentia
976 3099 195 69 actiua,
1118 3099 89 69 &
1153 3099 124 69 hoc
1224 3099 142 69 sine
1313 3099 142 69 omni
1402 3099 320 69 transmutatione
1669 3099 89 69 &
1704 3099 320 69 imperfectione.
1971 3099 107 69 Et
2024 3099 124 69 est
2095 3099 160 69 talis
2184 3099 71 69 po

464 3152 185 59 tentia
594 3152 204 59 idipsum
742 3152 111 59 re
798 3152 148 59 quid
890 3152 148 59 suus
983 3152 185 59 actus,
1113 3152 130 59 non
1187 3152 185 59 vadens
1316 3152 111 59 ad
1372 3152 167 59 ipsum
1483 3152 130 59 per
1557 3152 204 59 aliquam
1705 3152 370 59 transmutationem,
2020 3152 130 59 sed
2075 3152 167 59 aeterna

454 3198 161 79 liter
561 3198 215 79 existens
723 3198 107 79 id
776 3198 143 79 quod
866 3198 161 79 ipse.
973 3198 143 79 Vnde
1063 3198 233 79 huiusmodi
1242 3198 215 79 potentia
1403 3198 197 79 passiua
1546 3198 161 79 nullo
1653 3198 143 79 modo
1743 3198 125 79 est
1814 3198 251 79 principium
1993 3198 251 79 transmutatio
