2390 3792
167 337 191 83 illius:
305 337 87 83 &
340 337 156 83 omnes
444 337 225 83 potentiae
617 337 208 83 passiuae
773 337 243 83 recipiendi
964 337 104 83 in
1016 337 104 83 se
1068 337 329 83 transmutationem
1345 337 225 83 naturalem
1518 337 104 83 ab
1570 337 156 83 alio,
1674 337 139 83 sunt
1744 337 173 83 attribu-

180 411 127 68 tae
252 411 163 68 eidem
361 411 235 68 potentiae
542 411 145 68 quae
633 411 127 68 est
705 411 253 68 principium
904 411 253 68 receptiuum
1103 411 199 68 omnium:
1248 411 91 68 &
1284 411 127 68 est
1357 411 163 68 prima
1465 411 199 68 materia
1610 411 217 68 absoluta
1773 411 109 68 ab
1809 411 109 68 omni

180 466 158 63 forma.
291 466 206 63 Verissime
449 466 158 63 igitur
560 466 95 63 in
607 466 111 63 deo
670 466 111 63 est
734 466 190 63 potentia
876 466 174 63 actiua:
1003 466 127 63 quia
1082 466 142 63 nulli
1177 466 158 63 omnino
1287 466 206 63 potentiae
1446 466 95 63 vt
1493 466 206 63 potentiae
1651 466 174 63 passiue
1778 466 127 63 quae
1841 466 79 63 est

170 520 322 63 transmutationis
441 520 254 63 principium,
644 520 119 63 est
712 520 203 63 admixta:
865 520 152 63 sicut
966 520 220 63 potentiae
1136 520 186 63 actiuae
1271 520 237 63 cuiuslibet
1458 520 237 63 creaturae:
1644 520 136 63 quae
1712 520 203 63 frequenter

166 576 237 58 impeditae
348 576 146 58 sunt
439 576 109 58 in
494 576 146 58 suis
585 576 274 58 actionibus:
804 576 91 58 &
841 576 128 58 non
914 576 146 58 nisi
1005 576 128 58 per
1078 576 164 58 motum
1187 576 128 58 aut
1260 576 347 58 transmutationem
1552 576 274 58 disponuntur
1771 576 109 58 vt
1808 576 109 58 sint

171 628 101 62 in
222 628 135 62 tali
306 628 152 62 statu
407 628 101 62 in
457 628 118 62 quo
525 628 152 62 natae
626 628 135 62 sunt
710 628 168 62 agere:
828 628 101 62 vt
879 628 101 62 in
929 628 135 62 solo
1013 628 118 62 deo
1081 628 202 62 potentia
1232 628 168 62 actiua
1350 628 118 62 sit
1418 628 152 62 pura:
1519 628 84 62 &
1552 628 135 62 ideo
1637 628 185 62 proprie
1754 628 152 62 dicatur

165 685 209 67 potestas:
325 685 112 67 cum
390 685 96 67 in
438 685 193 67 creatura
582 685 193 67 qualibet
727 685 177 67 dicatur
855 685 144 67 solum
951 685 257 67 possibilitas
1160 685 193 67 quaedam.
1304 685 193 67 Potestas
1449 685 128 67 enim
1529 685 144 67 puram
1625 685 177 67 recipit
1737 685 177 67 actionem:

161 743 286 57 possibilitas
393 743 143 57 vero
483 743 232 57 aliqualem
661 743 250 57 passionem.
858 743 143 57 Vnde
947 743 125 57 hoc
1019 743 161 57 nomen
1126 743 214 57 potentia
1287 743 161 57 primo
1394 743 143 57 fuit
1483 743 232 57 impositum
1662 743 107 57 ad
1698 743 214 57 significam

166 795 119 54 dum
234 795 237 54 potestatem
420 795 203 54 hominum:
573 795 203 54 secundum
725 795 136 54 quod
810 795 102 54 in
861 795 220 54 hominibus
1031 795 237 54 dicebantur
1217 795 203 54 potentes
1370 795 119 54 qui
1437 795 237 54 potestatem
1624 795 153 54 super
1726 795 153 54 alios
1827 795 119 54 ha-

157 841 175 66 bebant
280 841 210 66 faciendi
438 841 140 66 quod
525 841 245 66 voluerunt.
718 841 88 66 &
753 841 140 66 hinc
840 841 245 66 translatum
1033 841 140 66 fuit
1120 841 105 66 ad
1173 841 245 66 principium
1365 841 193 66 actiuum
1505 841 105 66 in
1558 841 158 66 rebus
1663 841 280 66 naturalibus:

164 894 106 60 &
206 894 276 60 postmodum
419 894 128 60 ad
483 894 298 60 principium
695 894 234 60 passiuum.

150 945 104 80 â‹
192 945 125 80 Ad
255 945 209 80 primum
401 945 125 80 in
463 945 292 80 oppositum,
693 945 167 80 quod
797 945 125 80 in
860 945 146 80 deo
944 945 146 80 non
1027 945 209 80 potest
1173 945 167 80 esse
1278 945 251 80 actionis
1466 945 313 80 principium:
1716 945 188 80 neque
1820 945 84 80 me

168 1021 115 70 dium
240 1021 129 70 inter
326 1021 216 70 substantiam
498 1021 72 70 &
527 1021 187 70 actionem:
671 1021 115 70 quia
743 1021 101 70 sua
800 1021 201 70 substantia
958 1021 101 70 est
1016 1021 101 70 sua
1073 1021 144 70 actio:
1174 1021 144 70 Dicunt
1275 1021 144 70 aliqui
1375 1021 115 70 quod
1447 1021 173 70 secundum
1576 1021 230 70 philosophum.
1763 1021 101 70 ix.
1806 1021 101 70 Meta.

147 1080 149 65 actio
246 1080 149 65 omnis
345 1080 116 65 est
411 1080 182 65 opeatio
543 1080 198 65 quaedam:
691 1080 83 65 &
724 1080 182 65 opeatio
856 1080 116 65 est
922 1080 264 65 complementum
1137 1080 83 65 &
1170 1080 149 65 finis
1269 1080 132 65 siue
1351 1080 215 65 perfectio
1516 1080 231 65 operantis.
1698 1080 99 65 Et
1747 1080 116 65 hoc
1797 1080 116 65 dupli

153 1122 166 75 citer:
270 1122 133 75 quia
353 1122 183 75 dicitur
486 1122 199 75 operatio
635 1122 83 75 &
668 1122 133 75 ipsa
751 1122 216 75 operantis
917 1122 166 75 actio:
1034 1122 83 75 &
1067 1122 183 75 aliquid
1200 1122 233 75 proueniens
1382 1122 100 75 ex
1432 1122 133 75 ipsa
1515 1122 199 75 actione.
1665 1122 100 75 vt
1715 1122 183 75 habetur
1848 1122 100 75 in

158 1183 147 72 primo
255 1183 228 72 Ethicorum.
434 1183 130 72 vnde
516 1183 163 72 ibidem
630 1183 147 72 super
728 1183 114 72 ix.
793 1183 147 72 Meta.
890 1183 147 72 dicit
988 1183 195 72 Comment.
1135 1183 147 72 Omnia
1232 1183 147 72 entia
1330 1183 228 72 conveniunt
1509 1183 98 72 in
1558 1183 114 72 hoc
1623 1183 130 72 quod
1688 1183 228 72 complementum

162 1237 78 64 &
194 1237 202 64 perfectio
349 1237 140 64 eorum
442 1237 109 64 est
504 1237 93 64 in
550 1237 217 64 operatione
721 1237 171 64 propria
845 1237 109 64 qua
907 1237 155 64 vtitur
1015 1237 233 64 vnaquaeque:
1202 1237 78 64 &
1233 1237 93 64 in
1279 1237 124 64 quae
1357 1237 109 64 non
1419 1237 186 64 convenit
1558 1237 109 64 cum
1620 1237 124 64 alia
1698 1237 109 64 re.
1760 1237 109 64 Sed
1822 1237 124 64 quae

158 1294 115 58 dam
223 1294 132 58 sunt
306 1294 165 58 quorum
421 1294 148 58 finis
520 1294 115 58 est
586 1294 214 58 operatio:
751 1294 132 58 quae
833 1294 115 58 est
899 1294 148 58 agere
998 1294 181 58 tantum:
1130 1294 99 58 vt
1180 1294 99 58 in
1229 1294 132 58 visu
1312 1294 214 58 inspectio
1476 1294 132 58 siue
1559 1294 280 58 consideratio:
1790 1294 99 58 in
1823 1294 82 58 quo

157 1345 111 61 non
220 1345 111 61 est
284 1345 174 61 aliquid
410 1345 142 61 aliud
505 1345 190 61 operatum
647 1345 95 61 ab
695 1345 126 61 ipsa
774 1345 237 61 inspectione
963 1345 174 61 omnino.
1090 1345 111 61 Dia
1153 1345 126 61 enim
1232 1345 111 61 (vt
1295 1345 142 61 dicit
1390 1345 237 61 philosophus
1580 1345 126 61 ibi,
1659 1345 126 61 quae
1738 1345 111 61 non
1786 1345 126 61 habent

145 1395 162 60 aliam
253 1395 270 60 operationem
469 1395 198 60 praeter
612 1395 180 60 actum,
738 1395 162 60 actus
846 1395 126 60 est
918 1395 108 60 in
972 1395 126 60 eis
1044 1395 108 60 vt
1098 1395 288 60 consideratio
1332 1395 108 60 in
1386 1395 306 60 considerante:
1637 1395 90 60 &
1673 1395 144 60 vita
1763 1395 108 60 in
1799 1395 108 60 ani-

146 1443 115 72 ma.
211 1443 98 72 Et
260 1443 180 72 quaedam
392 1443 131 72 sunt
474 1443 164 72 quorum
588 1443 148 72 finis
687 1443 115 72 est
752 1443 180 72 aliquid
884 1443 164 72 actum:
998 1443 98 72 vt
1048 1443 98 72 in
1097 1443 262 72 aedificatiua
1310 1443 148 72 arte,
1409 1443 164 72 domus:
1523 1443 131 72 quae
1605 1443 115 72 est
1671 1443 180 72 aliquod
1802 1443 148 72 aliud

141 1506 100 56 ab
191 1506 184 56 actione
325 1506 267 56 aedificandi.
542 1506 167 56 Dicunt
659 1506 134 56 ergo
743 1506 134 56 quod
826 1506 100 56 in
876 1506 150 56 rebus
977 1506 184 56 creatis
1110 1506 200 56 potentia
1261 1506 167 56 actiua
1377 1506 117 56 non
1444 1506 150 56 solum
1544 1506 200 56 respicit
1695 1506 184 56 tanquam
1812 1506 100 56 prin

144 1554 179 62 cipium
269 1554 161 62 ipsam
377 1554 287 62 operationem:
610 1554 125 62 sed
681 1554 161 62 etiam
789 1554 215 62 effectum
950 1554 107 62 ex
1004 1554 197 62 actione
1147 1554 269 62 derelictum.
1362 1554 107 62 In
1416 1554 125 62 deo
1487 1554 143 62 vero
1577 1554 161 62 solum
1684 1554 215 62 respicit
1827 1554 90 62 es-

141 1610 177 74 fectum
265 1610 89 74 &
301 1610 124 74 non
371 1610 230 74 actionem:
549 1610 106 74 vt
602 1610 106 74 in
655 1610 124 74 deo
726 1610 212 74 saluetur
885 1610 159 74 ratio
991 1610 230 74 potentiae
1168 1610 195 74 actiuae
1310 1610 230 74 solummodo
1487 1610 195 74 quantum
1629 1610 106 74 ad
1682 1610 124 74 hoc
1753 1610 142 74 quod
1823 1610 89 74 est

148 1662 234 73 principium
332 1662 217 73 effectus:
499 1662 117 73 non
566 1662 150 73 autem
666 1662 184 73 quantum
799 1662 100 73 ad
849 1662 117 73 hoc
916 1662 134 73 quod
1000 1662 117 73 est
1066 1662 234 73 principium
1250 1662 217 73 actionis,
1417 1662 134 73 quae
1500 1662 117 73 est
1567 1662 167 73 diuina
1684 1662 217 73 essentia:
1834 1662 67 73 vt

150 1721 191 63 procedit
294 1721 207 63 obiectum.
453 1721 128 63 Quod
533 1721 112 63 non
597 1721 159 63 potest
708 1721 159 63 stare:
820 1721 175 63 quoniam
947 1721 144 63 nihil
1043 1721 112 63 est
1107 1721 191 63 effectus
1250 1721 128 63 nisi
1330 1721 128 63 fiat
1410 1721 96 63 ab
1458 1721 175 63 agente.
1585 1721 144 63 Nihil
1681 1721 144 63 autem
1776 1721 128 63 sit,
1840 1721 64 63 ni

151 1777 102 56 si
202 1777 188 56 actione
339 1777 205 56 agentis.
492 1777 256 56 Proculdubio
697 1777 136 56 ergo
782 1777 119 56 tam
850 1777 102 56 in
902 1777 119 56 deo
970 1777 136 56 quam
1055 1777 102 56 in
1106 1777 222 56 creaturis
1277 1777 171 56 semper
1396 1777 205 56 potentia
1550 1777 171 56 actiua
1669 1777 205 56 actionis
1806 1777 102 56 prin

144 1830 151 56 cipium
249 1830 121 56 est.
325 1830 121 56 Dico
400 1830 166 56 ratione
521 1830 105 56 qua
581 1830 136 56 actio
671 1830 121 56 est.
747 1830 136 56 actio
837 1830 121 56 enim
912 1830 105 56 sub
973 1830 166 56 ratione
1093 1830 105 56 qua
1154 1830 136 56 actio
1244 1830 121 56 est:
1319 1830 151 56 semper
1425 1830 181 56 requirit
1560 1830 166 56 aliquod
1681 1830 211 56 principium
1832 1830 75 56 eli

151 1887 180 67 citiuum
282 1887 147 67 eius.
380 1887 115 67 Est
445 1887 164 67 igitur
560 1887 196 67 dicendum
707 1887 98 67 ad
756 1887 213 67 obiectum:
920 1887 131 67 quod
1002 1887 98 67 in
1051 1887 180 67 actione
1182 1887 164 67 diuina
1296 1887 115 67 est
1362 1887 246 67 considerare
1558 1887 131 67 duo:
1640 1887 82 67 &
1673 1887 147 67 ipsam
1771 1887 115 67 rem
1820 1887 82 67 sub

150 1933 190 65 iectam
283 1933 133 65 cui
359 1933 171 65 nomen
473 1933 266 65 imponitur:
681 1933 95 65 &
719 1933 171 65 ipsam
833 1933 228 65 propriam
1004 1933 228 65 rationem
1175 1933 228 65 actionis
1346 1933 95 65 a
1384 1933 133 65 qua
1460 1933 171 65 nomen
1573 1933 266 65 imponitur.
1763 1933 133 65 Primo

155 1994 133 69 modo
239 1994 200 69 quicquod
388 1994 100 69 in
438 1994 116 69 deo
505 1994 133 69 est,
588 1994 233 69 substantia
771 1994 133 69 siue
854 1994 200 69 essentia
1003 1994 166 69 diuina
1120 1994 133 69 est:
1203 1994 133 69 quae
1286 1994 116 69 est
1352 1994 166 69 omnium
1469 1994 150 69 eorum
1569 1994 133 69 quae
1652 1994 100 69 in
1702 1994 116 69 deo
1751 1994 150 69 conside

158 2045 165 67 rantur
274 2045 265 67 fundamentum:
489 2045 132 67 siue
572 2045 132 67 sint
655 2045 232 67 attributa,
837 2045 132 67 siue
919 2045 215 67 notiones,
1085 2045 132 67 siue
1167 2045 248 67 relationes,
1366 2045 132 67 siue
1448 2045 215 67 actiones.
1614 2045 99 67 Et
1663 2045 116 67 sic
1730 2045 149 67 actio
1812 2045 83 67 dei

151 2098 123 55 est
222 2098 176 55 omnino
345 2098 141 55 ipsa
433 2098 176 55 diuina
556 2098 211 55 essentia
714 2098 264 55 indifferens
926 2098 106 55 ab
978 2098 123 55 ea:
1049 2098 88 55 &
1084 2098 123 55 sic
1154 2098 158 55 actio
1260 2098 123 55 dei
1330 2098 246 55 principium
1524 2098 123 55 non
1594 2098 176 55 habet,
1717 2098 123 55 nec
1770 2098 141 55 medium

163 2150 161 63 inter
271 2150 161 63 ipsam
378 2150 90 63 &
414 2150 287 63 substantiam,
647 2150 144 63 quia
737 2150 126 63 est
809 2150 144 63 ipsa
899 2150 251 63 substantia
1096 2150 126 63 non
1168 2150 287 63 principiata.
1401 2150 126 63 Sed
1473 2150 215 63 secundum
1634 2150 144 63 hanc
1706 2150 197 63 considera

160 2207 174 65 tionem
281 2207 157 65 actio
386 2207 122 65 non
455 2207 157 65 habet
560 2207 209 65 rationem
716 2207 226 65 actionis,
890 2207 122 65 sed
960 2207 278 65 substantiae:
1186 2207 87 65 &
1221 2207 209 65 secundum
1377 2207 261 65 substantiam
1586 2207 209 65 dicitur.
1742 2207 191 65 Secundo

160 2260 131 67 modo
241 2260 131 67 alia
323 2260 114 67 est
388 2260 147 67 ratio
486 2260 245 67 substantiae
682 2260 98 67 in
731 2260 131 67 deo,
813 2260 82 67 &
846 2260 131 67 alia
927 2260 212 67 actionis.
1090 2260 147 67 Actio
1188 2260 131 67 enim
1270 2260 98 67 vt
1319 2260 147 67 actio
1417 2260 131 67 est,
1499 2260 163 67 semper
1613 2260 180 67 dicitur
1744 2260 196 67 secundum

162 2310 271 57 relationem,
379 2310 127 57 non
451 2310 217 57 secundum
614 2310 271 57 substantiam
831 2310 90 57 &
867 2310 217 57 rationem
1030 2310 253 57 relationis
1229 2310 253 57 importatae
1428 2310 109 57 ad
1482 2310 253 57 principium
1663 2310 235 57 elicitiuum.

167 2364 141 63 Omnis
261 2364 125 63 enim
339 2364 141 63 actio
433 2364 94 63 vt
480 2364 141 63 actio
573 2364 125 63 est,
652 2364 109 63 est
714 2364 172 63 aliquid
839 2364 219 63 elicitiuum
1011 2364 94 63 ab
1058 2364 156 63 aliquo
1167 2364 94 63 vt
1214 2364 78 63 a
1245 2364 219 63 principio.
1417 2364 125 63 Ista
1495 2364 141 63 autem
1589 2364 172 63 relatio
1714 2364 125 63 etsi
1792 2364 109 63 sit
1839 2364 62 63 ra

157 2413 141 68 tionis
256 2413 155 68 tantum:
369 2413 127 68 actio
453 2413 113 68 enim
524 2413 85 68 in
566 2413 99 68 deo
623 2413 99 68 non
679 2413 113 68 nisi
750 2413 155 68 ratione
863 2413 71 68 &
891 2413 184 68 relatione
1032 2413 169 68 secundum
1160 2413 184 68 rationem,
1301 2413 99 68 non
1357 2413 127 68 autem
1442 2413 169 68 secundum
1569 2413 113 68 rem,
1640 2413 113 68 siue
1710 2413 141 68 fuerit
1795 2413 113 68 essen-

158 2468 174 68 tialis,
285 2468 126 68 siue
364 2468 237 68 personalis,
553 2468 174 68 differt
680 2468 79 68 a
711 2468 158 68 diuina
822 2468 237 68 substantia,
1011 2468 95 68 vt
1059 2468 142 68 infra
1153 2468 221 68 videbitur:
1327 2468 142 68 tamen
1422 2468 111 68 ita
1485 2468 111 68 est
1548 2468 95 68 de
1596 2468 174 68 ratione
1722 2468 205 68 actionis:

161 2519 134 79 quod
245 2519 150 79 nullo
345 2519 134 79 modo
428 2519 117 79 sit
495 2519 150 79 ratio
595 2519 267 79 substantiae.
813 2519 100 79 Et
863 2519 134 79 ideo
946 2519 150 79 licet
1046 2519 134 79 sint
1130 2519 134 79 idem
1213 2519 100 79 re
1263 2519 100 79 in
1314 2519 117 79 deo
1380 2519 150 79 actio
1481 2519 83 79 &
1514 2519 134 79 eius
1597 2519 250 79 substantia:
1781 2519 117 79 tamen

165 2582 182 65 actionis
302 2582 91 65 vt
347 2582 137 65 actio
438 2582 122 65 est,
514 2582 152 65 potest
621 2582 167 65 aliquid
743 2582 122 65 esse
819 2582 213 65 principium
986 2582 137 65 licet
1077 2582 106 65 non
1138 2582 228 65 substantiae
1320 2582 91 65 vt
1366 2582 213 65 substantia
1533 2582 122 65 est:
1609 2582 76 65 &
1640 2582 152 65 iterum
1746 2582 91 65 si
1792 2582 137 65 illud

161 2638 246 62 priucipium
355 2638 211 62 secundum
512 2638 123 62 rem
583 2638 123 62 sit
653 2638 140 62 ipsa
741 2638 263 62 substantia:
951 2638 140 62 quia
1039 2638 140 62 deus
1127 2638 140 62 agit
1215 2638 123 62 per
1285 2638 140 62 suam
1372 2638 246 62 essentiam,
1566 2638 158 62 tamen
1671 2638 123 62 non
1741 2638 123 62 est
1794 2638 105 62 sub-

159 2691 190 58 stantia
297 2691 121 58 sub
366 2691 190 58 ratione
504 2691 121 58 qua
573 2691 241 58 substantia
762 2691 138 58 est:
848 2691 121 58 sed
917 2691 155 58 solum
1021 2691 121 58 sub
1090 2691 190 58 ratione
1228 2691 121 58 qua
1297 2691 121 58 est
1366 2691 224 58 potentia.
1538 2691 86 58 &
1572 2691 121 58 hoc
1641 2691 190 58 propter
1762 2691 138 58 eandem

170 2737 207 63 rationem:
329 2737 127 63 quia
409 2737 223 63 substantia
584 2737 96 63 de
632 2737 175 63 ratione
760 2737 239 63 substantiae
951 2737 127 63 quid
1031 2737 207 63 absolutum
1190 2737 159 63 dicit,
1301 2737 80 63 &
1333 2737 143 63 nullo
1429 2737 127 63 modo
1509 2737 96 63 vt
1556 2737 96 63 ad
1604 2737 143 63 aliud
1700 2737 96 63 se
1748 2737 175 63 habens:

171 2794 84 69 &
205 2794 118 69 ita
272 2794 118 69 non
339 2794 202 69 importat
490 2794 101 69 de
541 2794 101 69 se
591 2794 151 69 solam
692 2794 202 69 rationem
843 2794 218 69 principii
1011 2794 218 69 elicitiui
1179 2794 151 69 actus
1280 2794 269 69 determinati:
1498 2794 134 69 quia
1582 2794 235 69 principium
1767 2794 101 69 vt
1800 2794 101 69 prin

155 2850 168 61 cipium,
277 2850 107 61 non
338 2850 168 61 dicitur
460 2850 183 61 secundum
597 2850 244 61 substantiam:
795 2850 107 61 sed
856 2850 137 61 solum
947 2850 183 61 secundum
1084 2850 198 61 rationem,
1237 2850 76 61 &
1267 2850 213 61 relationem
1435 2850 183 61 importat
1572 2850 91 61 ad
1618 2850 152 61 aliud:
1724 2850 91 61 vt
1770 2850 91 61 ad
1801 2850 91 61 prin

160 2904 200 67 cipiatum.
314 2904 216 67 Principium
483 2904 123 67 enim
560 2904 92 67 vt
606 2904 139 67 dicit
698 2904 231 67 philosophus
883 2904 92 67 in
929 2904 200 67 principio
1083 2904 200 67 Physicae.
1237 2904 185 67 cuiusdam
1376 2904 108 67 aut
1437 2904 200 67 quorundam
1591 2904 123 67 est.
1668 2904 108 67 vbi
1730 2904 139 67 dicit
1807 2904 92 67 Con-

162 2951 152 67 menta.
268 2951 91 67 Si
314 2951 122 67 enim
390 2951 107 67 est
451 2951 229 67 principium,
634 2951 107 67 est
695 2951 137 67 illud
787 2951 137 67 cuius
878 2951 107 67 est
939 2951 229 67 principium.
1122 2951 183 67 Potentia
1259 2951 137 67 autem
1350 2951 91 67 vt
1396 2951 183 67 potentia
1533 2951 122 67 est,
1609 2951 183 67 rationem
1731 2951 168 67 huiusmodi

164 3009 218 64 principii
332 3009 218 64 importat.
500 3009 151 64 Nihil
600 3009 134 64 enim
684 3009 168 64 elicit
802 3009 185 64 aliquam
936 3009 201 64 actionem
1087 3009 134 64 nisi
1171 3009 168 64 potens
1288 3009 117 64 est
1355 3009 185 64 elicere
1489 3009 134 64 eam.
1573 3009 134 64 Vnde
1657 3009 151 64 dicit
1741 3009 151 64 Auicen-

158 3070 140 63 iiii.
252 3070 172 63 Metaph.
377 3070 234 63 Intellectus
564 3070 94 63 in
611 3070 203 63 essentia,
767 3070 94 63 ad
814 3070 172 63 amplius
939 3070 125 63 quod
1017 3070 109 63 est
1079 3070 219 63 principium
1251 3070 187 63 actionis
1392 3070 94 63 ab
1438 3070 140 63 ipsa,
1532 3070 109 63 est
1594 3070 125 63 quod
1672 3070 172 63 vocatur
1782 3070 109 63 poten

169 3117 136 62 tia.
254 3117 102 62 Et
305 3117 136 62 quia
389 3117 152 62 omnis
491 3117 203 62 potentia
643 3117 220 62 inquantum
813 3117 220 62 potentia,
982 3117 203 62 fundatur
1135 3117 102 62 in
1185 3117 169 62 aliquo
1304 3117 102 62 vt
1355 3117 220 62 respectus
1524 3117 102 62 ad
1575 3117 169 62 aliud:
1694 3117 152 62 sicut
1778 3117 119 62 infra

164 3168 236 67 videbitur:
350 3168 135 67 ideo
434 3168 202 67 potentia
586 3168 169 67 actiua
704 3168 101 67 in
754 3168 118 67 deo
822 3168 135 67 quia
906 3168 202 67 secundum
1058 3168 202 67 propriam
1210 3168 202 67 rationem
1361 3168 270 67 consideratur
1581 3168 101 67 vt
1631 3168 185 67 fundata
1766 3168 101 67 in
1800 3168 101 67 sub-

161 3235 198 57 stantia,
309 3235 82 57 &
342 3235 99 57 vt
391 3235 231 57 principium
573 3235 231 57 elicitiuum
754 3235 148 57 actus
853 3235 82 57 a
886 3235 247 57 substantia:
1083 3235 231 57 necessario
1265 3235 198 57 secundum
1413 3235 198 57 rationem
1561 3235 264 57 intelligendi
1759 3235 132 57 ratio-

157 3286 115 84 nem
222 3286 148 84 medii
321 3286 148 84 habet
420 3286 148 84 inter
518 3286 197 84 actionem
666 3286 82 84 &
699 3286 263 84 substantiam:
913 3286 197 84 quamquam
1061 3286 132 84 ipsa
1143 3286 148 84 actio
1241 3286 132 84 idem
1324 3286 99 84 re
1373 3286 115 84 sit
1439 3286 115 84 cum
1504 3286 247 84 substantia,
1702 3286 82 84 &
1735 3286 132 84 ipsa
1800 3286 99 84 suba
