2352 3789
167 344 86 71 &
201 344 257 71 immortales:
406 344 86 71 &
441 344 120 71 non
509 344 240 71 immortales
697 344 188 71 iterum,
834 344 137 71 quia
920 344 120 71 non
988 344 86 71 a
1022 344 188 71 seipsis
1159 344 171 71 habent
1279 344 274 71 immortaliter
1501 344 137 71 esse
1587 344 86 71 &
1621 344 274 71 aeternaliter
1826 344 86 71 vi-

169 406 149 76 uere,
269 406 116 76 sed
335 406 99 76 ex
385 406 199 76 viuifica
534 406 83 76 &
567 406 166 76 totius
683 406 149 76 vitae
783 406 199 76 factrice
932 406 83 76 &
965 406 282 76 continuatrice
1197 406 166 76 causa.
1313 406 133 76 Quod
1396 406 133 76 idem
1479 406 116 76 est
1545 406 166 76 omnino
1661 406 116 76 cum
1728 406 133 76 illo
1794 406 116 76 dicto

171 466 189 58 publico
308 466 223 58 Platonis.
480 466 120 58 Dii
549 466 172 58 deorum
669 466 120 58 &c.
737 466 103 58 Et
789 466 120 58 sic
858 466 155 58 patet
961 466 155 58 plane
1064 466 137 58 quod
1150 466 258 58 substantiam
1356 466 103 58 ex
1407 466 103 58 se
1459 466 223 58 infinitam
1630 466 189 58 actione
1768 466 86 58 &
1785 466 120 58 dura-

162 518 162 61 tione
270 518 216 61 secundum
431 518 198 61 tempus,
575 518 144 61 quia
665 518 198 61 oportet
809 518 126 61 eam
880 518 144 61 esse
970 518 233 61 infinitam
1150 518 180 61 vigore
1275 518 198 61 oportet
1419 518 144 61 esse
1509 518 269 61 illimitatam
1724 518 90 61 &
1742 518 162 61 infini-

160 567 115 66 tam
225 567 198 66 secundum
374 567 264 66 magnitudinem
588 567 247 66 substantiae
786 567 115 66 vel
852 567 247 66 spiritualis
1049 567 115 66 vel
1115 567 247 66 corporalis.
1313 567 132 66 Vnde
1395 567 82 66 &
1428 567 148 66 super
1527 567 115 66 hoc
1593 567 165 66 fundat
1692 567 214 66 Philosophus

170 618 130 77 suam
251 618 325 77 demonstrationem:
527 618 114 77 qua
592 618 163 77 probat
706 618 98 77 in
755 618 146 77 fine.
852 618 146 77 viii.
950 618 211 77 Physicae.
1113 618 130 77 quod
1194 618 163 77 primus
1308 618 146 77 motor
1405 618 130 77 quia
1486 618 146 77 mouet
1584 618 98 77 ex
1633 618 98 77 se
1681 618 195 77 secundum
1811 618 98 77 ten-

169 683 114 55 pus
234 683 228 55 infinitum,
413 683 114 55 non
479 683 163 55 potest
593 683 131 55 esse
674 683 163 55 corpus
789 683 179 55 aliquod
919 683 196 55 finitum,
1066 683 147 55 neque
1164 683 163 55 virtus
1278 683 98 55 in
1327 683 179 55 corpore
1458 683 179 55 finito:
1588 683 131 55 quia
1670 683 163 55 nullum
1767 683 131 55 corpus

170 732 171 63 finitum
295 732 93 63 ex
342 732 93 63 se
388 732 156 63 potest
497 732 156 63 mouere
606 732 187 63 secundum
746 732 156 63 tempus
855 732 218 63 infinitum.
1026 732 187 63 Supponit
1166 732 124 63 enim
1244 732 124 63 quod
1321 732 109 63 non
1384 732 156 63 potest
1493 732 171 63 aliquid
1617 732 124 63 esse
1695 732 93 63 ex
1741 732 93 63 se
1773 732 124 63 infini

162 789 111 55 tum
225 789 190 55 secundum
368 789 158 55 tempus
479 789 79 55 &
510 789 222 55 durationem
684 789 95 55 in
732 789 190 55 actione,
874 789 127 55 nisi
953 789 111 55 sit
1017 789 95 55 in
1064 789 95 55 se
1112 789 206 55 infinitae
1270 789 190 55 virtutis
1412 789 174 55 vigore:
1539 789 158 55 qualis
1650 789 111 55 non
1713 789 158 55 potest
1808 789 95 55 esse

162 831 94 68 in
209 831 172 68 corpore
334 831 172 68 finito:
460 831 141 68 neque
553 831 94 68 in
600 831 156 68 aliqua
710 831 219 68 substantia
882 831 156 68 finita
992 831 78 68 &
1023 831 203 68 limitata.
1179 831 156 68 Semper
1289 831 125 68 enim
1367 831 172 68 oportet
1492 831 125 68 quod
1570 831 188 68 potentia
1711 831 78 68 &
1743 831 188 68 secundum

165 895 169 65 tempus,
287 895 77 65 &
318 895 184 65 secundum
456 895 169 65 vigorem
579 895 107 65 sit
640 895 153 65 finita
748 895 107 65 vel
809 895 199 65 infinita,
962 895 184 65 secundum
1100 895 123 65 quod
1177 895 123 65 ipsa
1254 895 199 65 magnitudo
1407 895 230 65 substantiae
1591 895 107 65 vel
1653 895 230 65 spiritualis
1821 895 77 65 vel

161 940 220 67 corporalis
334 940 157 67 finita
444 940 110 67 est
507 940 110 67 vel
569 940 204 67 infinita:
726 940 94 67 vt
773 940 94 67 si
820 940 204 67 magnitudo
977 940 235 67 substantiae
1166 940 110 67 sit
1228 940 173 67 finita,
1354 940 78 67 &
1385 940 204 67 potentia:
1542 940 78 67 &
1573 940 94 67 si
1621 940 188 67 infinita
1762 940 110 67 sit
1809 940 94 67 ipsa

160 998 78 74 &
192 998 188 74 infinita
332 998 109 74 sit
395 998 141 74 illa.
489 998 109 74 lta
551 998 125 74 quod
629 998 94 74 in
676 998 234 74 magnitudine
864 998 234 74 substantiae
1051 998 156 74 finita
1161 998 109 74 non
1223 998 156 74 possit
1332 998 125 74 esse
1411 998 188 74 potentia
1551 998 203 74 infinita,
1707 998 141 74 neque
1786 998 109 74 econ-

164 1048 158 67 uerso
270 1048 105 67 in
323 1048 264 67 magnitudine
533 1048 211 67 infinita
691 1048 211 67 potentia
850 1048 193 67 finita.
990 1048 141 67 Quod
1078 1048 141 67 bene
1166 1048 211 67 insinuat
1324 1048 141 67 eius
1412 1048 211 67 probatio
1570 1048 105 67 ex
1622 1048 158 67 parte
1710 1048 176 67 magnitu-

159 1106 148 60 dinis
257 1106 181 60 finitae
389 1106 247 60 corporalis,
587 1106 165 60 quando
703 1106 165 60 probat
818 1106 132 60 quod
901 1106 115 60 non
967 1106 165 60 potest
1082 1106 165 60 mouere
1197 1106 198 60 secundum
1346 1106 165 60 tempus
1461 1106 214 60 infinitum
1626 1106 115 60 per
1692 1106 165 60 partes
1808 1106 115 60 mo-

162 1162 179 63 uentis
287 1162 89 63 &
323 1162 215 63 mobilis,
484 1162 89 63 &
520 1162 215 63 temporis
681 1162 107 63 in
735 1162 161 63 cuius
842 1162 215 63 partibus
1003 1162 179 63 partes
1128 1162 215 63 mouentis
1290 1162 179 63 habent
1415 1162 179 63 mouere
1540 1162 179 63 partes
1665 1162 215 63 mobilis,
1809 1162 89 63 hoc

156 1218 146 68 modo.
253 1218 97 68 Si
301 1218 97 68 a.
350 1218 113 68 sit
415 1218 162 68 corpus
528 1218 194 68 finitum,
674 1218 162 68 mouens
787 1218 162 68 mobile
900 1218 178 68 finitum
1030 1218 97 68 be
1078 1218 113 68 per
1143 1218 162 68 tempus
1256 1218 210 68 infinitum
1418 1218 97 68 c.
1466 1218 129 68 ergo
1547 1218 113 68 de.
1612 1218 129 68 quae
1693 1218 113 68 est
1758 1218 162 68 aliqua

168 1261 123 65 pars
245 1261 154 65 ipsius
353 1261 93 65 a.
399 1261 170 65 mouebit
523 1261 93 65 e.
569 1261 154 65 partem
677 1261 170 65 aliquam
800 1261 154 65 ipsius
909 1261 108 65 bro
970 1261 77 65 &
1001 1261 108 65 hoc
1063 1261 93 65 in
1109 1261 154 65 aliqua
1217 1261 139 65 parte
1310 1261 154 65 finita
1418 1261 154 65 ipsius
1526 1261 185 65 infiniti
1665 1261 123 65 quod
1742 1261 108 65 est
1804 1261 93 65 c.
1835 1261 46 65 &

158 1325 114 70 sit
223 1325 131 70 illa
305 1325 147 70 pars.
403 1325 98 70 ,.
452 1325 131 70 quia
533 1325 114 70 non
599 1325 163 70 potest
713 1325 98 70 d.
762 1325 163 70 mouere
876 1325 98 70 e.
925 1325 98 70 in
974 1325 131 70 toto
1056 1325 98 70 c.
1105 1325 98 70 in
1154 1325 114 70 quo
1219 1325 147 70 mouet
1317 1325 98 70 a.
1366 1325 147 70 ipsum
1464 1325 98 70 b.
1513 1325 163 70 Semper
1628 1325 131 70 enim
1709 1325 147 70 maius
1791 1325 98 70 cor-

166 1368 123 77 pus
237 1368 158 77 mouet
342 1368 141 77 sibi
430 1368 299 77 proportionale
676 1368 105 77 in
729 1368 176 77 pluri,
852 1368 88 77 &
887 1368 211 77 longiori
1045 1368 193 77 tempore
1186 1368 264 77 continuando
1397 1368 141 77 suum
1485 1368 176 77 motum.
1608 1368 141 77 quod
1696 1368 158 77 nullo
1801 1368 123 77 mo-

158 1433 108 56 do
212 1433 198 56 haberet
356 1433 251 56 veritatem:
553 1433 144 56 nisi
643 1433 144 56 quia
733 1433 108 56 in
787 1433 144 56 toto
876 1433 126 56 est
948 1433 162 56 maior
1056 1433 162 56 vigor
1164 1433 215 56 virtutis
1325 1433 108 56 ad
1379 1433 269 56 permanendum
1595 1433 198 56 diutius
1738 1433 90 56 &
1756 1433 126 56 conti

148 1482 182 60 nuandum
281 1482 149 60 motum
380 1482 166 60 totius
496 1482 133 60 quam
579 1482 99 60 in
629 1482 149 60 parte
728 1482 99 60 ad
778 1482 265 60 continuandum
993 1482 149 60 motum
1093 1482 182 60 partis:
1225 1482 99 60 eo
1275 1482 133 60 quod
1358 1482 166 60 virtus
1474 1482 149 60 vnita
1573 1482 182 60 fortior
1706 1482 116 60 est
1755 1482 133 60 seipsa

151 1535 238 59 separata.
334 1535 146 59 Vnde
425 1535 128 59 per
498 1535 146 59 idem
590 1535 201 59 spatium
736 1535 91 59 &
772 1535 256 59 aequaliter
974 1535 128 59 quo
1047 1535 183 59 potest
1175 1535 183 59 mouere
1303 1535 146 59 pars
1394 1535 201 59 partem,
1541 1535 183 59 potest
1669 1535 91 59 &
1705 1535 165 59 totum
1797 1535 91 59 to-

151 1591 145 56 tum:
241 1591 90 56 &
277 1591 163 56 forte
386 1591 108 56 in
440 1591 181 56 minori
567 1591 199 56 propter
711 1591 199 56 maiorem
856 1591 217 56 vigorem.
1018 1591 127 56 Quo
1091 1591 235 56 supposito
1271 1591 235 56 concludit
1452 1591 235 56 intentum.
1633 1591 108 56 D.
1687 1591 181 56 igitur
1796 1591 90 56 non

148 1645 159 58 potest
260 1645 159 58 mouere
371 1645 96 58 e.
419 1645 127 58 nisi
499 1645 112 58 per
562 1645 159 58 partem
674 1645 96 58 c,
722 1645 127 58 quae
801 1645 127 58 est.
881 1645 96 58 4.
929 1645 112 58 Sed
993 1645 207 58 quantitas
1152 1645 159 58 ipsius
1264 1645 96 58 d.
1311 1645 239 58 aliquotiens
1503 1645 159 58 ablata
1614 1645 96 58 ab
1662 1645 127 58 ipso
1742 1645 96 58 a.
1789 1645 80 58 &
1821 1645 96 58 ad

159 1688 126 72 dita
238 1688 126 72 ipsi
317 1688 110 72 de.
380 1688 189 72 consumet
522 1688 205 72 aliquando
679 1688 142 72 totum
774 1688 95 72 a.
821 1688 79 72 &
852 1688 205 72 similiter
1010 1688 205 72 quantitas
1167 1688 158 72 ipsius
1278 1688 95 72 e.
1325 1688 236 72 aliquotiens
1514 1688 158 72 ablata
1624 1688 95 72 ab
1671 1688 126 72 ipso
1750 1688 95 72 be
1797 1688 79 72 &
1829 1688 95 72 ad

149 1752 124 69 dita
227 1752 124 69 ipsi
305 1752 93 69 e.
351 1752 186 69 consumet
491 1752 202 69 aliquando
646 1752 140 69 totum
739 1752 93 69 si
785 1752 202 69 quantitas
940 1752 140 69 autem
1033 1752 171 69 ipsius.
1157 1752 93 69 x.
1204 1752 171 69 totiens
1328 1752 155 69 ablata
1436 1752 93 69 ab
1483 1752 124 69 ipso
1560 1752 93 69 c.
1607 1752 78 69 &
1638 1752 155 69 addita
1746 1752 140 69 ipsi.
1824 1752 62 69 x.

154 1801 103 63 in
205 1801 120 63 quo
274 1801 154 63 mouet
376 1801 154 63 totum
479 1801 188 63 ablatum
616 1801 103 63 ab
667 1801 103 63 a.
718 1801 171 63 totum:
838 1801 188 63 ablatum
975 1801 103 63 ab
1026 1801 137 63 ipso
1112 1801 103 63 b.
1163 1801 171 63 tempus
1283 1801 188 63 finitum
1419 1801 137 63 est:
1505 1801 86 63 &
1539 1801 120 63 non
1607 1801 205 63 consumit
1761 1801 154 63 ipsum

151 1859 96 54 c.
199 1859 112 54 Non
263 1859 129 54 ergo
344 1859 161 54 corpus
456 1859 177 54 finitum
585 1859 96 54 a.
633 1859 177 54 mouebit
761 1859 161 54 corpus
874 1859 177 54 finitum
1002 1859 96 54 be
1051 1859 112 54 per
1115 1859 161 54 tempus
1227 1859 209 54 infinitum
1388 1859 96 54 c.
1436 1859 112 54 sed
1500 1859 112 54 per
1565 1859 161 54 tempus
1677 1859 193 54 finitum,
1806 1859 80 54 per

159 1906 157 65 aliqua.
273 1906 171 65 scilicet
401 1906 143 65 partem
501 1906 143 65 ipsius
601 1906 86 65 c.
644 1906 86 65 Et
687 1906 114 65 ideo
758 1906 143 65 corpus
858 1906 157 65 finitum
972 1906 100 65 non
1030 1906 128 65 habet
1115 1906 171 65 virtutem
1244 1906 186 65 infinitam
1386 1906 143 65 mouend
1486 1906 171 65 scilicet
1615 1906 100 65 per
1672 1906 143 65 tempus
1758 1906 128 65 infini-

146 1963 115 58 tum
211 1963 229 58 duratione.
391 1963 98 58 Et
440 1963 147 58 patet
538 1963 147 58 plane
636 1963 131 58 quod
718 1963 164 58 virtus
833 1963 311 58 demonstrationis
1094 1963 131 58 suae
1176 1963 196 58 trahitur
1323 1963 98 58 ex
1373 1963 98 58 eo
1422 1963 131 58 quod
1503 1963 147 58 ponit
1602 1963 131 58 quod
1683 1963 147 58 maius
1765 1963 131 58 corpus

159 2016 168 61 semper
277 2016 151 61 mouet
377 2016 101 61 in
428 2016 151 61 pluri
528 2016 201 61 tempore.
679 2016 101 61 Et
730 2016 117 61 hoc
797 2016 117 61 non
864 2016 134 61 nisi
948 2016 185 61 propter
1082 2016 185 61 maiorem
1216 2016 201 61 vigorem,
1367 2016 151 61 cuius
1468 2016 185 61 vigoris
1602 2016 168 61 partes
1702 2016 185 61 continent

145 2077 166 59 partes
262 2077 216 59 corporis:
428 2077 133 59 quae
511 2077 199 59 finities
660 2077 183 59 sumptae
793 2077 216 59 consumunt
959 2077 183 59 vigorem
1092 2077 232 59 cuiuslibet
1275 2077 199 59 corporis
1424 2077 183 59 finiti.
1557 2077 133 59 Vnde
1640 2077 199 59 supponit
1773 2077 116 59 plane

152 2132 137 58 quod
238 2132 172 58 corpus
358 2132 189 58 finitum
495 2132 189 58 propter
633 2132 223 58 finitatem
804 2132 120 58 sui
873 2132 189 58 vigoris
1010 2132 120 58 non
1079 2132 172 58 potest
1199 2132 172 58 mouere
1319 2132 120 58 per
1388 2132 172 58 tempus
1508 2132 240 58 infinitum.
1697 2132 137 58 Vnde
1783 2132 86 58 &
1800 2132 86 58 se-

150 2173 183 58 cundum
278 2173 164 58 ipsum
387 2173 292 58 Philosophum:
625 2173 183 58 corpus
753 2173 146 58 quod
844 2173 110 58 ex
899 2173 110 58 se
953 2173 91 58 &
990 2173 110 58 ex
1045 2173 201 58 propria
1191 2173 201 58 virtute
1337 2173 183 58 potest
1465 2173 183 58 mouere
1593 2173 219 58 secundum
1739 2173 146 58 tempus

145 2233 253 56 infinitum:
344 2233 145 56 tale
434 2233 163 56 debet
542 2233 163 56 esse:
651 2233 108 56 vt
705 2233 217 56 secundum
867 2233 253 56 diuisionem
1066 2233 199 56 partium
1211 2233 217 56 temporis
1373 2233 253 56 accipiendi
1572 2233 108 56 in
1626 2233 253 56 infinitum,
1825 2233 108 56 in

142 2283 182 64 quibus
269 2283 182 64 partes
396 2283 218 64 mouentis
559 2283 200 64 possent
705 2283 182 64 mouere
832 2283 182 64 partes
959 2283 218 64 mobilis,
1122 2283 182 64 posset
1249 2283 236 64 procedere
1431 2283 200 64 diuisio
1576 2283 200 64 partium
1722 2283 145 64 eius
1812 2283 109 64 in

147 2338 229 63 infinitum,
327 2338 147 63 quale
425 2338 115 63 non
490 2338 164 63 potest
605 2338 131 63 esse
687 2338 131 63 nisi
769 2338 164 63 corpus
883 2338 131 63 actu
965 2338 229 63 infinitum,
1145 2338 98 63 de
1194 2338 115 63 quo
1260 2338 164 63 clarum
1374 2338 115 63 est
1440 2338 131 63 quod
1522 2338 115 63 cum
1587 2338 115 63 hoc
1653 2338 131 63 quod
1735 2338 115 63 est
1784 2338 98 63 infi

147 2397 158 63 nitum
252 2397 245 63 extensione
444 2397 88 63 &
479 2397 245 63 duratione,
672 2397 193 63 oportet
811 2397 140 63 quod
899 2397 123 63 sit
969 2397 228 63 infinitum
1144 2397 193 63 vigore.
1284 2397 140 63 Quod
1372 2397 175 63 probat
1494 2397 263 63 Philosophus
1704 2397 105 63 in
1739 2397 140 63 duabus

154 2447 343 56 demonstrationibus
448 2447 245 56 praetactis,
644 2447 180 56 tanquam
775 2447 98 56 id
824 2447 131 56 quid
906 2447 229 56 suppositum
1086 2447 114 56 est
1151 2447 98 56 in
1200 2447 114 56 hac
1266 2447 131 56 eius
1347 2447 311 56 demonstratione.
1609 2447 98 56 Et
1658 2447 114 56 sic
1723 2447 164 56 aperte
1822 2447 65 56 pa

149 2498 113 64 tet
213 2498 129 64 quod
294 2498 242 64 Philosophus
487 2498 113 64 per
552 2498 113 64 hoc
616 2498 129 64 quod
697 2498 161 64 probat
809 2498 129 64 quod
890 2498 145 64 motor
987 2498 161 64 primus
1100 2498 113 64 non
1164 2498 161 64 potest
1277 2498 129 64 esse
1357 2498 161 64 corpus
1470 2498 193 64 finitum,
1615 2498 209 64 autvirtus
1776 2498 97 64 in
1808 2498 81 64 eo,

159 2548 94 62 eo
206 2548 126 62 quod
285 2548 157 62 potest
395 2548 157 62 mouere
505 2548 110 62 per
567 2548 157 62 tempus
677 2548 220 62 infinitum:
850 2548 126 62 quod
928 2548 157 62 potest
1038 2548 141 62 motor
1133 2548 157 62 primus
1242 2548 141 62 (quod
1337 2548 141 62 alibi
1431 2548 188 62 probauit
1572 2548 94 62 in
1619 2548 141 62 viii.
1713 2548 204 62 Physicae.

158 2608 190 60 implicat
301 2608 127 60 quod
380 2608 143 60 motor
475 2608 158 60 primus
586 2608 111 60 est
649 2608 190 60 virtutis
792 2608 206 60 infinitae
950 2608 174 60 vigore,
1077 2608 158 60 qualis
1188 2608 143 60 esset
1283 2608 158 60 corpus
1394 2608 206 60 infinitum
1552 2608 95 60 si
1600 2608 143 60 esset
1695 2608 95 60 in
1742 2608 143 60 rerum
1822 2608 63 60 na

154 2670 141 54 tura.
248 2670 109 54 lta
311 2670 125 54 quod
389 2670 141 54 sicut
483 2670 203 54 infinitas
639 2670 172 54 vigoris
764 2670 188 54 corporis
904 2670 188 54 infiniti
1045 2670 156 54 diuidi
1155 2670 156 54 posset
1264 2670 109 54 per
1326 2670 203 54 infinitas
1483 2670 156 54 partes
1592 2670 172 54 vigoris
1717 2670 172 54 finiti,
1826 2670 63 54 se

145 2717 164 62 cundum
259 2717 229 62 diuisionem
439 2717 196 62 corporis
586 2717 164 62 illius
701 2717 245 62 materialem,
897 2717 114 62 sic
962 2717 213 62 infinitas
1126 2717 180 62 vigoris
1257 2717 147 62 primi
1355 2717 180 62 motoris
1486 2717 164 62 diuidi
1600 2717 164 62 potest
1714 2717 196 62 secundum

145 2770 181 62 rationem
280 2770 256 62 intelligendi,
491 2770 105 62 per
551 2770 196 62 infinitas
702 2770 150 62 partes
807 2770 165 62 vigoris
927 2770 165 62 finiti.
1048 2770 105 62 Sic
1108 2770 120 62 ergo
1183 2770 135 62 plane
1273 2770 135 62 patet
1363 2770 120 62 quod
1439 2770 241 62 demonstratio
1634 2770 226 62 philosophis
1800 2770 90 62 quam

156 2823 155 67 ponit
259 2823 172 67 versus
379 2823 172 67 finem.
500 2823 155 67 viii.
603 2823 223 67 Physicae.
775 2823 120 67 cum
843 2823 172 67 dicit.
964 2823 155 67 Horum
1067 2823 155 67 autem
1170 2823 138 67 vnum
1256 2823 172 67 quidem
1376 2823 258 67 impossibile
1583 2823 120 67 &c.
1652 2823 103 67 ad
1686 2823 189 67 probandum

144 2870 152 71 quod
239 2870 190 71 corpus
372 2870 209 71 finitum
523 2870 133 71 non
599 2870 171 71 habet
713 2870 246 71 potentiam
902 2870 209 71 mouendi
1054 2870 209 71 tempore
1206 2870 246 71 infinito,
1395 2870 227 71 fundatur
1566 2870 171 71 super
1679 2870 152 71 duo.
1774 2870 152 71 Quo-

147 2933 125 62 rum
219 2933 143 62 vnum
308 2933 125 62 est
380 2933 143 62 quod
469 2933 179 62 corpus
594 2933 197 62 finitum
737 2933 125 62 non
809 2933 179 62 potest
934 2933 107 62 in
988 2933 107 62 se
1041 2933 179 62 habere
1167 2933 233 62 potentiam
1345 2933 233 62 infinitam
1524 2933 197 62 vigore.
1667 2933 215 62 Secundum
1810 2933 72 62 ve

151 2988 101 52 ro
202 2988 117 52 est
269 2988 134 52 quod
352 2988 168 52 corpus
470 2988 218 52 infinitum
637 2988 134 52 quod
721 2988 168 52 potest
839 2988 168 52 mouere
956 2988 184 52 tempore
1090 2988 218 52 infinito,
1258 2988 184 52 &diuidi
1392 2988 201 52 secundum
1543 2988 134 52 eius
1627 2988 235 52 diuisionem
1811 2988 101 52 in

143 3030 223 70 infinitum,
318 3030 111 70 sit
382 3030 207 70 infinitum
541 3030 175 70 vigore.
668 3030 175 70 Propter
795 3030 127 70 quod
874 3030 207 70 proposita
1033 3030 270 70 demonstratone
1256 3030 111 70 iam
1320 3030 143 70 dicta
1415 3030 159 70 statim
1526 3030 175 70 inducit
1653 3030 127 70 tres
1733 3030 143 70 alias
1812 3030 64 70 de

146 3094 309 58 modostrationes.
406 3094 130 58 Vnam
488 3094 98 58 ad
537 3094 212 58 probandum
699 3094 179 58 primum,
830 3094 114 58 cum
895 3094 163 58 dicit.
1009 3094 130 58 Quia
1090 3094 147 58 autem
1188 3094 163 58 omnino
1302 3094 98 58 in
1351 3094 163 58 finita
1465 3094 244 58 magnitudine
1660 3094 114 58 non
1709 3094 179 58 contingit

145 3140 230 66 infinitam
322 3140 142 66 esse
411 3140 230 66 potentiam
588 3140 106 66 ex
641 3140 124 66 his
712 3140 248 66 manifestum
907 3140 124 66 est
978 3140 124 66 &c.
1049 3140 124 66 Sed
1120 3140 142 66 quia
1209 3140 124 66 non
1279 3140 213 66 pertinet
1439 3140 106 66 ad
1492 3140 248 66 propositum
1687 3140 159 66 ipsam
1776 3140 106 66 omit

134 3200 113 68 to.
198 3200 97 68 Ad
247 3200 193 68 secundum
392 3200 129 68 vero
472 3200 177 68 inducit
601 3200 129 68 duas
682 3200 145 68 alias
779 3200 242 68 supratactas
972 3200 113 68 cum
1037 3200 161 68 dicit.
1149 3200 113 68 Sed
1214 3200 145 68 tamen
1311 3200 145 68 neque
1407 3200 210 68 infinitum
1569 3200 193 68 finitum.
1714 3200 113 68 &c.
1778 3200 97 68 Et
1810 3200 81 68 sic

134 3250 154 92 patet
237 3250 154 92 plane
339 3250 137 92 quod
425 3250 171 92 virtus
545 3250 325 92 demonstrationis
819 3250 240 92 Philosophi
1007 3250 103 92 in
1059 3250 154 92 fine.
1162 3250 154 92 viii.
1264 3250 240 92 Physicorum
1453 3250 103 92 ad
1504 3250 223 92 probandum
1675 3250 137 92 quod
1744 3250 137 92 primus
