2452 3770
465 312 115 85 est
530 312 98 85 vt
579 312 147 85 illud
677 312 229 85 principium
857 312 115 85 sit
923 312 147 85 valde
1021 312 229 85 manifestum
1201 312 82 85 &
1234 312 164 85 notum:
1348 312 82 85 &
1381 312 98 85 de
1430 312 245 85 necessitate
1626 312 180 85 oportet
1757 312 213 85 concedere
1921 312 147 85 illud
2019 312 131 85 quid
2084 312 115 85 habet

457 393 233 62 cognitionem
644 393 155 62 entis.
753 393 124 62 vnde
831 393 140 62 dicit
924 393 171 62 commen.
1048 393 233 62 Quemadmodum
1235 393 171 62 oportet
1359 393 233 62 philosophum
1546 393 218 62 attribuere
1717 393 218 62 quiodlibet
1888 393 140 62 genus
1981 393 155 62 entium
2075 393 124 62 alicui

461 445 181 67 primo:
587 445 90 67 &
623 445 162 67 scire
732 445 144 67 quid
822 445 126 67 est
894 445 162 67 illud
1003 445 199 67 primum:
1147 445 90 67 &
1183 445 126 67 hoc
1255 445 126 67 quo
1327 445 108 67 ad
1382 445 271 67 incomplexa:
1598 445 126 67 ita
1670 445 199 67 oportet
1815 445 162 67 ipsum
1923 445 126 67 cum
1977 445 217 67 considera-

469 496 112 71 uit
533 496 96 71 de
581 496 161 71 primis
694 496 321 71 propositionibus,
967 496 225 71 attribuere
1143 496 145 71 omnia
1240 496 161 71 alicui
1352 496 161 71 primo.
1464 496 128 71 Vnde
1545 496 241 71 philosophus
1737 496 161 71 contra
1850 496 193 71 negantes
1994 496 112 71 eam
2042 496 161 71 exterius

470 550 138 68 quod
556 550 155 68 tamen
659 550 172 68 negari
780 550 121 68 non
849 550 172 68 potest
969 550 121 68 quo
1038 550 103 68 ad
1090 550 207 68 interius
1245 550 224 68 rationem,
1417 550 121 68 non
1486 550 207 68 procedit
1641 550 121 68 per
1710 550 189 68 aliquod
1847 550 241 68 principium
2020 550 189 68 complexum

462 604 116 58 sed
529 604 149 58 solum
628 604 100 58 ex
678 604 232 58 terminorum
861 604 282 58 incomplexorum
1093 604 315 58 significatione:
1359 604 133 58 quae
1442 604 149 58 solum
1541 604 216 58 praecedit
1707 604 116 58 hoc
1774 604 232 58 principium
1956 604 232 58 conplexum.
2122 604 83 58 com

466 662 172 64 plexum
586 662 137 64 enim
672 662 172 64 primum
792 662 137 64 nisi
878 662 120 64 per
947 662 241 64 incomplexa
1136 662 241 64 cognoscere
1325 662 120 64 non
1394 662 223 64 possumus.
1565 662 155 64 Licet
1668 662 137 64 enim
1754 662 172 64 aliqua
1875 662 241 64 propositio
2064 662 120 64 sit
2115 662 86 64 per

466 719 101 62 se
517 719 151 62 nota:
617 719 84 62 &
651 719 151 62 primo
751 719 185 62 quantum
886 719 117 62 est
953 719 101 62 de
1003 719 117 62 se:
1070 719 101 62 vt
1121 719 117 62 est
1188 719 134 62 illa
1272 719 151 62 cuius
1372 719 252 62 praedicatum
1573 719 235 62 includitur
1758 719 101 62 in
1808 719 218 62 subiecto:
1976 719 218 62 ignoranti
2127 719 84 62 ta-

465 768 122 70 men
534 768 226 70 subiectum
708 768 139 70 quid
795 768 139 70 est:
882 768 87 70 &
917 768 139 70 eius
1004 768 296 70 definitionem,
1247 768 157 70 talis
1352 768 244 70 propositio
1543 768 122 70 non
1613 768 122 70 est
1682 768 157 70 nota.
1787 768 209 70 lgnorans
1943 768 139 70 enim
2030 768 139 70 quod
2100 768 104 70 homo

463 822 108 66 est
524 822 154 66 animal
632 822 201 66 rationale
787 822 185 66 mortale,
925 822 154 66 potest
1033 822 185 66 ignorare
1172 822 93 66 an
1219 822 123 66 homo
1296 822 108 66 sit
1357 822 170 66 animal:
1481 822 77 66 &
1512 822 139 66 alius
1604 822 123 66 non.
1681 822 93 66 vt
1728 822 139 66 dicit
1820 822 216 66 Augsitinus
1990 822 93 66 in
2036 822 154 66 logica
2129 822 77 66 sua

471 870 188 57 Secundum
612 870 188 57 interius
753 870 188 57 rationem
893 870 141 57 dico:
987 870 125 57 quia
1065 870 109 57 qui
1128 870 125 57 scit
1206 870 125 57 quod
1284 870 125 57 homo
1362 870 109 57 est
1425 870 156 57 animal
1534 870 203 57 rationale
1690 870 188 57 mortale,
1831 870 125 57 scit
1909 870 234 57 praedicatum
2081 870 125 57 inclu-

472 918 98 75 di
521 918 98 75 in
570 918 213 75 subiecto:
733 918 115 75 cum
799 918 180 75 dicitur
930 918 131 75 homo
1012 918 115 75 est
1077 918 180 75 animal.
1208 918 131 75 Vnde
1290 918 147 75 dicit
1388 918 180 75 Auicen.
1519 918 98 75 i.
1568 918 262 75 Metaphysicae
1781 918 147 75 suae.
1879 918 115 75 Non
1944 918 164 75 potest
2042 918 164 75 cognosci

473 978 123 60 quid
549 978 107 60 sit
611 978 123 60 vere
687 978 215 60 enunciari:
856 978 123 60 nisi
932 978 92 60 de
978 978 199 60 vnoquoque
1132 978 138 60 eorum
1223 978 169 60 dicatur
1346 978 123 60 quia
1423 978 107 60 res
1484 978 123 60 est,
1561 978 107 60 vel
1622 978 184 60 aliquid,
1760 978 107 60 vel
1821 978 138 60 quid.
1913 978 77 60 &
1944 978 245 60 philosophus.
2127 978 77 60 vi.

471 1032 217 64 Metaphysi.
642 1032 171 64 Oportet
766 1032 109 64 non
828 1032 186 64 ignorare
968 1032 140 64 illud
1061 1032 124 64 quod
1139 1032 217 64 significat
1309 1032 171 64 aliquid
1433 1032 124 64 quid
1511 1032 109 64 sit
1573 1032 186 64 secundum
1713 1032 202 64 essentiam
1868 1032 78 64 &
1899 1032 264 64 definitionem,
2116 1032 124 64 quia

472 1082 182 60 quaerere
608 1082 152 60 absque
715 1082 106 60 hoc
776 1082 106 60 est
836 1082 152 60 facere
943 1082 152 60 nihil.
1049 1082 182 60 cognitio
1186 1082 121 60 enim
1261 1082 121 60 eius
1337 1082 121 60 quod
1413 1082 121 60 quid
1489 1082 121 60 est,
1565 1082 106 60 est
1626 1082 213 60 principium
1793 1082 137 60 omnis
1884 1082 228 60 cognitionis
2051 1082 152 60 perfecte

466 1139 214 59 habendae
626 1139 107 59 de
680 1139 125 59 re:
751 1139 89 59 &
786 1139 107 59 ad
840 1139 125 59 eam
911 1139 160 59 omnis
1018 1139 214 59 cognitio
1178 1139 125 59 tam
1249 1139 107 59 in
1303 1139 249 59 complexis,
1498 1139 142 59 quam
1587 1139 107 59 in
1641 1139 267 59 incomplexis
1854 1139 231 59 reducenda
2032 1139 142 59 est.
2103 1139 107 59 Vnde

471 1191 142 64 illa
560 1191 248 64 propositio
755 1191 124 64 est
826 1191 195 64 omnibus
968 1191 124 64 per
1039 1191 106 64 se
1092 1191 160 64 nota:
1198 1191 160 64 cuius
1305 1191 160 64 omnes
1411 1191 213 64 terminos
1571 1191 266 64 cognoscunt:
1783 1191 142 64 illa
1872 1191 142 64 vero
1961 1191 160 64 solum
2049 1191 160 64 sapien-

478 1238 157 81 tibus:
588 1238 141 81 cuius
682 1238 188 81 terminos
824 1238 126 81 soli
902 1238 204 81 sapientes
1059 1238 235 81 cognoscunt.
1247 1238 188 81 secundum
1389 1238 126 81 quod
1467 1238 204 81 Boethius.
1624 1238 110 81 Ii.
1687 1238 94 81 de
1734 1238 157 81 Hebdo.
1844 1238 204 81 distiguit
2001 1238 157 81 duplex
2095 1238 110 81 genus

476 1298 239 60 communium
659 1298 294 60 conceptionum
898 1298 184 60 animi.
1027 1298 184 60 Quarum
1156 1298 184 60 omnium
1284 1298 165 60 prima
1394 1298 129 60 est
1468 1298 165 60 illa:
1578 1298 110 60 de
1633 1298 221 60 quolibet
1799 1298 257 60 affirmatio
2001 1298 129 60 &c.
2074 1298 110 60 Ex
2111 1298 92 60 qua

468 1359 127 55 via
540 1359 271 55 deductionis
757 1359 325 55 argumentatione
1028 1359 307 55 demonstratiua
1281 1359 253 55 eliciuntur
1480 1359 163 55 omnes
1588 1359 145 55 alii
1679 1359 235 55 conceptus
1860 1359 217 55 complexi
2022 1359 145 55 siue
2095 1359 108 55 illo

477 1407 119 68 rum
545 1407 119 68 qui
613 1407 135 68 sunt
697 1407 220 68 principia
866 1407 102 68 in
917 1407 220 68 aliquibus
1087 1407 220 68 scientiis
1256 1407 271 68 specialibus,
1476 1407 135 68 siue
1561 1407 271 68 conclusionum
1781 1407 237 68 vltimarum.
1967 1407 102 68 Et
2018 1407 102 68 ex
2069 1407 119 68 hoc
2119 1407 85 68 phi

475 1458 207 62 losophus
630 1458 155 62 cuius
733 1458 121 62 est
802 1458 259 62 considerare
1009 1458 259 62 quidditates
1216 1458 172 62 rerum,
1337 1458 155 62 habet
1440 1458 190 62 probare
1578 1458 155 62 prima
1682 1458 224 62 principia
1854 1458 293 62 particularium
2078 1458 138 62 scien-

472 1513 202 56 tiarum.
618 1513 110 56 Et
673 1513 128 56 per
746 1513 147 56 hunc
838 1513 165 56 modum
948 1513 220 56 quicquid
1113 1513 147 56 homo
1204 1513 238 56 cognoscit
1388 1513 147 56 post
1479 1513 275 56 simpliciter
1699 1513 165 56 prima
1809 1513 238 56 principia
1974 1513 238 56 naturaliter

467 1566 199 64 cognita:
617 1566 116 64 via
683 1566 232 64 rationalis
866 1566 249 64 deductionis
1065 1566 232 64 cognoscit:
1247 1566 116 64 non
1314 1566 149 64 solum
1413 1566 266 64 intelligendo
1629 1566 133 64 vnum
1712 1566 133 64 post
1795 1566 199 64 alterum:
1944 1566 133 64 quod
2027 1566 149 64 facit
2127 1566 83 64 &
2144 1566 66 64 an

486 1617 173 71 gelus:
607 1617 121 71 sed
676 1617 156 71 etiam
780 1617 277 71 intelligendo
1005 1617 139 71 vnum
1092 1617 104 71 ex
1144 1617 191 71 altero,
1283 1617 191 71 tanquam
1421 1617 243 71 incognitum
1612 1617 139 71 actu
1699 1617 104 71 ex
1751 1617 139 71 actu
1837 1617 191 71 cognito
1976 1617 104 71 in
2028 1617 121 71 quo
2080 1617 121 71 illud

470 1679 131 62 est
545 1679 225 62 cognitum
714 1679 112 62 in
770 1679 225 62 potentia
939 1679 187 62 solum.
1070 1679 131 62 Qui
1145 1679 169 62 modus
1257 1679 281 62 cognoscendi
1482 1679 187 62 angelo
1613 1679 131 62 non
1688 1679 244 62 conuenit.
1876 1679 150 62 Vnde
1969 1679 94 62 &
2007 1679 169 62 modus
2119 1679 131 62 in-

475 1725 248 60 telligendi
670 1725 230 60 angelorum
847 1725 195 60 proprie
988 1725 318 60 intellectualis
1254 1725 212 60 dicitur:
1413 1725 195 60 hominum
1554 1725 142 60 vero
1643 1725 265 60 rationalis.
1855 1725 212 60 secundum
2014 1725 142 60 quod
2085 1725 124 60 dicit

480 1782 243 58 Damasceneus
674 1782 97 58 de
723 1782 162 58 duabus
836 1782 195 58 naturis:
982 1782 81 58 &
1015 1782 113 58 vna
1080 1782 178 58 persona
1209 1782 243 58 Christianua
1404 1782 195 58 Operatio
1550 1782 292 58 intellectualis
1793 1782 113 58 est
1858 1782 97 58 in
1906 1782 178 58 angelis
2036 1782 81 58 &
2068 1782 97 58 in
2101 1782 97 58 omni

480 1834 115 59 bus
545 1834 247 59 incorporeis
743 1834 198 59 simplici
892 1834 280 59 apprehensione
1122 1834 330 59 intelligentibus:
1402 1834 231 59 rationalis
1584 1834 132 59 vero
1666 1834 99 59 in
1716 1834 231 59 hominibus:
1897 1834 115 59 qui
1963 1834 99 59 ex
2012 1834 148 59 anima
2111 1834 82 59 &
2128 1834 82 59 cor

481 1889 118 60 pore
555 1889 235 60 componuntur:
746 1889 103 60 non
805 1889 191 60 simplici:
952 1889 103 60 sed
1010 1889 132 60 varia
1099 1889 73 60 &
1128 1889 250 60 ratiocinatiua
1334 1889 250 60 apprehensione
1540 1889 294 60 intelligentibus.
1789 1889 88 60 Et
1834 1889 118 60 nota
1907 1889 118 60 quod
1981 1889 103 60 est
2039 1889 118 60 ordo
2113 1889 88 60 in
2142 1889 59 60 il

479 1944 117 62 lis
546 1944 217 62 posterius
713 1944 200 62 cognitis
863 1944 100 62 ab
913 1944 184 62 homine:
1047 1944 134 62 quia
1130 1944 184 62 quaedam
1264 1944 250 62 posteriorum
1464 1944 134 62 sunt
1548 1944 100 62 in
1598 1944 200 62 potentia
1748 1944 167 62 priori
1865 1944 100 62 in
1915 1944 134 62 illo
1999 1944 150 62 primo
2082 1944 117 62 prin-

472 1999 158 54 cipio
578 1999 123 54 tam
648 1999 246 54 incomplexo
841 1999 141 54 quam
929 1999 211 54 complexo
1087 1999 158 54 prius
1193 1999 105 54 ex
1246 1999 105 54 eo
1298 1999 141 54 nata
1386 1999 228 54 cognosci:
1562 1999 193 54 quaedam
1702 1999 105 54 in
1755 1999 246 54 posteriori
1948 1999 141 54 nata
2019 1999 193 54 posterius

474 2053 210 56 cognosci
631 2053 105 56 ex
684 2053 175 56 eodem.
806 2053 88 56 &
841 2053 123 56 sic
911 2053 123 56 per
981 2053 193 56 ordinem
1121 2053 158 56 vsque
1226 2053 105 56 ad
1279 2053 175 56 vltima
1401 2053 263 56 incomplexa:
1611 2053 88 56 &
1646 2053 193 56 vltimas
1786 2053 280 56 conclusiones
1996 2053 210 56 complexas.

479 2100 110 60 Et
534 2100 220 60 secundum
699 2100 147 60 hunc
790 2100 202 60 ordinem
937 2100 165 60 debet
1047 2100 238 60 procedere
1230 2100 220 60 ordinata
1395 2100 220 60 scientia
1560 2100 110 60 in
1615 2100 293 60 cognoscendo:
1854 2100 165 60 sicut
1964 2100 183 60 natura
2074 2100 128 60 proce

487 2154 115 75 dit
552 2154 197 75 ordinate
700 2154 98 75 in
749 2154 230 75 generando:
930 2154 131 75 quia
1012 2154 115 75 non
1077 2154 131 75 sunt
1160 2154 148 75 omnia
1258 2154 148 75 aeque
1357 2154 148 75 primo
1455 2154 98 75 in
1504 2154 197 75 potentia
1652 2154 98 75 in
1701 2154 164 75 primis
1816 2154 246 75 principiis,
2013 2154 98 75 vt
2046 2154 164 75 scentian

480 2205 111 72 tur
544 2205 95 72 ex
591 2205 159 72 ipsis:
703 2205 111 72 sed
766 2205 175 72 necesse
893 2205 111 72 est
957 2205 175 72 quaedam
1084 2205 143 72 sciri
1179 2205 238 72 mediantibus
1370 2205 159 72 aliis:
1481 2205 143 72 sicut
1576 2205 111 72 non
1640 2205 127 72 sunt
1719 2205 143 72 omnia
1815 2205 143 72 aeque
1910 2205 143 72 primo
2005 2205 95 72 in
2037 2205 159 72 potentia

480 2263 99 57 in
530 2263 199 57 materia,
679 2263 99 57 vt
729 2263 232 57 generentur
911 2263 99 57 ex
960 2263 116 57 ea:
1027 2263 116 57 sed
1093 2263 182 57 necesse
1225 2263 116 57 est
1292 2263 182 57 quaedam
1424 2263 199 57 generari
1573 2263 248 57 mediantibus
1772 2263 149 57 aliis
1871 2263 149 57 primo
1970 2263 232 57 generatis.
2136 2263 66 57 Et

474 2318 149 74 ideo
567 2318 167 74 sicut
679 2318 186 74 natura
809 2318 130 74 non
883 2318 186 74 potest
1013 2318 167 74 primo
1124 2318 93 74 &
1161 2318 241 74 immediate
1347 2318 111 74 ex
1403 2318 149 74 pane
1496 2318 223 74 generare
1663 2318 223 74 hominem:
1830 2318 130 74 sed
1904 2318 204 74 oportet
2052 2318 111 74 vt
2090 2318 111 74 pri-

473 2372 101 76 mo
524 2372 101 76 ex
574 2372 135 76 pane
658 2372 219 76 generetur
826 2372 202 76 sanguis:
978 2372 84 76 &
1011 2372 101 76 ex
1062 2372 202 76 sanguine
1213 2372 185 76 sperma,
1348 2372 84 76 &
1382 2372 101 76 ex
1432 2372 202 76 spermate
1583 2372 151 76 homo:
1684 2372 118 76 Sic
1752 2372 151 76 ratio
1853 2372 101 76 ex
1903 2372 168 76 primis
2004 2372 185 76 principii

479 2430 119 53 non
547 2430 170 53 potest
666 2430 153 53 scire
768 2430 221 53 immediate
937 2430 102 53 ea
988 2430 136 53 quae
1073 2430 187 53 mediata
1209 2430 153 53 sunt,
1311 2430 136 53 siue
1396 2430 221 53 complexa,
1566 2430 136 53 siue
1651 2430 255 53 incomplexa:
1854 2430 119 53 sed
1922 2430 187 53 oportet
2058 2430 119 53 eam
2109 2430 85 53 cur

478 2475 147 71 rere
569 2475 128 71 per
643 2475 165 71 omnia
753 2475 257 71 intermedia
955 2475 239 71 priusquam
1138 2475 202 71 mediata
1285 2475 202 71 poterit
1432 2475 128 71 per
1506 2475 165 71 prima
1616 2475 275 71 cognoscere.
1836 2475 110 71 Et
1891 2475 128 71 qui
1964 2475 147 71 hunc
2038 2475 165 71 ordinem

461 2530 123 77 non
532 2530 229 77 obseruant
708 2530 106 77 in
761 2530 246 77 addiscendo
954 2530 194 77 modicum
1095 2530 264 77 proficiunt:
1306 2530 88 77 &
1342 2530 194 77 saepius
1482 2530 194 77 errant.
1623 2530 211 77 Absolute
1782 2530 141 77 ergo
1870 2530 211 77 dicendum
2028 2530 141 77 quod
2098 2530 106 77 homo

478 2583 129 57 non
551 2583 185 57 potest
681 2583 166 57 aeque
791 2583 166 57 primo
902 2583 221 57 deuenire
1068 2583 111 57 in
1124 2583 221 57 notitiam
1290 2583 277 57 singulorum:
1511 2583 148 57 immo
1603 2583 111 57 in
1659 2583 221 57 quolibet
1825 2583 185 57 genere
1936 2583 258 57 principiorum

472 2639 187 67 oportet
608 2639 119 67 eum
676 2639 153 67 prius
777 2639 153 67 scire
879 2639 204 67 confusa:
1032 2639 136 67 quam
1117 2639 272 67 determinata:
1338 2639 85 67 &
1371 2639 170 67 deinde
1490 2639 102 67 ex
1541 2639 204 67 confusis
1694 2639 119 67 via
1762 2639 221 67 discursus
1931 2639 238 67 rationalis
2118 2639 119 67 in-

472 2686 219 78 uestigare
641 2686 270 78 determinata,
860 2686 118 78 vel
927 2686 253 78 definitiue,
1130 2686 118 78 vel
1197 2686 304 78 demonstratiue:
1450 2686 84 78 &
1484 2686 118 78 hoc
1551 2686 118 78 per
1619 2686 202 78 ordinem:
1770 2686 169 78 semper
1888 2686 152 78 primo
1973 2686 219 78 cognoscendo

472 2746 227 73 principia
646 2746 262 73 incomplexa:
856 2746 87 73 &
891 2746 175 73 deinde
1013 2746 105 73 ex
1065 2746 262 73 incomplexis
1275 2746 227 73 complexa:
1450 2746 87 73 &
1485 2746 122 73 tam
1555 2746 105 73 in
1607 2746 122 73 his
1677 2746 140 73 quam
1764 2746 105 73 in
1817 2746 157 73 illis
1921 2746 157 73 primo
2026 2746 192 73 confusa
2149 2746 52 73 &

472 2804 314 68 indeterminata:
734 2804 175 68 deinde
856 2804 227 68 distincta
1031 2804 87 68 &
1065 2804 262 68 determinata
1275 2804 105 68 vt
1328 2804 175 68 dictum
1450 2804 140 68 est.
1572 2804 105 68 Ad
1625 2804 157 68 primu
1729 2804 105 68 in
1782 2804 245 68 oppositum:
1974 2804 140 68 quod
2044 2804 157 68 speciem

474 2849 241 79 cuiuslibet
663 2849 120 79 rei
732 2849 155 79 aeque
835 2849 155 79 primo
938 2849 137 79 mens
1024 2849 137 79 nata
1110 2849 120 79 est
1178 2849 241 79 acquirere:
1367 2849 206 79 Dicendum
1522 2849 137 79 quod
1608 2849 155 79 licet
1711 2849 120 79 ita
1780 2849 137 79 sit:
1866 2849 120 79 non
1934 2849 155 79 tamen
2037 2849 137 79 nata
2106 2849 86 79 est

479 2908 125 69 per
550 2908 160 69 illam
657 2908 267 69 intelligere
871 2908 160 69 omnia
978 2908 321 69 intelligibilia
1246 2908 107 69 de
1299 2908 143 69 ipsa
1389 2908 125 69 re:
1460 2908 160 69 aeque
1567 2908 160 69 primo
1674 2908 89 69 &
1710 2908 160 69 eodem
1817 2908 160 69 modo:
1924 2908 125 69 sed
1995 2908 160 69 primo
2084 2908 107 69 con-

470 2962 192 66 ceptus
604 2962 230 66 confusos
776 2962 230 66 primarum
949 2962 307 66 intentionum:
1198 2962 96 66 &
1236 2962 192 66 deinde
1370 2962 115 66 ex
1428 2962 345 66 determinatione
1715 2962 268 66 definitiua
1926 2962 249 66 conceptus
2098 2962 96 66 ea-

469 3014 127 75 rum
542 3014 309 75 determinatos:
796 3014 91 75 &
833 3014 127 75 per
906 3014 164 75 illos
1015 3014 164 75 omnes
1124 3014 237 75 conceptus
1306 3014 237 75 sequentes
1488 3014 127 75 tam
1561 3014 237 75 complexos
1743 3014 146 75 quam
1834 3014 291 75 incomplexos,
2052 3014 146 75 secun-

479 3065 117 68 dum
546 3065 133 68 quod
629 3065 183 68 apparet
763 3065 100 68 in
813 3065 183 68 pueris,
946 3065 117 68 qui
1013 3065 150 68 primo
1113 3065 150 68 omnes
1213 3065 150 68 viros
1313 3065 217 68 appellant
1480 3065 183 68 patres.
1613 3065 100 68 vt
1663 3065 167 68 dictum
1780 3065 133 68 est.
1897 3065 100 68 Ad
1947 3065 200 68 secundum
2097 3065 133 68 quod

467 3127 139 69 quod
553 3127 174 69 sensus
675 3127 156 69 aeque
779 3127 156 69 primo
884 3127 261 69 apprehendit
1092 3127 156 69 omnia
1196 3127 261 69 sensibilia:
1405 3127 208 69 Dicendum
1561 3127 208 69 secundum
1718 3127 156 69 dicta
1822 3127 208 69 superius
1978 3127 139 69 quod
2065 3127 122 69 non
2117 3127 87 69 est

473 3172 167 66 simile
590 3172 100 66 de
640 3172 150 66 sensu
740 3172 83 66 &
773 3172 250 66 intellectu:
973 3172 133 66 quia
1057 3172 167 66 sensus
1173 3172 250 66 simpliciter
1373 3172 83 66 &
1407 3172 233 66 superficie
1590 3172 150 66 tenus
1690 3172 200 66 exterius
1840 3172 117 66 rem
1907 3172 117 66 per
1973 3172 133 66 suam
2040 3172 150 66 speciem

467 3230 278 70 apprehendit:
692 3230 122 70 sed
762 3230 122 70 non
831 3230 156 70 ipsam
936 3230 122 70 rem
1005 3230 226 70 interius:
1179 3230 156 70 neque
1283 3230 174 70 ipsius
1405 3230 139 70 rei,
1492 3230 226 70 veritatem
1665 3230 104 70 in
1718 3230 122 70 qua
1787 3230 156 70 plura
1891 3230 226 70 contingit
2048 3230 156 70 discer
