2341 3790
138 344 105 88 ab
191 344 193 88 aeterno
332 344 176 88 facit.
455 344 123 88 Non
525 344 141 88 ergo
613 344 105 88 de
666 344 141 88 nouo
754 344 211 88 aliquid.
912 344 246 88 Consequens
1105 344 176 88 falsum
1228 344 141 88 est:
1316 344 141 88 ergo
1404 344 88 88 &
1439 344 264 88 antecedens.
1650 344 88 88 ⁋
1685 344 105 88 In
1720 344 176 88 contrari

134 425 104 65 um
186 425 139 65 est:
273 425 191 65 quoniam
412 425 122 65 vbi
481 425 209 65 potentia
638 425 191 65 differt
777 425 87 65 a
811 425 156 65 prima
916 425 261 65 substantia:
1124 425 243 65 substantia
1315 425 122 65 non
1385 425 174 65 potest
1507 425 174 65 seipsa
1628 425 87 65 &
1663 425 122 65 per
1733 425 122 65 se:
1802 425 122 65 sed

134 472 111 70 per
198 472 96 70 id
246 472 127 70 quod
325 472 111 70 est
389 472 127 70 ipsa
469 472 207 70 potentia:
628 472 143 70 sicut
723 472 143 70 ignis
819 472 111 70 non
883 472 159 70 potest
994 472 223 70 calefacere
1169 472 127 70 nisi
1249 472 175 70 calore.
1376 472 80 70 &
1408 472 111 70 vbi
1472 472 191 70 potentia
1615 472 175 70 differt
1743 472 96 70 ab
1775 472 111 70 actu,

127 530 203 66 potentia
279 530 101 66 de
330 530 101 66 se
380 530 118 66 est
448 530 253 66 imperfecta:
650 530 84 66 &
684 530 236 66 perficitur
870 530 118 66 per
937 530 169 66 actum,
1055 530 152 66 sicut
1157 530 203 66 potentia
1308 530 186 66 videndi
1443 530 118 66 per
1511 530 152 66 actum
1612 530 203 66 videndi.
1764 530 135 66 Deus
1832 530 68 66 au

137 587 122 59 tem
206 587 174 59 seipso
328 587 174 59 potest
449 587 209 59 quicquid
606 587 191 59 potest:
745 587 139 59 quia
832 587 122 59 est
901 587 174 59 primum
1023 587 191 59 potens:
1162 587 104 59 ad
1214 587 139 59 quod
1301 587 226 59 reducitur
1475 587 139 59 omne
1562 587 174 59 potens
1683 587 122 59 per
1753 587 174 59 aliud:

146 630 83 81 &
180 630 200 81 potentia
330 630 100 81 in
380 630 133 81 ipso
463 630 150 81 nihil
563 630 150 81 habet
663 630 300 81 imperfectionis
913 630 117 81 aut
980 630 300 81 perfectibilis:
1230 630 133 81 quia
1313 630 133 81 tale
1397 630 117 81 non
1464 630 167 81 potest
1580 630 167 81 cadere
1697 630 100 81 in
1747 630 133 81 deo.
1830 630 100 81 In

130 688 121 83 deo
199 688 139 83 ergo
286 688 156 83 nulla
389 688 121 83 est
459 688 173 83 omnino
580 688 260 83 differentia
788 688 121 83 vel
857 688 225 83 distantia
1030 688 225 83 potentiae
1203 688 87 83 a
1238 688 242 83 substantia
1429 688 87 83 &
1463 688 104 83 ab
1498 688 121 83 actu.

122 753 99 78 ⁋
162 753 238 78 Dicendum
341 753 119 78 ad
400 753 159 78 hoc:
500 753 159 78 quod
599 753 179 78 sicut
718 753 139 78 est
798 753 119 78 in
858 753 179 78 aliis
977 753 219 78 diuinis
1136 753 298 78 attributis:
1374 753 159 78 quod
1474 753 179 78 omnia
1593 753 139 78 deo
1653 753 239 78 attribuun-

125 822 125 69 tur
197 822 125 69 per
268 822 250 69 essentiam:
464 822 89 69 &
500 822 178 69 nullum
625 822 125 69 per
696 822 357 69 participationem:
1000 822 125 69 Est
1071 822 143 69 enim
1160 822 143 69 deus
1250 822 125 69 per
1321 822 232 69 essentiam
1499 822 89 69 &
1535 822 125 69 non
1606 822 125 69 per
1678 822 196 69 aliquam
1803 822 89 69 par

131 866 256 71 ticipationem
339 866 160 71 bonus,
451 866 176 71 iustus,
579 866 192 71 sapiens,
724 866 80 71 &
756 866 224 71 huiusmodi:
932 866 112 71 Sic
996 866 176 71 oportet
1124 866 128 71 quod
1204 866 112 71 sit
1268 866 96 71 de
1316 866 128 71 eius
1396 866 208 71 potentia:
1557 866 96 71 vt
1605 866 208 71 videlicet
1749 866 144 71 dicatur

136 927 159 66 potens
247 927 111 66 per
311 927 223 66 essentiam:
486 927 111 66 non
550 927 111 66 per
613 927 175 66 aliquam
741 927 302 66 participationem
995 927 223 66 potentiae.
1170 927 127 66 Vnde
1250 927 143 66 dicit
1345 927 159 66 Ricar.
1456 927 95 66 in
1504 927 127 66 pri.
1584 927 95 66 de
1631 927 223 66 trinitate.
1791 927 95 66 Con-

133 981 129 71 stat
213 981 129 71 deum
294 981 129 71 esse
374 981 193 71 potentem
519 981 209 71 potentiae
679 981 257 71 plenitudine:
888 981 113 71 non
953 981 113 71 per
1017 981 321 71 participationem.
1290 981 96 71 Et
1338 981 209 71 similiter
1499 981 193 71 dicendum
1644 981 113 71 est
1708 981 96 71 de
1756 981 161 71 quoli-

125 1030 120 66 bet
193 1030 137 66 actu
279 1030 120 66 qui
347 1030 120 66 deo
416 1030 222 66 conuenit.
587 1030 137 66 Vult
672 1030 137 66 enim
758 1030 85 66 &
792 1030 239 66 intelligit
980 1030 239 66 quaecumque
1168 1030 137 66 vult
1253 1030 85 66 &
1288 1030 256 66 intelligit:
1493 1030 120 66 per
1561 1030 222 66 essentiam
1732 1030 137 66 suam
1801 1030 85 66 non

127 1080 118 69 per
195 1080 321 69 participationem
465 1080 203 69 aliquam:
617 1080 135 69 quia
701 1080 118 69 est
769 1080 287 69 essentialiter
1006 1080 169 69 volens
1124 1080 84 69 &
1158 1080 270 69 intelligens:
1377 1080 118 69 non
1445 1080 118 69 per
1512 1080 186 69 aliquam
1631 1080 253 69 participatio-

123 1146 127 69 nem.
202 1146 127 69 Nunc
282 1146 143 69 autem
377 1146 111 69 sic
440 1146 111 69 est
504 1146 95 69 in
551 1146 127 69 omni
630 1146 95 69 eo
678 1146 127 69 quod
757 1146 159 69 potest
868 1146 111 69 per
932 1146 206 69 essentiam
1090 1146 143 69 suam,
1185 1146 127 69 quod
1265 1146 111 69 non
1328 1146 111 69 est
1392 1146 95 69 in
1439 1146 127 69 ipso
1518 1146 111 69 quo
1582 1146 159 69 potest
1693 1146 174 69 aliquid
1804 1146 79 69 ali

139 1197 87 59 ud
183 1197 116 59 quam
256 1197 116 59 ipsa
329 1197 189 59 suiipsius
474 1197 189 59 essentia:
619 1197 87 59 vt
663 1197 116 59 idem
736 1197 87 59 re
779 1197 116 59 sint
852 1197 145 59 omnino
954 1197 175 59 potentia
1085 1197 73 59 &
1114 1197 116 59 ipsa
1187 1197 189 59 essentia.
1332 1197 87 59 Et
1376 1197 189 59 similiter
1521 1197 87 59 in
1565 1197 116 59 omni
1638 1197 87 59 eo
1681 1197 116 59 quid
1754 1197 102 59 est
1798 1197 87 59 suus

121 1257 144 60 actus
217 1257 112 60 per
281 1257 224 60 essentiam,
458 1257 144 60 actus
554 1257 160 60 omnino
666 1257 208 60 indistans
826 1257 112 60 est
890 1257 80 60 &
922 1257 272 60 inseparabilis
1147 1257 80 60 a
1179 1257 192 60 potentia
1323 1257 144 60 sicut
1419 1257 80 60 &
1451 1257 96 60 ab
1499 1257 208 60 essentia:
1660 1257 96 60 vt
1708 1257 128 60 idem
1772 1257 112 60 omni-

135 1301 101 71 no
186 1301 135 71 sint
270 1301 152 71 actus
371 1301 84 71 &
405 1301 219 71 potentia:
574 1301 84 71 &
607 1301 118 71 non
675 1301 169 71 possit
793 1301 135 71 esse
877 1301 202 71 potentia
1029 1301 135 71 nisi
1113 1301 219 71 coniuncta
1282 1301 169 71 actui.
1400 1301 135 71 Quia
1484 1301 135 71 enim
1569 1301 202 71 potentia
1720 1301 101 71 in
1771 1301 101 71 re
1805 1301 84 71 ali

137 1349 120 69 qua
205 1349 188 69 differt
342 1349 103 69 ab
394 1349 137 69 ipsa
479 1349 240 69 substantia
668 1349 120 69 vel
736 1349 137 69 actu
822 1349 137 69 eius
907 1349 103 69 ad
959 1349 137 69 quem
1044 1349 137 69 est:
1130 1349 137 69 siue
1215 1349 171 69 fuerit
1335 1349 154 69 actus
1438 1349 103 69 vt
1489 1349 205 69 habitus:
1643 1349 137 69 siue
1729 1349 154 69 actus
1815 1349 68 69 vt

135 1414 156 61 agere:
245 1414 109 61 hoc
307 1414 109 61 est
369 1414 125 61 quia
447 1414 109 61 non
510 1414 172 61 seipsa,
634 1414 94 61 id
681 1414 109 61 est
744 1414 109 61 sua
806 1414 187 61 essentia
946 1414 172 61 potest:
1071 1414 109 61 sed
1133 1414 156 61 aliquo
1243 1414 125 61 alio
1321 1414 234 61 superaddito
1508 1414 125 61 suae
1586 1414 250 61 existentiae:
1773 1414 109 61 sicut

134 1459 149 78 ignis
234 1459 215 78 calefacit
400 1459 182 78 calore,
532 1459 116 78 qui
598 1459 116 78 est
665 1459 199 78 qualitas
814 1459 265 78 accidentalis
1029 1459 99 78 in
1079 1459 149 78 ipso.
1178 1459 182 78 Propter
1311 1459 116 78 hoc
1377 1459 133 78 enim
1460 1459 182 78 quantum
1592 1459 116 78 est
1659 1459 99 78 de
1708 1459 99 78 se
1741 1459 133 78 potest

129 1518 134 72 actus
218 1518 163 72 distare
337 1518 74 72 &
367 1518 178 72 separari
500 1518 74 72 a
530 1518 178 72 potentia
663 1518 74 72 &
693 1518 119 72 esse
767 1518 178 72 potentia
901 1518 89 72 in
945 1518 89 72 re
990 1518 119 72 sine
1064 1518 104 72 suo
1123 1518 134 72 actu:
1212 1518 89 72 vt
1257 1518 134 72 ignis
1346 1518 148 72 potest
1450 1518 119 72 esse
1524 1518 178 72 calidus:
1657 1518 163 72 quamuis
1776 1518 104 72 non
1821 1518 59 72 ca

130 1565 192 61 lefacit.
274 1565 96 61 In
322 1565 112 61 deo
386 1565 160 61 igitur
498 1565 192 61 dicendum
643 1565 112 61 est
707 1565 240 61 simpliciter
899 1565 80 61 &
931 1565 208 61 absolute,
1091 1565 128 61 quod
1171 1565 160 61 omnino
1283 1565 112 61 non
1347 1565 208 61 differunt
1508 1565 96 61 in
1556 1565 96 61 eo
1604 1565 192 61 potentia
1748 1565 80 61 &
1764 1565 128 61 essen-

128 1624 128 60 tia:
208 1624 128 60 immo
288 1624 128 60 quod
367 1624 128 60 deus
447 1624 112 60 sua
511 1624 191 60 essentia
654 1624 112 60 sic
718 1624 159 60 potest
830 1624 191 60 quicquid
973 1624 175 60 potest,
1101 1624 96 60 vt
1149 1624 112 60 sua
1212 1624 191 60 essentia
1356 1624 96 60 in
1404 1624 159 60 seipsa
1515 1624 239 60 simpliciter
1707 1624 112 60 sit
1770 1624 112 60 sua
1818 1624 64 60 po

132 1674 194 76 tentia.
273 1674 123 76 Non
344 1674 158 76 autem
449 1674 123 76 est
520 1674 211 76 potentia
678 1674 194 76 aliquid
819 1674 194 76 additum
960 1674 246 76 essentiae:
1154 1674 141 76 immo
1242 1674 141 76 ipsa
1330 1674 211 76 essentia
1488 1674 158 76 cedit
1594 1674 229 76 totaliter
1770 1674 106 76 in
1805 1674 88 76 na-

130 1734 155 62 turam
233 1734 223 62 potentiae
405 1734 241 62 quodcumque
594 1734 86 62 &
628 1734 309 62 qualitercunque
886 1734 189 62 potest:
1024 1734 138 62 siue
1110 1734 103 62 in
1161 1734 155 62 actum
1264 1734 155 62 intra
1367 1734 223 62 manentem:
1539 1734 138 62 siue
1625 1734 155 62 extra
1711 1734 172 62 transeun

135 1790 129 67 tem:
215 1790 129 67 siue
296 1790 113 67 sit
360 1790 241 67 essentialis
553 1790 80 67 &
586 1790 225 67 absolutus:
763 1790 129 67 siue
843 1790 225 67 personalis
1020 1790 80 67 &
1052 1790 225 67 relatiuus.
1229 1790 209 67 Similiter
1390 1790 113 67 est
1455 1790 97 67 in
1503 1790 129 67 ipso
1583 1790 97 67 de
1632 1790 193 67 potentia
1776 1790 80 67 &
1792 1790 97 67 actu

136 1836 132 65 quod
218 1836 165 65 omnino
333 1836 280 65 indifferentia
564 1836 148 65 sunt:
663 1836 132 65 quod
745 1836 132 65 enim
828 1836 99 65 in
877 1836 132 65 ipso
960 1836 132 65 est,
1042 1836 115 65 non
1108 1836 132 65 nisi
1191 1836 148 65 purus
1290 1836 148 65 actus
1388 1836 132 65 esse
1471 1836 181 65 potest.
1603 1836 148 65 Omnis
1702 1836 132 65 enim
1768 1836 115 65 poten

133 1899 119 56 tia
201 1899 136 56 quae
286 1899 119 56 non
354 1899 119 56 est
422 1899 102 56 in
472 1899 102 56 re
523 1899 153 56 actus
625 1899 153 56 purus
727 1899 85 56 &
761 1899 238 56 perfectus:
948 1899 238 56 imperfecta
1134 1899 136 56 est:
1219 1899 85 56 &
1253 1899 119 56 per
1321 1899 153 56 aliud
1423 1899 153 56 agens
1525 1899 204 56 existens
1677 1899 102 56 in
1728 1899 153 56 actu,
1813 1899 68 56 va

132 1944 122 64 dit
201 1944 105 64 ad
254 1944 297 64 perfectionem.
499 1944 140 64 Vnde
586 1944 105 64 si
639 1944 175 64 aliqua
761 1944 262 64 differentia
971 1944 245 64 assignanda
1163 1944 122 64 est
1233 1944 227 64 potentiae
1408 1944 122 64 dei
1478 1944 105 64 ad
1530 1944 227 64 essentiam
1705 1944 157 64 eius:
1793 1944 87 64 aut

131 2002 91 61 ad
176 2002 152 61 actum:
283 2002 122 61 illa
359 2002 107 61 est
420 2002 137 61 solum
511 2002 183 61 secundum
648 2002 198 61 rationem.
800 2002 137 61 Sicut
892 2002 137 61 inter
983 2002 91 61 se
1029 2002 76 61 &
1059 2002 91 61 ab
1105 2002 122 61 ipsa
1181 2002 152 61 diuina
1287 2002 183 61 essentia
1424 2002 198 61 differunt
1577 2002 122 61 alia
1653 2002 198 61 attributa
1790 2002 91 61 diui

136 2057 122 52 na:
205 2057 105 52 vt
258 2057 157 52 infra
363 2057 332 52 determinabitur.
642 2057 122 52 Nec
712 2057 192 52 oportet
852 2057 122 52 hic
921 2057 262 52 distinguere
1131 2057 105 52 de
1183 2057 157 52 modis
1288 2057 227 52 potentiae
1463 2057 87 52 &
1498 2057 175 52 actus:
1620 2057 140 52 quod
1707 2057 140 52 enim
1795 2057 122 52 di-

137 2102 133 81 ctum
220 2102 133 81 est,
303 2102 232 81 vniversale
486 2102 149 81 verum
585 2102 116 81 est
652 2102 100 81 de
701 2102 133 81 omni
784 2102 133 81 modo
867 2102 216 81 potentiae
1033 2102 100 81 in
1083 2102 116 81 deo
1149 2102 199 81 respectu
1298 2102 182 81 diuinae
1431 2102 216 81 essentiae
1597 2102 83 81 &
1630 2102 199 81 respectu
1763 2102 116 81 actus

139 2163 138 62 sibi
225 2163 103 62 in
276 2163 120 62 deo
345 2163 292 62 respondentis.
586 2163 103 62 De
638 2163 206 62 potentia
792 2163 155 62 autem
896 2163 138 62 eius
982 2163 206 62 respectu
1136 2163 155 62 actus
1240 2163 206 62 exterius
1394 2163 155 62 circa
1498 2163 241 62 creaturas:
1687 2163 138 62 etsi
1756 2163 120 62 verum

147 2215 111 72 est
211 2215 127 72 quod
290 2215 111 72 sit
354 2215 127 72 ipsa
433 2215 159 72 diuina
544 2215 207 72 essentia:
703 2215 111 72 non
767 2215 143 72 tamen
862 2215 238 72 vsquequaque
1053 2215 143 72 verum
1148 2215 111 72 est
1212 2215 127 72 quod
1291 2215 111 72 sit
1355 2215 238 72 indifferens
1545 2215 95 72 ab
1593 2215 127 72 ipso
1672 2215 127 72 actu
1752 2215 95 72 ad
1784 2215 95 72 quem

128 2266 139 86 est:
214 2266 104 86 vt
267 2266 191 86 patebit
406 2266 208 86 inferius
562 2266 208 86 loquendo
718 2266 104 86 de
770 2266 191 86 actione
909 2266 122 86 dei
979 2266 156 86 circa
1066 2266 208 86 creaturas.

133 2328 103 80 ⁋
175 2328 124 80 Ad
237 2328 207 80 primum
381 2328 124 80 in
443 2328 268 80 oppositum
650 2328 165 80 quod
753 2328 248 80 potentia
939 2328 124 80 vt
1001 2328 248 80 potentia
1187 2328 145 80 din
1269 2328 268 80 relatiue,
1476 2328 145 80 non
1558 2328 145 80 sit
1620 2328 248 80 substantia

144 2398 105 59 vt
196 2398 262 59 substantia:
405 2398 157 59 neque
510 2398 157 59 actus
615 2398 105 59 vt
667 2398 175 59 actus:
790 2398 210 59 Dicendum
947 2398 140 59 quod
1034 2398 122 59 hoc
1104 2398 140 59 bene
1191 2398 175 59 arguit
1313 2398 279 59 diuersitatem
1540 2398 157 59 eorum
1645 2398 210 59 secundum
1785 2398 87 59 ra-

135 2451 179 70 tionem:
265 2451 114 70 non
330 2451 147 70 autem
428 2451 196 70 secundum
575 2451 130 70 rem:
657 2451 179 70 quoniam
787 2451 179 70 idipsum
918 2451 130 70 quod
999 2451 98 70 in
1048 2451 114 70 deo
1113 2451 147 70 habet
1211 2451 196 70 rationem
1358 2451 196 70 absoluti
1505 2451 98 70 vt
1554 2451 196 70 essentia
1701 2451 130 70 est:
1766 2451 114 70 habet

130 2505 200 66 rationem
280 2505 216 66 respectus
447 2505 100 66 vt
497 2505 200 66 potentia
646 2505 133 66 est:
730 2505 83 66 &
763 2505 183 66 idipsum
896 2505 133 66 quod
979 2505 216 66 absolutum
1146 2505 117 66 est
1212 2505 83 66 &
1246 2505 200 66 essentia
1395 2505 100 66 in
1445 2505 117 66 se,
1512 2505 166 66 intrat
1628 2505 100 66 in
1678 2505 200 66 rationem
1811 2505 67 66 po

142 2561 168 57 tentiae,
268 2561 182 57 assumendo
408 2561 84 57 in
449 2561 140 57 seipsa
547 2561 168 57 rationem
673 2561 182 57 respectus
813 2561 84 57 ad
855 2561 140 57 actum:
953 2561 112 57 siue
1022 2561 98 57 sit
1078 2561 182 57 respectus
1218 2561 210 57 relationis:
1386 2561 112 57 siue
1456 2561 112 57 rei:
1526 2561 112 57 siue
1596 2561 168 57 secundum
1721 2561 126 57 esse.
1791 2561 98 57 omnis

149 2618 130 68 enim
230 2618 212 68 respectus
393 2618 98 68 in
442 2618 179 68 diuinis
573 2618 147 68 super
670 2618 212 68 essentiam
833 2618 212 68 fundatur.
997 2618 179 68 propter
1127 2618 130 68 quod
1209 2618 114 68 non
1274 2618 114 68 est
1339 2618 98 68 in
1388 2618 130 68 ipso
1469 2618 212 68 respectus
1632 2618 130 68 nisi
1714 2618 196 68 substan-

145 2665 189 72 tialis:
282 2665 103 72 vt
334 2665 189 72 habitum
471 2665 120 72 est
540 2665 172 72 supra,
660 2665 86 72 &
695 2665 155 72 infra
798 2665 189 72 dicetur
935 2665 206 72 amplius.
1090 2665 86 72 ⁋
1124 2665 103 72 Ad
1176 2665 206 72 secundum
1330 2665 137 72 quod
1416 2665 120 72 non
1485 2665 155 72 omnis
1588 2665 206 72 potentia
1743 2665 120 72 dei
1794 2665 86 72 com

136 2719 158 71 gruit
242 2719 193 71 rationi
382 2719 88 71 &
417 2719 228 71 voluntati
593 2719 158 71 eius:
698 2719 158 71 sicut
804 2719 228 71 congruunt
979 2719 246 71 substantia
1173 2719 88 71 &
1208 2719 158 71 actus
1313 2719 105 71 in
1366 2719 158 71 ipso:
1471 2719 211 71 Dicendum
1629 2719 105 71 ad
1682 2719 140 71 hoc,
1770 2719 140 71 quod

148 2779 204 57 potentia
301 2779 119 57 dei
369 2779 153 57 habet
471 2779 221 57 respectum
641 2779 102 57 ad
692 2779 119 57 duo
760 2779 204 57 scilicet
913 2779 85 57 &
947 2779 102 57 ad
998 2779 153 57 ipsum
1099 2779 153 57 actum
1201 2779 102 57 ad
1252 2779 136 57 quem
1337 2779 119 57 est
1405 2779 238 57 immediate:
1592 2779 85 57 &
1626 2779 102 57 ad
1677 2779 153 57 ipsum
1762 2779 119 57 produ

136 2835 145 65 ctum
227 2835 127 65 per
299 2835 163 65 actum
408 2835 127 65 cum
481 2835 127 65 est
553 2835 218 65 alicuius
717 2835 291 65 productiuus:
953 2835 91 65 &
989 2835 127 65 hoc
1062 2835 127 65 vel
1135 2835 109 65 ad
1189 2835 236 65 productum
1371 2835 182 65 manens
1498 2835 163 65 intra
1607 2835 145 65 suam
1679 2835 200 65 essentiam

138 2880 105 63 in
191 2880 193 63 diuinis
331 2880 228 63 personis:
506 2880 123 63 vel
576 2880 228 63 productum
751 2880 175 63 fluens
874 2880 158 63 extra
979 2880 193 63 diuinam
1119 2880 228 63 essentiam
1294 2880 105 63 in
1347 2880 245 63 creaturis.
1539 2880 228 63 Respectus
1714 2880 105 63 ad
1749 2880 123 63 actum

152 2938 121 59 vel
221 2938 225 59 productum
394 2938 156 59 intra
498 2938 104 59 se
550 2938 225 59 naturalis
723 2938 87 59 &
757 2938 260 59 essentialis
965 2938 121 59 est
1034 2938 121 59 ei,
1103 2938 87 59 &
1138 2938 173 59 semper
1259 2938 260 59 terminatus:
1467 2938 87 59 &
1501 2938 121 59 non
1571 2938 173 59 potest
1692 2938 138 59 deus
1761 2938 121 59 secun

143 2988 111 66 dum
207 2988 127 66 hunc
286 2988 207 66 respectum
445 2988 159 66 facere
556 2988 191 66 quicquam
699 2988 127 66 nisi
779 2988 159 66 faciat
890 2988 143 66 illud
985 2988 254 66 aeternaliter
1192 2988 79 66 &
1224 2988 286 66 immutabiliter.
1462 2988 111 66 Nec
1525 2988 95 66 de
1573 2988 191 66 potentia
1716 2988 111 66 dei
1764 2988 111 66 secum

144 3040 115 77 dum
209 3040 148 77 istum
308 3040 148 77 modum
406 3040 197 77 loquitur
554 3040 230 77 Augustinus
734 3040 115 77 cum
800 3040 148 77 dicit
898 3040 131 77 deum
980 3040 148 77 posse
1079 3040 164 77 omnia:
1194 3040 115 77 sed
1259 3040 115 77 non
1325 3040 164 77 facere
1440 3040 131 77 nisi
1522 3040 131 77 quod
1604 3040 197 77 congruit
1752 3040 131 77 suae
1817 3040 66 77 ra

139 3099 155 59 tioni
242 3099 86 59 &
277 3099 241 59 voluntati:
466 3099 155 59 quasi
569 3099 189 59 aliquid
707 3099 172 59 possit
828 3099 207 59 absoluta
983 3099 207 59 potentia
1138 3099 138 59 quod
1224 3099 189 59 rationi
1361 3099 86 59 &
1396 3099 224 59 voluntati
1568 3099 138 59 eius
1654 3099 121 59 non
1706 3099 172 59 congruit

139 3148 136 61 immo
224 3148 154 61 omnis
327 3148 205 61 potentia
480 3148 102 61 in
531 3148 136 61 ipso
617 3148 205 61 secundum
770 3148 154 61 talem
872 3148 222 61 respectum
1043 3148 239 61 intellecta
1231 3148 205 61 congruit
1384 3148 188 61 rationi
1521 3148 136 61 eius
1606 3148 85 61 &
1640 3148 222 61 voluntati
1794 3148 85 61 si-

144 3207 133 60 cut
220 3207 95 60 &
258 3207 171 60 actus
372 3207 95 60 &
410 3207 247 60 productum
600 3207 133 60 per
676 3207 190 60 ipsum:
809 3207 152 60 immo
904 3207 152 60 haec
999 3207 171 60 omnia
1114 3207 190 60 potius
1247 3207 247 60 congruunt
1437 3207 266 60 immutabili
1627 3207 247 60 necessitati

132 3264 165 84 eius.
242 3264 220 84 Quicquid
407 3264 147 84 enim
498 3264 183 84 potest
627 3264 165 84 agere
737 3264 128 84 vel
810 3264 238 84 producere
993 3264 165 84 intra
1104 3264 128 84 se,
1177 3264 257 84 immutabili
1379 3264 275 84 necessitate
1599 3264 147 84 agit
1690 3264 92 84 &
1709 3264 183 84 producit
