2334 3773
99 314 113 74 non
164 314 146 74 habet
261 314 129 74 esse
341 314 129 74 nisi
422 314 97 74 ex
471 314 243 74 intellectu.
665 314 81 74 â‹
697 314 97 74 Ad
746 314 210 74 secundum:
908 314 129 74 quod
989 314 243 74 intellectus
1183 314 113 74 non
1247 314 113 74 est
1312 314 194 74 ponendus
1458 314 97 74 in
1506 314 162 74 aliquo
1619 314 129 74 nisi
1700 314 178 74 propter
1813 314 49 74 A

97 377 133 60 actum
186 377 236 60 perfectiorem
377 377 118 60 quam
451 377 103 60 sit
510 377 133 60 actus
598 377 206 60 praecedens
760 377 118 60 ante
833 377 236 60 intellectum:
1025 377 177 60 Dicendum
1157 377 118 60 quod
1231 377 133 60 verum
1319 377 103 60 est
1378 377 103 60 vbi
1437 377 133 60 actus
1526 377 191 60 abinuicem
1658 377 162 60 differunt

91 430 90 65 re
136 430 105 65 vel
196 430 224 65 intentione.
375 430 90 65 In
420 430 164 65 talibus
539 430 119 65 enim
614 430 149 65 semper
718 430 209 65 perfectior
882 430 105 65 est
942 430 209 65 posterior:
1106 430 119 65 quia
1181 430 164 65 aliquod
1300 430 134 65 addit
1390 430 134 65 super
1480 430 179 65 priorem.
1614 430 105 65 Non
1674 430 134 65 autem
1748 430 75 65 est

99 481 148 65 verum
197 481 164 65 quando
312 481 214 65 differunt
476 481 131 65 sola
558 481 197 65 ratione.
706 481 131 65 tunc
788 481 131 65 enim
870 481 99 65 id
920 481 131 65 quod
1002 481 164 65 vnicum
1117 481 131 65 est,
1199 481 148 65 ratio
1297 481 246 65 distinguit:
1495 481 82 65 &
1527 481 99 65 de
1577 481 148 65 eodem
1659 481 164 65 simplici

97 534 135 66 quod
181 534 168 66 omnium
299 534 101 66 in
349 534 101 66 se
400 534 269 66 perfectionum
618 534 202 66 rationes
770 534 168 66 habet,
887 534 168 66 plures
1005 534 84 66 &
1039 534 168 66 varios
1156 534 135 66 sibi
1241 534 219 66 conceptus
1409 534 185 66 format.
1543 534 135 66 Vnde
1627 534 135 66 esse
1711 534 101 66 in
1745 534 84 66 deo

77 595 90 61 a
113 595 126 61 quo
185 595 217 61 essentia
348 595 217 61 dicitur:
510 595 126 61 est
583 595 181 61 primus
709 595 235 61 conceptus
890 595 108 61 de
944 595 108 61 eo
998 595 90 61 &
1034 595 325 61 perfectissimus
1305 595 90 61 &
1341 595 325 61 infinitissimus
1612 595 90 61 &
1648 595 145 61 sibi
1721 595 108 61 pro-

84 640 260 70 priissimus:
292 640 139 70 quia
379 640 208 70 continet
535 640 226 70 infinitum
709 640 191 70 pelagus
848 640 174 70 omnium
969 640 156 70 eorum
1073 640 139 70 quae
1160 640 122 70 deo
1230 640 260 70 conveniunt.
1438 640 191 70 Propter
1577 640 139 70 quod
1664 640 139 70 esse
1733 640 87 70 est

84 687 150 71 actus
184 687 183 71 diuinus
317 687 316 71 perfectissimus,
583 687 216 71 continens
750 687 100 71 in
800 687 100 71 se
850 687 150 71 omnes
949 687 166 71 alios:
1066 687 100 71 vt
1116 687 250 71 intelligere
1315 687 83 71 &
1349 687 166 71 velle:
1465 687 83 71 &
1498 687 150 71 omnes
1598 687 150 71 alios
1698 687 116 71 qui
1748 687 83 71 sub

83 753 106 59 eis
144 753 243 59 continentur:
341 753 137 59 Sicut
433 753 122 59 quod
509 753 167 59 dicitur
630 753 198 59 essentia,
782 753 106 59 est
843 753 137 59 ratio
935 753 228 59 subsistendi
1117 753 274 59 perfectissima:
1345 753 198 59 continens
1497 753 91 59 in
1543 753 91 59 se
1589 753 137 59 omnes
1680 753 152 59 alias:
1771 753 61 59 vt

75 809 128 56 quod
155 809 112 56 sit
219 809 240 56 intellectus
411 809 112 56 aut
475 809 208 56 voluntas:
634 809 128 56 siue
714 809 272 56 intellectiuus
938 809 80 56 &
970 809 224 56 volitiuus:
1146 809 80 56 &
1178 809 144 56 omnes
1274 809 144 56 alias
1370 809 128 56 quae
1449 809 112 56 sub
1513 809 144 56 istis
1593 809 224 56 continentur.

71 859 154 61 Sicut
173 859 171 61 igitur
293 859 256 61 intelligere
498 859 119 61 est
566 859 171 61 quidam
685 859 154 61 actus
788 859 222 61 specialis
959 859 102 61 in
1010 859 137 61 deo,
1095 859 222 61 contentus
1266 859 119 61 sub
1334 859 154 61 esse,
1436 859 137 61 quia
1522 859 119 61 sub
1590 859 137 61 esse
1658 859 171 61 determi-

81 900 153 66 natum
183 900 153 66 modum
285 900 187 66 essendi
421 900 255 66 pertinentem
625 900 102 66 ad
676 900 272 66 determinatam
897 900 255 66 nobilitatem
1101 900 102 66 in
1152 900 170 66 agendo
1271 900 170 66 dicit:
1390 900 119 66 sic
1458 900 255 66 intellectus
1662 900 119 66 vel
1713 900 119 66 intel

72 961 198 65 lectiuum
220 961 99 65 in
269 961 115 65 deo
335 961 115 65 est
401 961 181 65 quaedam
533 961 148 65 ratio
632 961 247 65 subsistendi
830 961 214 65 specialis
995 961 99 65 in
1045 961 115 65 deo
1111 961 198 65 contenta
1259 961 115 65 sub
1325 961 214 65 essentia,
1490 961 165 65 dicens
1589 961 231 65 determinatum

81 1015 169 68 modum
194 1015 282 68 subsistendi
420 1015 282 68 pertinentem
646 1015 113 68 ad
702 1015 301 68 determinatam
947 1015 282 68 nobilitatem
1173 1015 113 68 in
1230 1015 301 68 subsistendo.
1474 1015 207 68 Propter
1625 1015 151 68 quod
1719 1015 113 68 in
1757 1015 75 68 di

75 1075 149 59 uina
168 1075 223 59 essentia
336 1075 204 59 oportet
484 1075 186 59 ponere
614 1075 223 59 rationem
782 1075 297 59 intellectus,
1023 1075 112 59 vt
1079 1075 186 59 dictum
1190 1075 112 59 est.

411 1109 126 104 Irca
490 1109 190 104 Secundum
632 1109 205 104 arguitur:
790 1109 126 104 quod
869 1109 237 104 intellectus
1059 1109 111 104 non
1122 1109 111 104 sit
1185 1109 190 104 potentia
1327 1109 95 104 in
1375 1109 126 104 deo.
1454 1109 142 104 Primo
1548 1109 126 104 sic,
1627 1109 126 104 quid
1706 1109 111 104 est
1754 1109 63 104 po

426 1191 162 67 tentia
539 1191 113 67 non
604 1191 145 67 manet
700 1191 97 67 in
749 1191 97 67 re
797 1191 113 67 cum
862 1191 129 67 actu
943 1191 113 67 qui
1007 1191 97 67 ei
1056 1191 226 67 respondet.
1233 1191 178 67 dicente
1363 1191 145 67 Auer.
1460 1191 145 67 super
1557 1191 162 67 primum
1653 1191 162 67 Physicae

428 1247 196 55 Materia
571 1247 125 55 non
642 1247 125 55 est
713 1247 231 55 potentia:
891 1247 142 55 quia
980 1247 196 55 materia
1123 1247 160 55 manet
1229 1247 249 55 adueniente
1425 1247 178 55 forma.
1550 1247 214 55 potentia
1692 1247 125 55 autem

439 1303 92 65 ad
485 1303 154 65 formam
593 1303 108 65 non
654 1303 154 65 manet.
762 1303 231 65 Intellectus
947 1303 139 65 autem
1039 1303 154 65 semper
1147 1303 139 65 manet
1240 1303 92 65 in
1286 1303 108 65 deo
1347 1303 108 65 cum
1409 1303 123 65 omni
1486 1303 123 65 actu
1563 1303 123 65 quid
1640 1303 108 65 est
1702 1303 92 65 in
1733 1303 92 65 ipso

428 1352 97 65 vt
476 1352 161 65 patet.
589 1352 129 65 ergo
670 1352 113 65 &c.
735 1352 81 65 â‹
767 1352 178 65 Secundo
896 1352 129 65 sic,
977 1352 129 65 quid
1057 1352 242 65 transfertur
1251 1352 81 65 a
1283 1352 194 65 creatura
1429 1352 97 65 in
1477 1352 145 65 deum,
1574 1352 81 65 &
1606 1352 145 65 dicit
1703 1352 161 65 omnino

362 1422 233 58 absolutum
541 1422 107 58 in
595 1422 233 58 creatura:
774 1422 161 58 dicit
881 1422 179 58 omnino
1006 1422 233 58 absolutum
1185 1422 107 58 in
1239 1422 143 58 deo,
1328 1422 107 58 vt
1382 1422 161 58 patet
1489 1422 233 58 inducendo
1668 1422 107 58 in
1704 1422 125 58 singu

67 1459 130 69 lis.
148 1459 244 69 Intellectus
344 1459 81 69 a
376 1459 195 69 creatura
523 1459 277 69 intellectuali
751 1459 244 69 tranffertur
946 1459 98 69 in
995 1459 147 69 deum:
1093 1459 81 69 &
1126 1459 98 69 in
1174 1459 130 69 illa
1256 1459 228 69 significat
1435 1459 179 69 aliquid
1565 1459 228 69 absolutum:
1728 1459 98 69 quia

66 1523 264 65 differentiam
280 1523 132 65 eius
362 1523 297 65 substantialem.
609 1523 132 65 ergo
692 1523 82 65 &
725 1523 99 65 in
774 1523 115 65 deo
840 1523 231 65 significat
1021 1523 247 65 substantiam
1219 1523 165 65 omnino
1335 1523 231 65 absolutam.
1516 1523 198 65 potentia
1664 1523 165 65 autem,
1763 1523 66 65 vt

74 1569 153 59 supra
176 1569 188 59 habitum
313 1569 136 59 est,
398 1569 239 59 significat
585 1569 256 59 substantiam
790 1569 119 59 sub
858 1569 188 59 ratione
995 1569 205 59 cuiusdam
1148 1569 239 59 respectus.
1336 1569 136 59 ergo
1421 1569 119 59 &c.
1489 1569 85 59 â‹
1523 1569 170 59 Tertio
1642 1569 136 59 sic.
1711 1569 119 59 intel

75 1626 159 65 ligere
186 1626 95 65 in
234 1626 111 65 deo
298 1626 223 65 comparatur
473 1626 95 65 ad
521 1626 255 65 intellectum:
727 1626 143 65 sicut
823 1626 127 65 esse
902 1626 95 65 ad
950 1626 223 65 essentiam.
1125 1626 111 65 Sed
1189 1626 191 65 essentia
1332 1626 95 65 in
1380 1626 111 65 deo
1443 1626 143 65 nullo
1539 1626 127 65 modo
1618 1626 175 65 dicitur
1730 1626 95 65 esse

68 1678 188 71 potentia
209 1678 94 71 ad
256 1678 141 71 esse:
350 1678 125 71 quia
429 1678 157 71 omnino
538 1678 204 71 absolutum
695 1678 125 71 quod
773 1678 125 71 est:
851 1678 78 71 &
883 1678 188 71 sequitur
1024 1678 188 71 rationem
1165 1678 141 71 esse,
1259 1678 94 71 vt
1306 1678 157 71 dictum
1415 1678 110 71 est
1478 1678 157 71 supra.
1587 1678 188 71 Potentia
1728 1678 141 71 autem

67 1736 159 67 debet
173 1736 247 67 praecedere
368 1736 212 67 rationem
527 1736 141 67 eius
615 1736 106 67 ad
668 1736 141 67 quod
756 1736 141 67 est.
845 1736 141 67 ergo
933 1736 159 67 nullo
1039 1736 141 67 modo
1127 1736 265 67 intellectus
1339 1736 106 67 in
1392 1736 124 67 deo
1463 1736 106 67 se
1516 1736 159 67 habet
1622 1736 106 67 vt
1657 1736 177 67 potentia

75 1772 200 74 respectu
225 1772 266 74 intelligere.
441 1772 116 74 Sed
508 1772 116 74 non
574 1772 116 74 est
641 1772 100 74 vt
691 1772 200 74 potentia
841 1772 200 74 respectu
990 1772 200 74 alterius
1140 1772 100 74 in
1190 1772 116 74 eo:
1256 1772 116 74 nec
1323 1772 116 74 est
1390 1772 200 74 potentia
1539 1772 133 74 nisi
1622 1772 100 74 ex
1656 1772 166 74 respectu

86 1840 97 68 vt
134 1840 162 68 dictum
248 1840 130 68 est.
329 1840 130 68 ergo
410 1840 114 68 &c.
475 1840 81 68 â‹
508 1840 178 68 Contra,
637 1840 130 68 quid
719 1840 146 68 dicit
816 1840 178 68 ordinem
946 1840 243 68 substantiae
1140 1840 97 68 ad
1189 1840 146 68 actum
1286 1840 178 68 aliquem
1416 1840 97 68 vt
1465 1840 130 68 eius
1546 1840 243 68 principium,
1724 1840 114 68 potem

75 1891 117 60 tia
142 1891 134 60 est,
226 1891 101 60 vt
277 1891 151 60 patet
377 1891 101 60 ex
428 1891 168 60 natura
545 1891 235 60 potentiae:
730 1891 201 60 secundum
881 1891 151 60 supra
981 1891 268 60 determinata.
1199 1891 252 60 Intellectus
1401 1891 101 60 in
1451 1891 117 60 deo
1518 1891 151 60 dicit
1619 1891 185 60 ordinem
1736 1891 101 60 diui

82 1943 115 82 nae
147 1943 246 82 substantiae
344 1943 98 82 ad
393 1943 147 82 actum
491 1943 278 82 intelligendi,
720 1943 115 82 non
785 1943 131 82 enim
867 1943 115 82 est
933 1943 246 82 intellectus
1129 1943 98 82 in
1178 1943 164 82 aliquo
1293 1943 131 82 nisi
1375 1943 98 82 vt
1424 1943 246 82 intelligat:
1620 1943 147 82 sicut
1718 1943 147 82 neque

79 2000 181 58 sensus
206 2000 145 58 nisi
296 2000 109 58 vt
351 2000 218 58 fentiat.
514 2000 145 58 ergo
586 2000 91 58 &c.

80 2040 96 93 â‹
118 2040 229 93 Dicendum
290 2040 153 93 quod
386 2040 172 93 licet
500 2040 115 93 in
558 2040 134 93 deo
634 2040 134 93 non
711 2040 191 93 cadant
844 2040 268 93 vniuersale
1054 2040 96 93 &
1093 2040 306 93 particulare,
1341 2040 115 93 vt
1398 2040 172 93 infra
1513 2040 268 93 videbitur:
1704 2040 134 93 tamen

83 2116 128 71 bene
163 2116 160 71 cadunt
275 2116 96 71 in
324 2116 128 71 eius
404 2116 225 71 attributis
580 2116 144 71 ratio
676 2116 241 71 vniversalis
869 2116 80 71 &
901 2116 273 71 particularis.
1125 2116 192 71 secundum
1270 2116 192 71 rationem
1414 2116 144 71 magis
1510 2116 192 71 communis
1655 2116 80 71 &
1671 2116 160 71 indeter-

85 2168 195 60 minati:
227 2168 89 60 &
262 2168 159 60 minus
369 2168 213 60 communis
528 2168 89 60 &
564 2168 159 60 magis
670 2168 284 60 determinati.
900 2168 142 60 Vnde
989 2168 159 60 sicut
1095 2168 213 60 potentia
1255 2168 266 60 simpliciter
1468 2168 195 60 dicitur
1609 2168 142 60 esse
1698 2168 106 60 in
1733 2168 89 60 deo

95 2229 96 67 ex
143 2229 209 67 relatione
304 2229 177 67 diuinae
432 2229 209 67 essentiae
593 2229 96 67 ad
641 2229 145 67 actum
738 2229 241 67 simpliciter
930 2229 129 67 quid
1011 2229 96 67 ei
1059 2229 209 67 conpetit:
1220 2229 112 67 sic
1284 2229 96 67 ad
1332 2229 257 67 determinatum
1541 2229 145 67 actum
1637 2229 177 67 dicenda
1750 2229 80 67 est

92 2280 212 66 potentia
252 2280 266 66 determinata
464 2280 142 66 esse
553 2280 106 66 in
606 2280 142 66 deo,
694 2280 159 66 quasi
800 2280 212 66 contenta
960 2280 124 66 sub
1030 2280 212 66 potentia
1190 2280 177 66 diuina
1314 2280 266 66 simpliciter
1526 2280 177 66 dicta.
1650 2280 159 66 Quare
1738 2280 89 66 cum

92 2332 244 65 intelligere
287 2332 97 65 in
335 2332 114 65 deo
400 2332 114 65 sit
465 2332 162 65 quidam
579 2332 260 65 determinatus
790 2332 146 65 actus
887 2332 130 65 quid
968 2332 97 65 ei
1017 2332 211 65 conpetit,
1180 2332 97 65 vt
1228 2332 146 65 infra
1326 2332 227 65 videbitur:
1504 2332 130 65 erit
1585 2332 130 65 ergo
1667 2332 162 65 aliqua
1764 2332 65 65 de

91 2388 227 58 terminata
265 2388 210 58 potentia
423 2388 105 58 in
475 2388 122 58 deo
545 2388 140 58 quae
633 2388 227 58 respondet
808 2388 122 58 ei:
878 2388 140 58 quae
965 2388 122 58 non
1035 2388 280 58 significatur
1263 2388 140 58 nisi
1350 2388 175 58 nomine
1473 2388 280 58 intellectus.
1683 2388 157 58 Propter

81 2436 136 71 quod
166 2436 255 71 simpliciter
370 2436 255 71 concedendum
574 2436 119 71 est
642 2436 136 71 quod
727 2436 255 71 intellectus
932 2436 102 71 in
983 2436 119 71 deo
1051 2436 119 71 sit
1119 2436 204 71 potentia
1272 2436 204 71 quaedam.

90 2498 99 68 â‹
130 2498 119 68 Ad
190 2498 199 68 primum
329 2498 119 68 in
388 2498 278 68 oppositum:
607 2498 159 68 quod
707 2498 239 68 potentia
885 2498 139 68 non
965 2498 179 68 manet
1084 2498 179 68 simul
1204 2498 139 68 cum
1283 2498 179 68 actu:
1402 2498 179 68 sicut
1522 2498 179 68 facit
1621 2498 199 68 intelle-

95 2550 128 74 ctus
175 2550 128 74 dei:
255 2550 192 74 Dicendum
399 2550 128 74 quod
479 2550 224 74 econtrario
655 2550 208 74 aliquorum
815 2550 160 74 opinio
927 2550 128 74 fuit
1008 2550 128 74 quod
1088 2550 192 74 potentia
1232 2550 112 74 non
1296 2550 144 74 esset
1392 2550 128 74 nisi
1472 2550 144 74 simul
1568 2550 112 74 cum
1632 2550 144 74 actu:
1728 2550 128 74 quam

94 2616 169 59 reprobat
220 2616 225 59 philosophus.
403 2616 98 59 ix.
459 2616 127 59 Meta.
544 2616 169 59 probando
670 2616 112 59 quod
741 2616 84 59 in
783 2616 127 59 eodem
867 2616 183 59 quandoque
1008 2616 169 59 potentia
1134 2616 183 59 praecedit
1275 2616 141 59 actum:
1373 2616 112 59 quia
1443 2616 141 59 aliter
1542 2616 98 59 non
1598 2616 225 59 aedificantem
1767 2616 56 59 in

92 2669 133 61 actu,
181 2669 222 61 impossibile
358 2669 133 61 esset
447 2669 222 61 aedificare:
624 2669 118 61 quia
698 2669 177 61 secundum
831 2669 133 61 illos
920 2669 103 61 non
979 2669 133 61 habet
1068 2669 192 61 potentiam
1216 2669 237 61 aedificandi.
1408 2669 89 61 Et
1452 2669 103 61 per
1512 2669 148 61 eandem
1615 2669 177 61 rationem
1733 2669 89 61 eius

93 2722 150 63 potest
198 2722 165 63 probari
317 2722 120 63 quod
392 2722 179 63 potentia
527 2722 209 63 necessario
691 2722 105 63 est
751 2722 135 63 simul
841 2722 105 63 cum
901 2722 135 63 actu.
990 2722 150 63 aliter
1095 2722 120 63 enim
1170 2722 254 63 aedificatorem
1379 2722 105 63 cum
1439 2722 120 63 actu
1514 2722 239 63 aedificaret,
1693 2722 135 63 impossi

95 2777 124 67 bile
173 2777 140 67 esset
266 2777 233 67 aedificare:
452 2777 124 67 quia
530 2777 109 67 non
592 2777 171 67 haberet
716 2777 202 67 potentiam
872 2777 248 67 aedificandi.
1073 2777 124 67 Vnde
1151 2777 124 67 vult
1229 2777 140 67 alibi
1322 2777 124 67 quod
1399 2777 93 67 ad
1446 2777 233 67 necessarium
1632 2777 186 67 sequitur
1756 2777 78 67 pos

113 2828 174 65 sibile.
239 2828 174 65 Oportet
366 2828 126 65 ergo
445 2828 221 65 distiguere
618 2828 95 65 de
665 2828 205 65 potentia:
823 2828 174 65 Dicendo
949 2828 126 65 quod
1028 2828 110 65 est
1091 2828 174 65 quaedam
1218 2828 189 65 potentia
1360 2828 126 65 quae
1439 2828 95 65 de
1486 2828 95 65 se
1533 2828 126 65 nata
1612 2828 110 65 est
1675 2828 126 65 esse
1738 2828 95 65 fine

105 2876 143 63 actu,
201 2876 80 63 &
232 2876 175 63 tempore
360 2876 223 63 praecedere
535 2876 159 63 actum:
646 2876 80 63 &
678 2876 111 63 est
742 2876 127 63 alia
821 2876 191 63 potentia
965 2876 127 63 quae
1044 2876 111 63 non
1108 2876 111 63 est
1172 2876 127 63 nata
1251 2876 127 63 esse
1331 2876 127 63 nisi
1410 2876 143 63 simul
1506 2876 111 63 cum
1569 2876 143 63 actu:
1665 2876 80 63 &
1697 2876 127 63 idem
1760 2876 80 63 cum

99 2932 149 71 ipso.
199 2932 132 71 Quod
281 2932 281 71 considerandum
513 2932 116 71 est
579 2932 116 71 hoc
646 2932 149 71 modo.
745 2932 182 71 Quoniam
877 2932 199 71 potentia
1026 2932 116 71 aut
1092 2932 149 71 dicit
1192 2932 248 71 aptitudinem
1390 2932 149 71 solam
1489 2932 99 71 in
1539 2932 199 71 subiecto
1688 2932 99 71 ad
1721 2932 116 71 actum

98 2989 113 58 aut
163 2989 243 58 aptitudinem
357 2989 113 58 cum
421 2989 226 58 priuatione
599 2989 162 58 actus:
712 2989 129 58 quae
793 2989 194 58 potentia
939 2989 291 58 contrarietatem
1181 2989 146 58 habet
1278 2989 97 58 ad
1327 2989 162 58 actum.
1440 2989 194 58 Potentia
1585 2989 146 58 primo
1682 2989 129 58 modo
1747 2989 81 58 est

109 3038 122 59 illa
185 3038 122 59 quae
261 3038 183 59 sequitur
398 3038 91 59 ad
444 3038 244 59 necessarium:
642 3038 76 59 &
672 3038 107 59 non
733 3038 107 59 est
794 3038 122 59 nisi
870 3038 107 59 cum
931 3038 137 59 actu,
1023 3038 122 59 immo
1099 3038 122 59 ipse
1175 3038 152 59 actus:
1282 3038 76 59 &
1312 3038 137 59 talis
1404 3038 183 59 potentia
1541 3038 198 59 solummodo
1693 3038 107 59 est
1739 3038 91 59 illa

107 3088 116 60 quae
179 3088 101 60 est
237 3088 87 60 in
280 3088 116 60 deo:
352 3088 72 60 &
381 3088 87 60 in
425 3088 159 60 omnibus
540 3088 188 60 aeternis.
685 3088 174 60 secundum
815 3088 231 60 philosophum.
1003 3088 130 60 prout
1090 3088 145 60 dicit.
1191 3088 116 60 iii.
1264 3088 188 60 Physicae.
1408 3088 202 60 Contingere
1567 3088 87 60 ab
1611 3088 116 60 esse
1683 3088 130 60 nihil
1755 3088 87 60 dif-

103 3148 134 67 fert
187 3148 100 67 in
237 3148 218 67 prpetuis.
405 3148 117 67 Vbi
471 3148 151 67 dicit
572 3148 151 67 Comm.
672 3148 151 67 Plene
773 3148 100 67 in
823 3148 151 67 rebus
923 3148 201 67 aeternis
1074 3148 134 67 quas
1158 3148 117 67 non
1225 3148 201 67 continet
1375 3148 184 67 tempus,
1509 3148 117 67 est
1576 3148 268 67 necessarium.
1777 3148 67 67 Po

101 3203 144 82 tentia
201 3203 158 82 secundo
316 3203 115 82 modo
388 3203 101 82 est
445 3203 115 82 illa
517 3203 115 82 quae
589 3203 72 82 a
618 3203 230 82 philosophous
805 3203 158 82 proprie
920 3203 201 82 appellatur
1078 3203 187 82 potentia:
1221 3203 72 82 &
1250 3203 101 82 est
1307 3203 129 82 actui
1394 3203 201 82 contraria:
1552 3203 115 82 quam
1624 3203 129 82 negat
1710 3203 115 82 esse
1782 3203 86 82 in
