2365 3780
137 314 283 98 intelligendi:
371 314 150 98 sicut
471 314 200 98 essentia
621 314 150 98 actum
721 314 200 98 essendi:
871 314 183 98 sequens
1004 314 117 98 eum
1070 314 200 98 secundum
1220 314 200 98 rationem
1370 314 283 98 intelligendi:
1604 314 117 98 non
1670 314 167 98 aliquo
1787 314 133 98 modo

133 401 251 79 principium
330 401 161 79 eius.
437 401 107 79 Et
491 401 143 79 ideo
581 401 268 79 intellectus
795 401 107 79 in
849 401 125 79 deo
921 401 125 79 est
992 401 215 79 potentia
1153 401 215 79 respectu
1314 401 286 79 intelligere:
1547 401 125 79 non
1619 401 161 79 autem
1708 401 179 79 essentia

140 453 208 73 respectu
279 453 122 73 esse.

454 507 130 69 Irca
535 507 179 69 Tertium
665 507 211 69 arguitur:
828 507 130 69 quod
909 507 244 69 intellectus
1104 507 98 69 in
1153 507 114 69 deo
1218 507 114 69 non
1283 507 114 69 sit
1348 507 195 69 potentia
1495 507 195 69 passiua.
1641 507 146 69 Primo
1739 507 130 69 sic.
1804 507 65 69 Po

439 570 189 65 ltentia
576 570 189 65 passiua
714 570 120 65 non
782 570 155 65 vadit
885 570 103 65 ad
937 570 155 65 actum
1040 570 137 65 nisi
1126 570 120 65 per
1194 570 206 65 alicuius
1349 570 309 65 informationem:
1606 570 120 65 qua
1675 570 120 65 sit
1744 570 120 65 res
1795 570 69 65 in

451 625 134 53 actu
535 625 168 53 aliquo
653 625 101 53 vt
703 625 168 53 habitu
820 625 201 53 respectu
971 625 151 53 cuius
1072 625 117 53 per
1139 625 101 53 se
1190 625 117 53 est
1257 625 201 53 potentia
1408 625 201 53 passiua,
1559 625 101 53 vt
1609 625 168 53 dictum
1727 625 117 53 est
1777 625 84 53 su-

464 678 115 71 pra,
535 678 115 71 quid
607 678 101 71 non
665 678 172 71 conpetit
794 678 187 71 potentiae
938 678 258 71 intellectiuae:
1153 678 115 71 quia
1225 678 101 71 non
1282 678 201 71 perficitur
1440 678 115 71 nisi
1512 678 101 71 per
1569 678 129 71 actum
1656 678 101 71 qui
1713 678 101 71 est
1756 678 115 71 intel-

453 730 171 76 ligere:
578 730 124 76 quid
656 730 109 76 est
718 730 140 76 actus
811 730 202 76 egrediens
966 730 78 76 a
998 730 187 76 potentia
1137 730 202 76 cuiusmodi
1293 730 109 76 non
1355 730 187 76 est:nisi
1495 730 155 76 actiua
1604 730 93 76 in
1650 730 124 76 deo.
1728 730 124 76 ergo
1790 730 78 76 &c.

440 787 81 71 ⁋
472 787 178 71 Secundo
602 787 129 71 sic.
683 787 243 71 intellectus
877 787 97 71 in
925 787 113 71 deo
990 787 113 71 non
1055 787 113 71 est
1119 787 129 71 nisi
1200 787 97 71 ad
1249 787 259 71 intelligere.
1459 787 243 71 Intelligere
1653 787 146 71 autem
1751 787 97 71 in
1783 787 97 71 ipso

440 841 112 59 est
504 841 145 59 esse,
601 841 96 59 vt
649 841 145 59 infra
745 841 225 59 videbitur.
922 841 96 59 Ad
970 841 129 59 esse
1051 841 145 59 autem
1147 841 96 59 in
1195 841 112 59 deo
1259 841 112 59 non
1324 841 112 59 est
1388 841 161 59 aliqua
1500 841 193 59 potentia
1645 841 193 59 passiua:
1774 841 96 59 quia

111 893 143 66 actus
207 893 239 66 simpliciter
398 893 143 66 prius
493 893 111 66 est
557 893 191 66 potentia
700 893 191 66 secundum
843 893 255 66 philosophum.
1050 893 111 66 ix.
1114 893 175 66 Metaph.
1241 893 96 66 et
1289 893 239 66 simpliciter
1480 893 143 66 prius
1576 893 96 66 in
1623 893 127 66 deo,
1703 893 111 66 est
1751 893 127 66 prius.

115 936 135 66 ergo
199 936 118 66 &c.
267 936 84 66 ⁋
300 936 168 66 Tertio
418 936 135 66 sic.
503 936 236 66 principium
688 936 236 66 elicitiuum
873 936 152 66 actus
974 936 118 66 est
1042 936 202 66 potentia
1193 936 185 66 actiua,
1328 936 118 66 non
1395 936 202 66 passiua.
1547 936 253 66 Intellectus
1749 936 101 66 in
1783 936 84 66 deo

107 994 108 77 est
168 994 217 77 huiusmodi,
339 994 93 77 vt
385 994 155 77 dictum
493 994 108 77 est
555 994 108 77 iam
617 994 155 77 supra.
726 994 124 77 ergo
803 994 108 77 &c.
865 994 77 77 ⁋
896 994 170 77 Contra.
1020 994 186 77 potentia
1159 994 124 77 quae
1236 994 139 77 vadit
1329 994 93 77 in
1376 994 139 77 actum
1469 994 139 77 quasi
1561 994 108 77 per
1623 994 201 77 obiectum,
1763 994 108 77 passi

110 1045 172 84 uaest:
230 1045 258 84 intellectus
437 1045 120 84 est
505 1045 206 84 potentia
660 1045 138 84 quae
746 1045 155 84 vadit
849 1045 103 84 in
901 1045 155 84 actum
1004 1045 120 84 per
1073 1045 258 84 intelligere
1279 1045 155 84 quasi
1382 1045 120 84 per
1451 1045 224 84 obiectum.
1623 1045 138 84 ergo
1692 1045 86 84 &c.

105 1100 96 93 ⁋
143 1100 230 93 Dicendum
316 1100 134 93 est
393 1100 153 93 quod
489 1100 230 93 potentia
661 1100 307 93 intellectiua
911 1100 153 93 siue
1007 1100 307 93 intellectus,
1256 1100 249 93 inquantum
1448 1100 230 93 potentia
1621 1100 153 93 est,
1717 1100 115 93 in
1755 1100 115 93 crea

121 1190 133 70 turis
210 1190 177 70 secundum
343 1190 118 70 rem:
417 1190 74 70 &
446 1190 89 70 in
491 1190 103 70 deo
550 1190 177 70 secundum
683 1190 177 70 rationem
816 1190 251 70 intelligendi,
1023 1190 103 70 est
1082 1190 89 70 in
1126 1190 192 70 potentia:
1274 1190 89 70 vt
1318 1190 163 70 materia
1436 1190 177 70 secundum
1569 1190 133 70 Comm.
1658 1190 89 70 de
1688 1190 177 70 intellectu

118 1236 158 66 nostro.
233 1236 144 66 super.
333 1236 115 66 iii.
405 1236 86 66 de
448 1236 144 66 anima.
549 1236 86 66 Et
592 1236 101 66 non
650 1236 101 66 est
707 1236 201 66 principium
865 1236 201 66 sufficiens
1024 1236 216 66 operationis
1196 1236 273 66 intellectualis:
1426 1236 115 66 quia
1498 1236 129 66 nihil
1584 1236 115 66 agit
1656 1236 115 66 nisi
1728 1236 173 66 secundum

116 1296 122 60 quod
192 1296 107 60 est
253 1296 137 60 actu.
344 1296 198 60 Reducitur
497 1296 137 60 autem
588 1296 183 60 potentia
725 1296 229 60 intellectus
908 1296 91 60 ad
954 1296 137 60 actum
1045 1296 107 60 per
1106 1296 183 60 obiectum
1243 1296 274 60 intelligibile:
1472 1296 122 60 quod
1548 1296 198 60 inquantum
1700 1296 137 60 habet
1777 1296 91 60 esse

116 1348 100 73 in
166 1348 100 73 vi
217 1348 251 73 memoratiua,
417 1348 134 73 agit
500 1348 100 73 in
551 1348 284 73 intellectiuam
784 1348 217 73 potentiam
951 1348 217 73 eliciendo
1118 1348 100 73 ex
1169 1348 100 73 ea
1219 1348 150 73 actum
1319 1348 284 73 intelligendi,
1553 1348 117 73 quo
1619 1348 200 73 concipit
1770 1348 100 73 in
1803 1348 67 73 se

125 1396 144 84 ipsum
221 1396 289 84 intelligibile:
462 1396 96 84 vt
510 1396 144 84 actum
606 1396 80 84 &
638 1396 256 84 perfectionem
846 1396 144 84 suam:
942 1396 96 84 ex
990 1396 112 84 quo
1055 1396 80 84 &
1087 1396 128 84 ipso
1167 1396 224 84 intellectu
1343 1396 112 84 fit
1407 1396 128 84 vnum
1487 1396 240 84 conpositum:
1680 1396 144 84 sicut
1776 1396 96 84 ex
1808 1396 64 84 co

110 1458 219 61 gnoscente
279 1458 84 61 &
313 1458 203 61 cognito.
465 1458 203 61 secundum
617 1458 152 61 Comm.
718 1458 169 61 super.
836 1458 135 61 iii.
921 1458 101 61 de
971 1458 169 61 anima,
1089 1458 118 61 non
1157 1458 152 61 sicut
1258 1458 101 61 ex
1309 1458 186 61 materia
1444 1458 84 61 &
1478 1458 169 61 forma:
1596 1458 101 61 vt
1647 1458 203 61 iandudum
1782 1458 84 61 ex-

116 1512 214 61 posuimus
277 1512 107 61 in
331 1512 179 61 quadam
456 1512 250 61 quaestione
652 1512 107 61 de
706 1512 232 61 quolibet.
884 1512 107 61 Et
938 1512 143 61 ideo
1027 1512 232 61 inquantum
1206 1512 268 61 intellectus
1420 1512 143 61 stat
1510 1512 107 61 in
1563 1512 143 61 ista
1653 1512 197 61 actione
1778 1512 89 61 sim

117 1567 171 58 plicis
237 1567 325 58 intelligentiae,
510 1567 256 58 intellectus
715 1567 205 58 potentia
869 1567 188 58 passiua
1006 1567 120 58 est
1074 1567 154 58 sicut
1177 1567 188 58 sensus,
1314 1567 85 58 &
1348 1567 256 58 intelligere
1553 1567 137 58 pati
1639 1567 188 58 quoddam
1758 1567 120 58 sicut

117 1630 178 61 sentire
247 1630 195 61 secundum
392 1630 114 61 rem
457 1630 97 61 in
506 1630 211 61 creatura.
668 1630 195 61 secundum
814 1630 195 61 rationem
960 1630 97 61 in
1009 1630 130 61 deo.
1090 1630 114 61 Sed
1155 1630 114 61 hic
1219 1630 114 61 non
1284 1630 130 61 stat
1365 1630 178 61 opeatio
1495 1630 243 61 intellectus
1690 1630 146 61 sicut
1771 1630 97 61 sen-

112 1665 136 63 sus:
197 1665 187 63 quoniam
333 1665 255 63 intellectus
537 1665 204 63 postquam
690 1665 238 63 informatus
877 1665 119 63 est
945 1665 289 63 intelligentia
1183 1665 204 63 simplici
1336 1665 85 63 &
1370 1665 204 63 obiecto,
1523 1665 102 63 vt
1574 1665 170 63 dictum
1693 1665 136 63 est:
1778 1665 85 63 &
1795 1665 85 63 per

111 1721 114 59 hoc
176 1721 163 59 factus
290 1721 114 59 est
355 1721 98 59 in
403 1721 146 59 actu,
501 1721 163 59 statim
615 1721 211 59 conuertit
777 1721 98 59 se
826 1721 146 59 super
923 1721 130 59 suum
1005 1721 195 59 obiectum
1151 1721 244 59 discurrendo
1346 1721 114 59 per
1411 1721 98 59 ea
1460 1721 130 59 quae
1541 1721 211 59 pertinent
1703 1721 98 59 ad
1736 1721 146 59 naturam

111 1777 126 72 eius
190 1777 79 72 &
222 1777 205 72 essentiam
380 1777 205 72 quocumque
538 1777 126 72 modo
617 1777 111 72 hoc
680 1777 174 72 fuerit:
806 1777 221 72 comparando
980 1777 95 72 ea
1027 1777 142 72 inter
1122 1777 111 72 se:
1185 1777 79 72 &
1217 1777 95 72 ad
1264 1777 95 72 id
1311 1777 142 72 cuius
1406 1777 142 72 sunt:
1501 1777 79 72 &
1533 1777 190 72 vtrumque
1675 1777 95 72 ad
1722 1777 126 72 illa
1785 1777 95 72 quae

110 1823 138 70 sunt
196 1823 207 70 extranea
351 1823 104 70 ab
403 1823 173 70 ipsis,
524 1823 138 70 quod
610 1823 121 70 sit
679 1823 104 70 in
731 1823 155 70 nobis
835 1823 242 70 intellectu
1024 1823 259 70 discursiuo,
1231 1823 86 70 &
1266 1823 259 70 collectiuo,
1473 1823 259 70 compositiuo
1680 1823 86 70 &
1697 1823 173 70 diuisiuo

107 1879 262 72 inuestigando
320 1879 98 72 de
369 1879 180 72 obiecto
500 1879 131 72 quid
582 1879 131 72 sit:
663 1879 115 72 vel
729 1879 131 72 quid
811 1879 115 72 non
876 1879 131 72 sit:
958 1879 229 72 terminando
1138 1879 180 72 aliquam
1269 1879 246 72 quaestionum
1466 1879 278 72 doctrinalium.
1679 1879 180 72 Inquantum

114 1936 127 69 ergo
194 1936 238 69 intellectus
384 1936 127 69 post
463 1936 159 69 dictam
575 1936 222 69 opeationem
749 1936 254 69 intelligendi
956 1936 206 69 simplicis
1115 1936 302 69 intelligentiae.
1369 1936 191 69 secundum
1512 1936 127 69 quam
1591 1936 111 69 (vt
1655 1936 159 69 dictum
1766 1936 127 69 est)

104 1992 139 59 oino
190 1992 121 59 est
260 1992 225 59 passiuus:
433 1992 87 59 &
468 1992 208 59 extendit
623 1992 104 59 se
675 1992 208 59 vlterius
831 1992 243 59 negotiando
1022 1992 156 59 circa
1126 1992 208 59 obiectum
1282 1992 277 59 comprehensum
1507 1992 208 59 simplici
1646 1992 225 59 intelligen-

117 2042 112 68 tia
181 2042 96 68 ad
229 2042 240 68 terminandum
422 2042 208 68 opeatione
582 2042 256 68 intelligendi
790 2042 240 68 quaestiones
982 2042 256 68 doctrinales,
1191 2042 112 68 non
1255 2042 112 68 est
1319 2042 208 68 passiuus:
1479 2042 112 68 sed
1543 2042 240 68 simpliciter
1720 2042 144 68 actiuus

105 2094 83 77 &
139 2094 117 77 est
205 2094 250 77 intellectus
406 2094 200 77 potentia
556 2094 167 77 actiua
673 2094 117 77 non
740 2094 200 77 passiua.
890 2094 117 77 Nec
957 2094 117 77 est
1024 2094 250 77 differentia
1224 2094 100 77 in
1274 2094 117 77 hoc
1341 2094 100 77 de
1391 2094 234 77 intellectu
1574 2094 167 77 creato
1691 2094 83 77 &
1708 2094 167 77 increato

106 2144 131 65 nisi
187 2144 147 65 prima
285 2144 261 65 differentia:
498 2144 131 65 quod
579 2144 131 65 alio
661 2144 131 65 modo
743 2144 196 65 ponuntur
890 2144 196 65 potentia
1037 2144 180 65 passiua
1168 2144 82 65 &
1200 2144 163 65 actiua
1315 2144 114 65 deo
1380 2144 131 65 quam
1462 2144 98 65 in
1511 2144 212 65 creatura,
1674 2144 98 65 vt
1723 2144 147 65 patet
1805 2144 65 65 ex

107 2200 147 62 supra
205 2200 277 62 determinatis:
433 2200 82 62 &
466 2200 131 62 quod
547 2200 245 62 intellectus
743 2200 179 62 creatus
874 2200 131 62 alio
955 2200 131 62 actu
1037 2200 261 62 intelligendi
1249 2200 196 62 secundum
1396 2200 114 62 rem
1461 2200 228 62 intelligit
1641 2200 196 62 simplici
1787 2200 114 62 in-

107 2256 265 85 telligentia:
323 2256 83 85 &
356 2256 281 85 intelligentia
587 2256 232 85 collatiua.
770 2256 248 85 Intellectus
968 2256 132 85 vero
1051 2256 215 85 increatus
1216 2256 149 85 eodem
1316 2256 232 85 intellectu
1498 2256 215 85 simplicis
1647 2256 215 85 intelligen-

111 2308 134 60 tiae
195 2308 202 60 secundum
346 2308 118 60 rem
414 2308 235 60 intelligit
598 2308 84 60 &
632 2308 218 60 simplicia
800 2308 84 60 &
834 2308 235 60 composita,
1019 2308 101 60 vt
1069 2308 151 60 infra
1153 2308 168 60 dicetur.

108 2345 96 106 ⁋
146 2345 115 106 Ad
204 2345 192 106 primum
338 2345 115 106 in
396 2345 269 106 oppositum:
607 2345 154 106 quod
703 2345 231 106 potentia
876 2345 307 106 intellectiua
1126 2345 134 106 non
1203 2345 173 106 vadit
1318 2345 115 106 in
1376 2345 173 106 actum
1491 2345 134 106 per
1549 2345 307 106 informationem:

115 2430 181 60 Dicendum
251 2430 121 60 quod
326 2430 136 60 verum
417 2430 106 60 est
477 2430 106 60 per
537 2430 256 60 informationem
749 2430 181 60 secundum
884 2430 121 60 rem,
960 2430 91 60 ab
1005 2430 151 60 aliquo
1111 2430 166 60 diuerso
1231 2430 106 60 re.
1292 2430 181 60 Secundum
1428 2430 136 60 tamen
1518 2430 181 60 rationem
1639 2430 211 60 intelligendi

111 2489 112 67 non
175 2489 112 67 est
239 2489 256 67 inconveniens
447 2489 240 67 intelligere
639 2489 128 67 idem
719 2489 96 67 in
767 2489 112 67 deo
831 2489 192 67 secundum
975 2489 192 67 diuersas
1120 2489 192 67 rationes
1264 2489 96 67 vt
1312 2489 208 67 informans
1472 2489 80 67 &
1504 2489 240 67 informatum:
1696 2489 80 67 &
1728 2489 112 67 sic
1776 2489 80 67 eli

108 2537 128 70 cere
188 2537 144 70 actum
284 2537 273 70 intelligendi.
509 2537 112 70 Hoc
573 2537 128 70 enim
654 2537 144 70 nullo
750 2537 128 70 modo
830 2537 144 70 facit
926 2537 225 70 distantiam
1103 2537 209 70 potentiae
1263 2537 96 70 ab
1311 2537 144 70 actu:
1408 2537 128 70 immo
1488 2537 160 70 causat
1600 2537 257 70 identitatem.
1793 2537 64 70 Ex

113 2592 100 72 hoc
170 2592 115 72 enim
242 2592 115 72 quod
314 2592 129 72 ratio
400 2592 230 72 intelligendi
586 2592 215 72 intellectus
758 2592 72 72 &
787 2592 244 72 intelligibile
988 2592 86 72 in
1031 2592 100 72 deo
1088 2592 115 72 sunt
1160 2592 143 72 omnino
1260 2592 115 72 idem
1332 2592 100 72 re:
1390 2592 172 72 sequitur
1519 2592 143 72 potius
1619 2592 115 72 quod
1676 2592 187 72 intelligere

108 2647 105 60 sit
168 2647 121 60 idem
244 2647 90 60 re
289 2647 105 60 cum
349 2647 256 60 intelligente,
560 2647 90 60 vt
605 2647 136 60 infra
696 2647 211 60 videbitur.
861 2647 75 60 ⁋
892 2647 90 60 Ad
937 2647 196 60 secundum,
1087 2647 121 60 quod
1163 2647 226 60 intelligere
1344 2647 90 60 in
1389 2647 105 60 deo
1449 2647 105 60 est
1509 2647 136 60 esse:
1600 2647 121 60 ipsi
1675 2647 136 60 autem
1751 2647 90 60 esse

118 2699 106 66 non
178 2699 196 66 respondet
329 2699 181 66 potentia
465 2699 181 66 passiua:
601 2699 181 66 Dicendum
737 2699 121 66 quod
812 2699 226 66 intelligere
993 2699 91 66 in
1038 2699 106 66 deo
1099 2699 106 66 est
1159 2699 136 66 ipsum
1249 2699 136 66 esse:
1340 2699 106 66 non
1400 2699 136 66 sicut
1491 2699 136 66 ratio
1581 2699 166 66 quaedam
1702 2699 181 66 essendi:

110 2755 145 70 sicut
207 2755 113 70 est
271 2755 177 70 viuere:
400 2755 145 70 iuxta
497 2755 113 70 hoc
561 2755 129 70 quod
642 2755 145 70 supra
739 2755 258 70 determinatum
948 2755 129 70 est:
1029 2755 113 70 sed
1093 2755 145 70 sicut
1190 2755 161 70 quidam
1303 2755 145 70 actus
1400 2755 145 70 vitae
1496 2755 210 70 procedens
1658 2755 97 70 ab
1690 2755 161 70 essentia

116 2809 196 59 viuente.
263 2809 131 59 Vnde
344 2809 147 59 maior
443 2809 114 59 est
508 2809 147 59 ratio
606 2809 261 59 differentiae
818 2809 98 59 in
867 2809 114 59 deo
933 2809 163 59 ipsius
1047 2809 245 59 intelligere
1243 2809 98 59 ab
1292 2809 131 59 esse
1374 2809 131 59 quam
1456 2809 163 59 ipsius
1570 2809 180 59 viuere:
1685 2809 163 59 quemadmo

121 2859 110 63 dum
184 2859 110 63 est
247 2859 94 63 in
294 2859 220 63 creaturis.
467 2859 94 63 In
514 2859 204 63 creaturis
671 2859 126 63 enim
749 2859 157 63 viuere
859 2859 78 63 &
890 2859 126 63 esse
969 2859 110 63 non
1032 2859 173 63 possunt
1157 2859 173 63 amplius
1283 2859 188 63 differre
1424 2859 126 63 quam
1503 2859 188 63 secundum
1628 2859 220 63 intentionem:

116 2911 160 65 sicut
223 2911 320 65 indeterminatum
489 2911 89 65 &
525 2911 302 65 determinatum:
773 2911 142 65 quod
862 2911 160 65 addit
968 2911 266 65 intentionem
1181 2911 320 65 determinantem,
1448 2911 124 65 non
1519 2911 142 65 dico
1607 2911 107 65 ex
1661 2911 124 65 se:
1732 2911 124 65 sed
1785 2911 71 65 ex

121 2965 163 58 natura
235 2965 98 58 in
283 2965 114 58 qua
348 2965 228 58 recipitur.
527 2965 163 58 Aliter
641 2965 130 58 enim
722 2965 114 58 ens
787 2965 146 58 esset
885 2965 163 58 genus.
999 2965 130 58 Esse
1080 2965 146 58 enim,
1177 2965 293 58 indeterminatum
1421 2965 130 58 quod
1503 2965 130 58 est.
1584 2965 163 58 Viuere
1698 2965 146 58 autem
1779 2965 65 58 mo

115 3021 113 67 dum
179 3021 257 67 determinatum
388 3021 177 67 essendi
517 3021 161 67 dicit.
630 3021 257 67 Determinatum
839 3021 129 67 dico
920 3021 177 67 propter
1048 3021 145 67 illud
1145 3021 97 67 in
1193 3021 113 67 quo
1258 3021 129 67 esse
1338 3021 225 67 recipitur.
1515 3021 129 67 Esse
1596 3021 145 67 autem
1692 3021 80 67 &
1708 3021 145 67 intelli

123 3077 121 63 gere
199 3077 76 63 &
229 3077 197 63 quaelibet
380 3077 121 63 alia
456 3077 227 63 substantiae
637 3077 166 63 opeatio
758 3077 182 63 viuentis
895 3077 136 63 inter
985 3077 91 63 se
1031 3077 197 63 differunt
1182 3077 106 63 re.
1243 3077 121 63 Vnde
1318 3077 106 63 (vt
1379 3077 151 63 dictum
1485 3077 121 63 est)
1560 3077 91 63 in
1606 3077 106 63 deo
1666 3077 91 63 ad
1697 3077 151 63 rationem

114 3135 120 61 esse
189 3135 195 61 solummodo
339 3135 195 61 pertinent
489 3135 165 61 tamquam
609 3135 150 61 primae
714 3135 225 61 intentiones
894 3135 90 61 in
939 3135 120 61 ipso
1014 3135 135 61 esse:
1104 3135 195 61 essentia,
1254 3135 165 61 viuere,
1374 3135 75 61 &
1404 3135 135 61 vita:
1494 3135 75 61 &
1524 3135 195 61 sequuntur
1674 3135 135 61 circa
1749 3135 105 61 ipsam

117 3180 212 65 essentiam,
283 3180 91 65 vt
329 3180 121 65 vita
404 3180 121 65 est.
480 3180 136 65 Aliae
571 3180 181 65 rationes
707 3180 136 65 omnes
797 3180 257 65 attributorum:
1009 3180 76 65 &
1039 3180 136 65 eorum
1130 3180 121 65 quae
1206 3180 91 65 in
1251 3180 106 65 deo
1312 3180 272 65 considerantur,
1539 3180 106 65 vel
1599 3180 166 65 tanquam
1720 3180 136 65 actus
1796 3180 45 65 &

113 3236 217 87 opeationes
284 3236 202 87 essentiae
439 3236 202 87 viuentis:
594 3236 109 87 vel
656 3236 171 87 tamquam
781 3236 202 87 principia
936 3236 140 87 eorum
1029 3236 109 87 aut
1091 3236 155 87 fines:
1199 3236 124 87 siue
1277 3236 233 87 emanationes
1463 3236 233 87 procedentes
1649 3236 93 87 ab
1696 3236 155 87 ipsis.
1789 3236 62 87 Et
