2292 3758
487 272 153 100 turae
589 272 85 100 a
623 272 221 100 quocumque
793 272 238 100 intellectu
962 272 153 100 creato.

499 377 105 91 ⁋
541 377 126 91 Et
604 377 147 91 per
688 377 147 91 hoc
772 377 189 91 patet
898 377 273 91 responsio
1108 377 126 91 ad
1171 377 231 91 primum.
1339 377 168 91 Bene
1445 377 168 91 enim
1550 377 168 91 deus
1655 377 294 91 intelligit
1886 377 273 91 veritates
2075 377 147 91 enun-

494 457 238 73 ciabilium:
681 457 136 73 quae
766 457 153 73 licet
868 457 119 73 non
936 457 221 73 consistat
1106 457 136 73 nisi
1191 457 153 73 circa
1293 457 289 73 compositionem
1532 457 85 73 &
1566 457 238 73 diuisionem
1753 457 102 73 in
1804 457 238 73 intellectu
1991 457 187 73 creato:
2110 457 119 73 respe

489 514 121 65 ctu
558 514 156 65 cuius
662 514 208 65 loquitur
818 514 278 65 Philosophus:
1044 514 139 65 bene
1131 514 156 65 tamen
1235 514 191 65 capitur
1374 514 139 65 sine
1460 514 139 65 omni
1547 514 278 65 compositione
1773 514 87 65 &
1808 514 226 65 diuisione
1981 514 104 65 ab
2016 514 208 65 intellectu

490 564 208 77 increato.
650 564 112 77 sed
714 564 96 77 de
763 564 112 77 hoc
827 564 176 77 amplius
955 564 176 77 dicetur
1083 564 208 77 inferius.
1244 564 80 77 ⁋
1276 564 96 77 Ad
1324 564 192 77 secundum
1468 564 128 77 quod
1548 564 225 77 perfectior
1725 564 144 77 ratio
1821 564 208 77 veritatis
1981 564 112 77 est
2046 564 128 77 illa
2126 564 128 77 quae

482 630 227 63 consistit
656 630 105 63 in
709 630 280 63 compositione
936 630 87 63 &
971 630 227 63 diuisione
1146 630 280 63 intellectus:
1373 630 210 63 Dicendum
1531 630 140 63 quod
1618 630 122 63 hoc
1688 630 157 63 solum
1793 630 157 63 habet
1898 630 227 63 veritatem
2055 630 175 63 respectu

480 678 245 61 intellectus
676 678 180 61 creati.
807 678 98 61 In
856 678 131 61 ipso
937 678 131 61 enim
1019 678 229 61 necessario
1199 678 196 61 perfecta
1346 678 147 61 ratio
1444 678 213 61 veritatis
1608 678 229 61 consistit,
1788 678 131 61 quia
1869 678 98 61 in
1918 678 131 61 ipso
2000 678 114 61 non
2066 678 114 61 est
2115 678 114 61 veri-

494 729 117 78 tas
561 729 134 78 nisi
645 729 184 78 accepta
779 729 84 78 a
812 729 151 78 rebus
912 729 184 78 creatis
1046 729 84 78 &
1080 729 84 78 a
1113 729 234 78 creaturis,
1297 729 100 78 in
1347 729 167 78 quibus
1465 729 184 78 veritas
1598 729 117 78 non
1665 729 117 78 est
1732 729 184 78 tanquam
1866 729 100 78 in
1916 729 151 78 rebus
2017 729 134 78 nisi
2100 729 100 78 ex
2134 729 100 78 con-

470 785 241 68 formitate
656 785 185 68 quadam
785 785 148 68 quam
878 785 185 68 habent
1007 785 111 68 in
1063 785 130 68 suo
1137 785 148 68 esse
1229 785 111 68 ad
1285 785 148 68 suum
1378 785 222 68 exemplar
1544 785 185 68 primum
1674 785 241 68 verissime
1859 785 111 68 in
1914 785 185 68 diuina
2025 785 204 68 essentia,

482 838 90 67 a
518 838 127 67 quo
590 838 127 67 per
663 838 199 67 quandam
807 838 271 67 imitationem
1024 838 90 67 &
1060 838 325 67 assimilationem
1331 838 235 67 procedunt
1512 838 108 67 in
1566 838 163 67 esse:
1675 838 108 67 vt
1729 838 181 67 dictum
1855 838 127 67 est
1928 838 181 67 supra:
2054 838 90 67 &
2072 838 163 67 amplius

475 896 197 63 dicendum
622 896 115 63 est
688 896 197 63 loquendo
836 896 98 63 de
885 896 230 63 creaturis.
1066 896 115 63 ita
1131 896 131 63 quod
1213 896 148 63 ratio
1312 896 131 63 veri
1394 896 115 63 non
1459 896 213 63 consistit
1624 896 98 63 in
1673 896 131 63 eis,
1755 896 131 63 nisi
1837 896 98 63 in
1886 896 164 63 quadam
2001 896 263 63 adaequatione

481 943 114 69 rei
546 943 97 69 ad
594 943 130 69 rem,
676 943 130 69 quae
757 943 114 69 non
822 943 211 69 consistit
984 943 97 69 in
1033 943 146 69 ipsis
1131 943 146 69 rebus
1228 943 130 69 nisi
1309 943 146 69 quasi
1407 943 276 69 materialiter:
1634 943 114 69 sed
1699 943 97 69 in
1748 943 130 69 illo
1829 943 211 69 solummodo
1992 943 130 69 quid
2057 943 162 69 vtrumque

485 996 219 61 concipit,
654 996 84 61 &
687 996 101 61 ex
738 996 236 61 collatione
924 996 152 61 earum
1025 996 101 61 in
1075 996 101 61 se
1126 996 287 61 conformitatem
1362 996 152 61 vnius
1463 996 101 61 ad
1514 996 185 61 alteram
1649 996 185 61 format,
1784 996 253 61 quemadmodum
1986 996 185 61 nunquam
2104 996 118 61 sciet

478 1053 143 61 homo
568 1053 107 61 de
621 1053 197 61 pictura
765 1053 215 61 Herculis
926 1053 143 61 quod
1015 1053 125 61 sit
1087 1053 143 61 vera
1176 1053 143 61 eius
1266 1053 179 61 imago,
1391 1053 143 61 nisi
1481 1053 197 61 videndo
1624 1053 107 61 ex
1678 1053 197 61 aduerso
1821 1053 215 61 Herculem
1982 1053 90 61 &
2018 1053 161 61 ipsam
2126 1053 143 61 ima-

478 1099 184 73 ginem:
606 1099 165 73 ipsos
717 1099 110 73 in
772 1099 147 73 esse
864 1099 276 73 conferendo:
1084 1099 92 73 &
1121 1099 129 73 sic
1195 1099 313 73 conformitatem
1452 1099 92 73 &
1489 1099 368 73 correspondentiam
1801 1099 221 73 imaginis
1967 1099 110 73 ad
2003 1099 221 73 imaginatum

485 1159 289 69 concipiendo.
719 1159 162 69 Talem
828 1159 162 69 autem
936 1159 361 69 correspondentiam
1242 1159 234 69 concipere
1423 1159 126 69 non
1495 1159 180 69 potest
1621 1159 270 69 intellectus
1837 1159 198 69 creatus
1982 1159 144 69 sine
2054 1159 180 69 incomple

482 1214 149 53 xorum
582 1214 231 53 collatione
763 1214 83 53 &
796 1214 281 53 compositione.
1028 1214 182 53 Propter
1160 1214 132 53 quod
1243 1214 182 53 veritas
1375 1214 149 53 rerum
1474 1214 99 53 ab
1523 1214 132 53 ipso
1606 1214 231 53 intellectu
1788 1214 165 53 creato
1904 1214 99 53 in
1953 1214 132 53 sola
2019 1214 215 53 compositio-

487 1267 100 70 ne
537 1267 234 70 consistit,
721 1267 150 70 sicut
822 1267 184 70 amplius
955 1267 150 70 debet
1056 1267 217 70 declarari
1223 1267 201 70 loquendo
1373 1267 100 70 de
1424 1267 201 70 veritate
1574 1267 100 70 in
1624 1267 234 70 creaturis.
1808 1267 117 70 Hoc
1875 1267 150 70 autem
1975 1267 117 70 non
2025 1267 201 70 requiritur

483 1321 104 57 in
535 1321 242 57 cognitione
725 1321 225 57 veritatis
898 1321 156 57 rerum
1001 1321 104 57 ab
1053 1321 138 57 ipso
1140 1321 242 57 intellectu
1330 1321 225 57 increato:
1503 1321 138 57 quia
1589 1321 138 57 eius
1676 1321 207 57 essentia
1831 1321 138 57 quae
1918 1321 121 57 est
1987 1321 138 57 suum
2056 1321 173 57 proprium

495 1371 305 71 intelligibile,
749 1371 119 71 est
817 1371 152 71 ratio
919 1371 220 71 veritatis
1088 1371 169 71 omnium
1207 1371 220 71 veritatum
1376 1371 203 71 aliarum,
1528 1371 102 71 in
1579 1371 119 71 qua
1647 1371 288 71 perfectissime
1884 1371 237 71 resplendet
2071 1371 203 71 quicquid

486 1427 218 67 veritatis
654 1427 118 67 est
721 1427 101 67 in
772 1427 168 67 aliis,
890 1427 84 67 &
923 1427 101 67 ab
974 1427 134 67 ipsa
1058 1427 101 67 in
1108 1427 185 67 omnibus
1242 1427 151 67 aliis
1343 1427 269 67 describitur.
1562 1427 101 67 Et
1612 1427 134 67 ideo
1696 1427 151 67 sicut
1797 1427 202 67 simplici
1948 1427 286 67 intelligentia
2167 1427 67 67 vi

488 1480 98 72 sa
537 1480 163 72 diuina
651 1480 196 72 essentia
798 1480 196 72 perfecte
945 1480 180 72 videtur
1076 1480 196 72 essentia
1223 1480 229 72 cuiuslibet
1403 1480 229 72 creaturae,
1583 1480 114 72 sic
1648 1480 131 72 visa
1730 1480 131 72 ipsa
1812 1480 98 72 vt
1861 1480 114 72 est
1926 1480 147 72 ratio
2024 1480 245 72 cuiuscumque

488 1535 236 63 creaturae,
674 1535 203 63 perfecte
826 1535 186 63 videtur
961 1535 203 63 quicquid
1113 1535 220 63 veritatis
1282 1535 118 63 est
1350 1535 101 63 in
1400 1535 220 63 quacumque
1569 1535 220 63 creatura.
1738 1535 101 63 Et
1789 1535 135 63 ideo
1873 1535 118 63 (vt
1941 1535 169 63 dictum
2059 1535 135 63 est)
2127 1535 101 63 cir-

481 1586 101 67 ca
532 1586 185 67 diuinum
666 1586 253 67 intellectum
869 1586 118 67 non
936 1586 168 67 potest
1054 1586 168 67 cadere
1172 1586 152 67 error
1273 1586 118 67 aut
1340 1586 219 67 falsitas,
1509 1586 152 67 sicut
1610 1586 152 67 neque
1711 1586 168 67 sensus
1829 1586 168 67 potest
1947 1586 168 67 errare
2065 1586 152 67 circa
2149 1586 84 67 pro

487 1641 150 66 prium
587 1641 216 66 obiectum,
754 1641 150 66 neque
854 1641 250 66 intellectus
1053 1641 150 66 circa
1153 1641 100 66 id
1203 1641 133 66 quid
1286 1641 133 66 quid
1369 1641 117 66 est
1436 1641 100 66 in
1486 1641 200 66 simplici
1636 1641 300 66 intelligentia.
1885 1641 100 66 In
1935 1641 117 66 quo
2002 1641 150 66 patet
2085 1641 150 66 quantum

480 1696 177 54 distat
604 1696 160 54 modus
711 1696 319 54 intelligentiae
977 1696 266 54 intellectus
1190 1696 177 54 diuini
1314 1696 89 54 &
1349 1696 266 54 intellectus
1562 1696 195 54 creati.
1704 1696 195 54 propter
1846 1696 142 54 quod
1935 1696 142 54 bene
2023 1696 195 54 dicitur
2147 1696 89 54 per

480 1749 182 69 Esaiam.
613 1749 116 69 Non
679 1749 133 69 enim
762 1749 265 69 cogitationes
978 1749 133 69 meae
1060 1749 99 69 vt
1110 1749 265 69 cogitationes
1326 1749 199 69 vestrae.
1475 1749 99 69 Et
1524 1749 133 69 quia
1607 1749 166 69 aliter
1723 1749 149 69 fiunt
1823 1749 182 69 nostrae
1955 1749 133 69 quam
2038 1749 149 69 suae,
2138 1749 83 69 &
2154 1749 83 69 pro

484 1804 137 72 pter
569 1804 120 72 hoc
638 1804 137 72 sunt
723 1804 256 72 fallibiles,
928 1804 137 72 quod
1014 1804 85 72 &
1048 1804 137 72 ipse
1133 1804 137 72 bene
1219 1804 171 72 nouit:
1338 1804 137 72 ideo
1424 1804 188 72 dicitur
1560 1804 103 72 in
1612 1804 154 72 Psal.
1714 1804 120 72 Dns
1783 1804 137 72 scit
1868 1804 273 72 cogitationes
2073 1804 171 72 hominium

493 1857 181 67 quoniam
624 1857 148 67 vanae
723 1857 148 67 sunt.
821 1857 132 67 Vnde
904 1857 99 67 ad
953 1857 164 67 dictum
1068 1857 148 67 modum
1167 1857 164 67 diuini
1282 1857 247 67 intellectus
1479 1857 214 67 aspiciens
1643 1857 214 67 Dionysius
1808 1857 164 67 dicit.
1923 1857 132 67 vii.
2005 1857 99 67 c.
2054 1857 99 67 de
2103 1857 115 67 di.
2153 1857 82 67 no.

481 1909 174 58 Diuina
602 1909 226 58 sapientia
777 1909 209 58 (seipsam
933 1909 209 58 scilicet
1090 1909 261 58 cognoscens)
1299 1909 226 58 cognoscit
1473 1909 157 58 omnia
1577 1909 244 58 materialia
1769 1909 331 58 immaterialiter,
2047 1909 174 58 diuisa
2152 1909 87 58 in-

474 1962 317 70 diuisibiliter,
739 1962 88 70 &
774 1962 159 70 multa
880 1962 176 70 vnite.
1003 1962 106 70 Et
1056 1962 229 70 similiter
1232 1962 211 70 possumus
1390 1962 176 70 dicere
1514 1962 141 70 quod
1602 1962 247 70 cognoscere
1796 1962 211 70 practica
1954 1962 299 70 speculatione,
2183 1962 53 70 &

476 2016 226 84 quicquid
646 2016 302 84 indignitatis
891 2016 94 84 &
929 2016 339 84 imperfectionis
1211 2016 132 84 est
1287 2016 113 84 in
1343 2016 151 84 modo
1437 2016 283 84 cognoscendi
1664 2016 264 84 creaturae,
1871 2016 226 84 remoueri
2041 2016 170 84 debet
2154 2016 94 84 a
2173 2016 75 84 mo

470 2074 117 77 do
528 2074 292 77 cognoscendi
761 2074 97 77 &
800 2074 311 77 intelligendi
1033 2074 117 77 dei.

820 2140 133 93 Irca
903 2140 199 93 septimum
1053 2140 216 93 arguitur,
1219 2140 133 93 quod
1302 2140 249 93 intellectus
1501 2140 116 93 dei
1568 2140 116 93 sit
1634 2140 266 93 discursiuus.
1850 2140 149 93 Primo
1950 2140 133 93 sic.
2016 2140 216 93 Intellectus

827 2221 288 63 comprehendens
1065 2221 271 63 consequentis
1285 2221 237 63 illationem
1472 2221 102 63 ex
1523 2221 271 63 antecedente,
1743 2221 254 63 discursiuus
1947 2221 136 63 est.
2031 2221 102 63 Ex
2082 2221 119 63 hoc
2133 2221 102 63 enim

831 2271 178 54 dicitur
960 2271 243 54 intellectus
1155 2271 243 54 discursiuus
1349 2271 129 54 quod
1430 2271 97 54 ab
1478 2271 243 54 antecedente
1672 2271 210 54 discurrit
1834 2271 97 54 ad
1883 2271 227 54 illationem
2045 2271 194 54 consequen-

821 2322 136 70 tis.
906 2322 255 70 intellectus
1110 2322 119 70 dei
1178 2322 119 70 est
1246 2322 238 70 huiusmodi.
1433 2322 119 70 Non
1501 2322 136 70 enim
1587 2322 187 70 ignorat
1723 2322 136 70 vias
1808 2322 85 70 &
1842 2322 153 70 modos
1927 2322 306 70 argumentationum.

831 2380 144 63 quia
921 2380 126 63 hoc
993 2380 126 63 est
1065 2380 108 63 de
1119 2380 180 63 numero
1245 2380 252 63 scibilium,
1443 2380 90 63 &
1479 2380 144 63 ipse
1568 2380 162 63 nouit
1676 2380 144 63 omne
1766 2380 216 63 scibile:
1928 2380 108 63 vt
1982 2380 162 63 infra
2072 2380 162 63 dicetur

812 2434 146 65 ergo
903 2434 128 65 &c.
976 2434 91 65 ⁋
1013 2434 201 65 Secundo
1159 2434 146 65 sic.
1250 2434 146 65 Ille
1341 2434 274 65 intellectus
1560 2434 128 65 est
1633 2434 274 65 discursiuus
1853 2434 128 65 qui
1926 2434 128 65 non
1999 2434 146 65 nisi
2072 2434 164 65 ratione

473 2482 157 56 media
577 2482 175 56 cuncta
700 2482 210 56 disponit
857 2482 87 56 &
892 2482 210 56 ordinat.
1049 2482 122 56 Hic
1119 2482 140 56 enim
1207 2482 122 56 est
1277 2482 227 56 discursus
1451 2482 280 56 intellectus:
1679 2482 122 56 per
1749 2482 175 56 medium
1871 2482 315 56 rationabiliter
2116 2482 122 56 dispo

474 2529 140 62 nere
561 2529 87 62 &
596 2529 209 62 ordinare
753 2529 192 62 vltima.
892 2529 122 62 dei
962 2529 262 62 intellectus
1171 2529 122 62 est
1241 2529 244 62 huiusmodi,
1433 2529 140 62 quia
1520 2529 157 62 omnia
1625 2529 314 62 rationabiliter
1886 2529 157 62 agit,
1991 2529 87 62 &
2026 2529 157 62 nihil
2130 2529 87 62 a
2148 2529 87 62 ca-

493 2585 98 64 u.
542 2585 131 64 ergo
624 2585 115 64 &c.
689 2585 82 64 ⁋
722 2585 98 64 In
771 2585 229 64 contrarium
951 2585 131 64 est,
1033 2585 180 64 quoniam
1164 2585 98 64 in
1213 2585 131 64 omni
1295 2585 197 64 discursu
1443 2585 262 64 intellectus,
1656 2585 115 64 est
1721 2585 131 64 ordo
1803 2585 229 64 cognitorum
1983 2585 197 64 secundum
2114 2585 115 64 prius

478 2645 91 71 &
514 2645 255 71 posterius:
714 2645 91 71 &
751 2645 164 71 primo
860 2645 200 71 cognito
1006 2645 127 71 non
1078 2645 164 71 simul
1188 2645 164 71 notum
1297 2645 127 71 est
1370 2645 237 71 secundum:
1551 2645 127 71 sed
1624 2645 109 71 ex
1679 2645 200 71 notitia
1824 2645 164 71 primi
1934 2645 127 71 per
2006 2645 182 71 medium
2116 2645 127 71 acqui

473 2700 150 72 ritur
574 2700 184 72 notitia
707 2700 200 72 secundi.
857 2700 100 72 In
908 2700 117 72 deo
974 2700 150 72 autem
1075 2700 117 72 non
1141 2700 117 72 est
1208 2700 134 72 ordo
1292 2700 251 72 cognitorum:
1492 2700 117 72 sed
1559 2700 150 72 simul
1659 2700 100 72 in
1709 2700 150 72 vnico
1809 2700 184 72 cognito
1943 2700 134 72 quod
2027 2700 117 72 est
2077 2700 150 72 simpli-

481 2755 203 59 cissima
628 2755 148 59 eius
720 2755 240 59 essentia,
905 2755 166 59 omnia
1015 2755 314 59 cognoscuntur:
1274 2755 111 59 vt
1329 2755 129 59 iam
1403 2755 184 59 dictum
1532 2755 148 59 est.
1624 2755 148 59 ergo
1698 2755 92 59 &c.

480 2794 100 93 ⁋
520 2794 240 93 Dicendum
700 2794 120 93 ad
760 2794 160 93 hoc,
860 2794 160 93 quod
961 2794 180 93 eadem
1081 2794 220 93 ratione
1241 2794 240 93 ponendum
1421 2794 140 93 est
1501 2794 160 93 quod
1601 2794 140 93 dei
1681 2794 300 93 intellectus
1922 2794 140 93 non
2002 2794 140 93 sit
2062 2794 180 93 discur-

480 2870 160 69 siuus:
592 2870 112 69 qua
656 2870 112 69 iam
721 2870 176 69 positum
849 2870 112 69 est
913 2870 128 69 quod
993 2870 112 69 non
1057 2870 112 69 sit
1121 2870 257 69 compositiuus
1330 2870 112 69 vel
1394 2870 225 69 diuisiuus:
1570 2870 144 69 quia.
1667 2870 192 69 scilicet
1811 2870 144 69 simul
1907 2870 112 69 (vt
1971 2870 192 69 procedit
2100 2870 128 69 vltima

469 2921 178 79 ratio)
594 2921 107 79 in
648 2921 161 79 eodem
755 2921 214 79 simplici
915 2921 178 79 omnium
1040 2921 214 79 notitiam
1201 2921 161 79 capit
1308 2921 178 79 absque
1433 2921 143 79 omni
1522 2921 250 79 collatione
1718 2921 196 79 prioris
1861 2921 196 79 cogniti
2004 2921 107 79 ad
2040 2921 196 79 posterius

479 2981 216 59 cognitum,
645 2981 83 59 &
679 2981 183 59 seorsum
812 2981 233 59 cognitione
994 2981 183 59 prioris
1127 2981 166 59 absque
1243 2981 249 59 posteriori.
1443 2981 116 59 Hoc
1509 2981 133 59 enim
1592 2981 149 59 facit
1692 2981 216 59 discursum
1858 2981 100 59 in
1908 2981 233 59 intellectu
2091 2981 183 59 creato:

483 3030 118 62 quia
557 3030 192 62 posterius
705 3030 103 62 non
764 3030 192 62 cognoscit
911 3030 89 62 in
956 3030 162 62 priori,
1074 3030 118 62 nisi
1148 3030 89 62 in
1192 3030 177 62 potentia
1325 3030 118 62 quae
1399 3030 118 62 actu
1472 3030 103 62 non
1531 3030 207 62 explicatur
1694 3030 118 62 nisi
1768 3030 103 62 per
1827 3030 207 62 discursum.
1989 3030 89 62 Et
2033 3030 103 62 hoc
2092 3030 103 62 per
2137 3030 103 62 dupli

485 3084 108 69 cem
546 3084 215 69 discursum,
715 3084 185 69 secundum
854 3084 123 69 quod
931 3084 139 69 iuxta
1023 3084 108 69 duo
1085 3084 154 69 genera
1193 3084 292 69 intelligibilium
1439 3084 154 69 duplex
1546 3084 108 69 est
1608 3084 139 69 modus
1700 3084 231 69 discurrendi
1885 3084 77 69 a
1916 3084 154 69 priori
2024 3084 92 69 in
2054 3084 185 69 posterius.

465 3132 141 60 Sunt
554 3132 141 60 enim
642 3132 195 60 quaedam
784 3132 318 60 intelligibilia
1049 3132 265 60 incomplexa,
1261 3132 177 60 quorum
1385 3132 124 60 est
1456 3132 195 60 simplex
1597 3132 318 60 intelligentia,
1863 3132 88 60 &
1898 3132 141 60 sunt
1986 3132 195 60 quaedam
2110 3132 124 60 compo

468 3190 161 82 sita,
576 3190 179 82 quorum
701 3190 125 82 est
773 3190 251 82 compositio
970 3190 90 82 &
1005 3190 197 82 diuisio
1149 3190 287 82 intellectus.
1381 3190 107 82 In
1435 3190 179 82 primis
1560 3190 143 82 enim
1650 3190 125 82 sit
1722 3190 233 82 discursus
1901 3190 287 82 intelligendo
2116 3190 125 82 diuer
