2418 3767
753 299 132 87 Irca
835 299 164 87 primum
950 299 197 87 arguitur
1098 299 132 87 quod
1180 299 115 87 non
1246 299 214 87 contingit
1410 299 181 87 hominem
1542 299 181 87 aliquid
1674 299 148 87 scire
1772 299 345 87 certitudinaliter.
2052 299 115 87 Primo

771 381 119 74 sic.
846 381 208 74 Augustinus
1009 381 149 74 dicit.
1114 381 179 74 lxxxiii,
1248 381 119 74 quod
1322 381 119 74 quid
1397 381 104 74 ix.
1456 381 194 74 Asensibus
1605 381 179 74 corporis
1739 381 104 74 non
1799 381 104 74 est
1858 381 194 74 expetenda
1992 381 179 74 synceritas

778 433 212 69 veritatis.
944 433 106 69 Sed
1005 433 121 69 homo
1080 433 106 69 per
1141 433 91 69 se
1186 433 136 69 nihil
1277 433 121 69 scit
1352 433 121 69 nisi
1428 433 91 69 ex
1473 433 197 69 sensibus:
1625 433 121 69 quia
1700 433 91 69 ab
1746 433 136 69 ipsis
1836 433 136 69 omnis
1927 433 106 69 nia
1988 433 181 69 cognitio
2109 433 60 69 or

776 488 112 62 tum
840 488 159 62 habet.
951 488 96 62 i.
999 488 191 62 Metaphy.
1143 488 112 62 ii.
1207 488 175 62 Poster.
1334 488 96 62 &.
1382 488 128 62 iii.
1462 488 96 62 de
1509 488 159 62 anima.
1621 488 128 62 ergo
1701 488 128 62 homo
1780 488 112 62 non
1844 488 159 62 potest
1956 488 143 62 scire
2036 488 143 62 synceri

776 541 145 59 tatem
873 541 226 59 veritatis.
1050 541 145 59 nihil
1147 541 145 59 autem
1244 541 161 59 scitur
1356 541 323 59 certitudinaliter
1631 541 129 59 nisi
1711 541 177 59 sciendo
1840 541 194 59 synceram
1985 541 226 59 veritatem:

760 595 127 67 quia
840 595 111 67 non
903 595 111 67 est
967 595 191 67 scientia
1110 595 127 67 nisi
1190 595 96 67 ex
1238 595 207 67 veritatis
1397 595 239 67 cognitione.
1588 595 143 67 ergo.
1683 595 111 67 &c.
1747 595 80 67 ⁋
1779 595 175 67 Secundo
1906 595 127 67 sic.
1986 595 127 67 Aug.
2050 595 111 67 ibid.

435 647 137 63 Nihil
526 647 106 63 est
587 647 182 63 scibile,
723 647 121 63 quid
799 647 106 63 non
860 647 152 63 habeat
966 647 152 63 simile
1072 647 152 63 falso:
1178 647 106 63 ita
1239 647 91 63 vt
1284 647 212 63 internosci
1451 647 106 63 non
1512 647 167 63 possit.
1633 647 167 63 veritas
1754 647 137 63 autem
1845 647 303 63 certitudinalitur
2103 647 106 63 non

441 702 147 68 potest
544 702 133 68 sciri
633 702 118 68 nisi
706 702 118 68 noti
780 702 236 68 dissimilibus
971 702 162 68 falsco.
1089 702 88 68 vt
1133 702 177 68 dicitur.
1266 702 103 68 ii.
1325 702 88 68 de
1369 702 221 68 Academicis.
1546 702 118 68 ergo
1619 702 103 68 per
1678 702 191 68 sensibile
1826 702 133 68 nulla
1914 702 162 68 veritas
2032 702 147 68 potest
2120 702 59 68 co

441 770 160 59 gnosci
553 770 335 59 certitudinaliter.
840 770 112 59 sed
904 770 128 59 homo
983 770 112 59 non
1047 770 207 59 cognoscit
1207 770 128 59 nisi
1287 770 112 59 per
1350 770 239 59 sensibilia.
1542 770 144 59 ergo.
1638 770 112 59 &c.
1701 770 80 59 ⁋
1733 770 175 59 Contra,
1861 770 160 59 habens
1973 770 175 59 regulam
2084 770 80 59 cer

433 814 104 63 tam
492 814 163 63 sciendi
611 814 89 63 in
655 814 104 63 qua
715 814 104 63 non
774 814 193 63 contingit
922 814 104 63 eum
981 814 163 63 errare:
1100 814 148 63 potest
1203 814 296 63 certitudinaliter
1455 814 148 63 scire:
1559 814 118 63 quia
1633 814 148 63 potest
1737 814 133 63 scire
1825 814 89 63 in
1870 814 118 63 illa
1944 814 74 63 &
1973 814 104 63 per
2033 814 148 63 illam:
2122 814 44 63 &

429 864 113 69 ipsa
500 864 156 69 fallere
613 864 99 69 non
670 864 156 69 potest.
783 864 128 69 talis
868 864 128 69 autem
953 864 142 69 regula
1052 864 99 69 est
1109 864 156 69 veritas
1222 864 170 69 primorum
1350 864 241 69 principiorum.
1548 864 170 69 secundum
1676 864 85 69 nm
1718 864 227 69 philosophum.
1903 864 85 69 4.
1945 864 170 69 Metaphy.
2059 864 113 69 princi

424 922 121 68 pium
499 922 106 68 est
560 922 136 68 valde
650 922 211 68 manifestum
817 922 76 68 &
847 922 151 68 notum.
953 922 166 68 Homines
1073 922 136 68 autem
1164 922 106 68 non
1224 922 227 68 decipiuntur
1406 922 121 68 nisi
1481 922 91 68 in
1527 922 91 68 eo
1572 922 121 68 quod
1647 922 196 68 nesciunt.
1798 922 106 68 hoc
1859 922 136 68 autem
1949 922 106 68 non
2010 922 136 68 habet
2085 922 91 68 dubi

428 968 208 82 tationem.
588 968 144 82 talem
684 968 144 82 autem
780 968 176 82 regulam
907 968 144 82 habet
1003 968 96 82 in
1051 968 96 82 se
1099 968 128 82 homo
1179 968 240 82 naturaliter
1371 968 240 82 acquisitam.
1563 968 96 82 vt
1611 968 144 82 patet
1707 968 96 82 ex
1754 968 336 82 praedeterminatis.
2042 968 128 82 ergo
2106 968 80 82 &c.

422 1033 100 93 ⁋
462 1033 239 93 Dicendum
642 1033 140 93 est
721 1033 120 93 ex
781 1033 419 93 praedeterminatis:
1140 1033 160 93 quod
1240 1033 140 93 cum
1320 1033 219 93 hominem
1480 1033 259 93 contingit
1679 1033 140 93 hab
1759 1033 140 93 ere
1839 1033 239 93 notitiam
2018 1033 200 93 primo-

428 1112 109 62 rum
491 1112 249 62 principiorum
693 1112 125 62 quae
771 1112 125 62 sunt
849 1112 202 62 notissima
1005 1112 93 62 in
1051 1112 109 62 sua
1114 1112 187 62 veritate
1254 1112 78 62 &
1285 1112 234 62 certissima:
1472 1112 109 62 ita
1534 1112 125 62 quod
1612 1112 93 62 in
1659 1112 140 62 illis
1752 1112 109 62 non
1815 1112 202 62 contingit
1971 1112 109 62 eum
2033 1112 171 62 errare:

428 1163 78 65 &
460 1163 94 65 ex
507 1163 141 65 illis
601 1163 110 65 via
663 1163 219 65 rationalis
836 1163 235 65 deductionis
1024 1163 204 65 contingit
1180 1163 110 65 eum
1243 1163 141 65 scire
1337 1163 235 65 posteriora:
1525 1163 94 65 in
1572 1163 157 65 quibus
1681 1163 204 65 similiter
1838 1163 110 65 non
1901 1163 204 65 contingit
2042 1163 125 65 errare

429 1215 180 76 postquam
564 1215 225 76 intellectus
744 1215 135 76 videt
834 1215 90 76 ea
879 1215 165 76 reducta
999 1215 90 76 in
1044 1215 210 76 principia:
1209 1215 75 76 &
1239 1215 135 76 talis
1329 1215 165 76 notitia
1449 1215 135 76 certa
1539 1215 120 76 est:
1614 1215 210 76 necessario
1779 1215 105 76 est
1839 1215 180 76 ponendum
1974 1215 120 76 quod
2049 1215 150 76 contin

423 1266 113 76 git
487 1266 177 76 hominem
616 1266 113 76 non
680 1266 209 76 solummodo
841 1266 161 76 scire:
954 1266 129 76 quod
1034 1266 161 76 quodam
1147 1266 129 76 modo
1227 1266 241 76 concedebant
1420 1266 225 76 Academici:
1597 1266 113 76 sed
1661 1266 80 76 &
1694 1266 322 76 certitudinalitur
1967 1266 161 76 scire:
2080 1266 129 76 quid

429 1315 151 74 omnino
535 1315 196 74 negabant:
686 1315 75 74 &
716 1315 106 74 hoc
776 1315 136 74 etiam
867 1315 181 74 secundum
1003 1315 181 74 communem
1138 1315 166 74 hominis
1259 1315 136 74 modum
1350 1315 226 74 cognoscendi
1531 1315 91 74 in
1576 1315 136 74 statu
1667 1315 136 74 huius
1757 1315 151 74 vitae.
1863 1315 136 74 Verum
1954 1315 257 74 intelligendum

437 1371 97 65 est
492 1371 110 65 quod
561 1371 124 65 certa
644 1371 152 65 notitia
755 1371 138 65 duplex
851 1371 97 65 est
906 1371 166 65 secundum
1031 1371 97 65 duo
1086 1371 110 65 quae
1155 1371 152 65 faciunt
1265 1371 166 65 notitiam
1389 1371 152 65 certam:
1500 1371 138 65 quorum
1596 1371 110 65 vnum
1665 1371 97 65 est
1721 1371 110 65 quod
1790 1371 97 65 sit
1845 1371 138 65 libera
1941 1371 83 65 ab
1983 1371 110 65 omni
2052 1371 152 65 errore:

429 1426 157 67 alterum
543 1426 114 67 quod
614 1426 100 67 sit
671 1426 85 67 in
713 1426 142 67 aperta
813 1426 171 67 veritati
941 1426 171 67 visione.
1069 1426 128 67 Primo
1154 1426 114 67 modo
1226 1426 157 67 notitia
1339 1426 100 67 est
1396 1426 142 67 certa,
1496 1426 114 67 quae
1567 1426 100 67 ita
1624 1426 185 67 veritatem
1766 1426 228 67 cognoscimus,
1951 1426 114 67 quod
2022 1426 185 67 nequaquam

432 1481 102 75 de
483 1481 102 75 ea
534 1481 204 75 dubitare
687 1481 221 75 possumus.
857 1481 187 75 Secundo
993 1481 136 75 modo
1078 1481 136 75 illa
1163 1481 119 75 est
1231 1481 153 75 certa
1332 1481 204 75 notitia,
1485 1481 119 75 qua
1553 1481 221 75 veritatem
1723 1481 187 75 videmus
1859 1481 153 75 clare
1961 1481 102 75 in
2012 1481 136 75 luce
2097 1481 119 75 in-

431 1530 254 68 tellectuali
634 1530 102 68 ad
685 1530 153 68 modum
787 1530 119 68 quo
855 1530 186 68 videmus
990 1530 203 68 visibile
1143 1530 102 68 in
1194 1530 136 68 luce
1279 1530 186 68 solari.
1414 1530 153 68 Primo
1516 1530 136 68 modo
1601 1530 170 68 certam
1719 1530 203 68 notitiam
1872 1530 220 68 contingit
2024 1530 153 68 hominem

425 1586 105 72 hic
485 1586 150 72 habere
590 1586 180 72 secundum
726 1586 150 72 dictum
831 1586 135 72 modum
921 1586 165 72 sciendi
1041 1586 90 72 ex
1086 1586 150 72 primis
1192 1586 210 72 principiis
1357 1586 271 72 speculabilium:
1583 1586 90 72 ad
1628 1586 120 72 quem
1703 1586 150 72 potest
1808 1586 180 72 attigere
1943 1586 165 72 actione
2049 1586 135 72 praesci

425 1643 87 76 sa
468 1643 203 76 naturalium
628 1643 145 76 virium
729 1643 160 76 animae:
845 1643 203 76 aspiciendo
1005 1643 87 76 ad
1048 1643 131 76 solum
1135 1643 174 76 exemplar
1266 1643 160 76 creatum
1382 1643 203 76 abstractum
1541 1643 73 76 a
1570 1643 102 76 re:
1628 1643 87 76 si
1672 1643 131 76 tamen
1759 1643 87 76 ad
1802 1643 102 76 hoc
1860 1643 189 76 sufficiat
2005 1643 131 76 illud
2078 1643 102 76 exen-

435 1699 110 65 plar
504 1699 110 65 sine
573 1699 234 65 illustratione
766 1699 193 65 exemplaris
918 1699 166 65 aeterni.
1042 1699 152 65 Secundo
1152 1699 110 65 modo
1221 1699 193 65 nequaquam:
1373 1699 110 65 nisi
1442 1699 193 65 aspiciendo
1594 1699 83 65 ad
1635 1699 166 65 exemplar
1759 1699 193 65 increatum,
1911 1699 110 65 quid
1980 1699 97 65 est
2035 1699 124 65 causa
2104 1699 69 65 rei

432 1749 166 75 secundum
557 1749 125 75 modum
640 1749 291 75 praedeterminatum.
889 1749 166 75 cognitio
1014 1749 111 75 enim
1083 1749 111 75 quae
1152 1749 194 75 acquiritur
1305 1749 97 75 per
1360 1749 208 75 phantasmata
1526 1749 97 75 non
1582 1749 138 75 potest
1678 1749 111 75 esse
1748 1749 111 75 quin
1817 1749 152 75 quantum
1928 1749 97 75 est
1983 1749 83 75 de
2025 1749 83 75 se
2066 1749 138 75 aliquo

427 1810 118 56 modo
501 1810 103 56 sit
560 1810 207 56 obscurata.
722 1810 177 56 secundum
855 1810 118 56 quod
929 1810 133 56 dicit
1018 1810 207 56 Augustinus
1180 1810 118 56 iii.
1254 1810 89 56 de
1298 1810 148 56 Acade.
1402 1810 133 56 lstae
1490 1810 177 56 imagines
1623 1810 118 56 sunt
1697 1810 118 56 quae
1771 1810 236 56 consuetudine
1963 1810 133 56 rerum
2036 1810 148 56 corpora-

434 1854 116 71 lium
506 1854 101 71 nos
564 1854 130 71 etiam
651 1854 101 71 cum
709 1854 159 71 veritas
825 1854 159 71 tenetur
941 1854 72 71 &
970 1854 130 71 quasi
1057 1854 87 71 in
1100 1854 159 71 manibus
1216 1854 159 71 habetur
1332 1854 174 71 decipere
1463 1854 72 71 &
1492 1854 174 71 illudere
1622 1854 203 71 moliuntur.
1782 1854 116 71 vnde
1854 1854 101 71 per
1912 1854 159 71 species
2014 1854 159 71 intelligi

428 1910 140 64 biles
522 1910 155 64 puras:
630 1910 124 64 quae
708 1910 109 64 non
770 1910 124 64 sunt
848 1910 124 64 nisi
926 1910 155 64 idolum
1034 1910 109 64 non
1097 1910 171 64 veritas
1221 1910 140 64 ipsa:
1314 1910 171 64 hominem
1438 1910 109 64 non
1500 1910 202 64 contingit
1656 1910 109 64 hic
1718 1910 186 64 secundum
1858 1910 186 64 communem
1998 1910 155 64 statum
2091 1910 93 64 viae

430 1965 178 66 synceram
563 1965 74 66 &
593 1965 178 66 liquidam
726 1965 118 66 siue
800 1965 148 66 claram
904 1965 207 66 veritatem,
1066 1965 118 66 siue
1140 1965 133 66 etiam
1229 1965 237 66 qualencumque
1421 1965 148 66 scire:
1525 1965 118 66 nisi
1599 1965 207 66 aspiciendo
1762 1965 89 66 ad
1806 1965 178 66 exemplar
1939 1965 133 66 lucis
2013 1965 163 66 increatae

443 2023 79 63 vt
482 2023 264 63 praedeterminatum
706 2023 105 63 est.
772 2023 158 63 secundum
891 2023 105 63 quod
957 2023 119 63 dicit
1036 2023 185 63 Augustinus
1181 2023 145 63 loquens
1287 2023 79 63 de
1326 2023 171 63 huiusmodi
1458 2023 171 63 speciebus
1590 2023 132 63 puris.
1682 2023 105 63 xii.
1748 2023 79 63 de
1788 2023 185 63 trinitate.
1933 2023 119 63 Rerum
1998 2023 185 63 transeuntium

429 2076 128 70 stant
514 2076 142 70 vtique
613 2076 256 70 intelligibiles
827 2076 99 70 non
883 2076 199 70 sensibiles
1040 2076 185 70 rationes:
1182 2076 85 70 ad
1224 2076 128 70 quaes
1310 2076 142 70 mentis
1409 2076 114 70 acie
1480 2076 185 70 paruenire
1622 2076 170 70 paucorum
1750 2076 114 70 est.
1821 2076 71 70 &
1849 2076 99 70 cum
1906 2076 199 70 peruenitur
2048 2076 128 70 quantum

419 2124 138 71 fieri
511 2124 169 71 potest:
634 2124 107 71 non
695 2124 92 71 in
741 2124 107 71 eis
802 2124 138 71 manet
895 2124 123 71 ipse
971 2124 215 71 paruentor:
1140 2124 107 71 sed
1202 2124 138 71 velut
1294 2124 123 71 acie
1370 2124 123 71 ipsa
1447 2124 230 71 reuerberata
1631 2124 230 71 repellitur.
1816 2124 92 71 Et
1862 2124 138 71 adhuc
1954 2124 215 71 aspiciendo
2123 2124 92 71 ad

433 2181 175 70 exemplar
565 2181 190 70 increatum
711 2181 131 70 sicut
798 2181 88 70 ad
842 2181 175 70 rationem
973 2181 233 70 intelligendi
1163 2181 160 70 tantum:
1280 2181 102 70 non
1338 2181 131 70 sicut
1425 2181 88 70 ad
1469 2181 175 70 obiectum
1600 2181 219 70 intellectum
1776 2181 175 70 secundum
1907 2181 117 70 quod
1980 2181 131 70 supra
2053 2181 131 70 determi

433 2233 135 65 natum
523 2233 120 65 est:
599 2233 105 65 non
659 2233 181 65 contigit
794 2233 166 65 hominem
915 2233 181 65 perfecta
1050 2233 226 65 certitudine
1231 2233 211 65 cognoscere
1396 2233 211 65 veritatem.
1562 2233 90 65 Et
1607 2233 120 65 quia
1682 2233 181 65 secundum
1818 2233 181 65 communem
1953 2233 151 65 statum
2059 2233 105 65 non
2104 2233 75 65 con

433 2292 152 58 tingit
539 2292 137 58 scire
630 2292 167 58 aliquod
752 2292 213 58 aspiciendo
919 2292 91 58 ad
964 2292 182 58 exemplar
1101 2292 197 58 increatum
1253 2292 91 58 vt
1298 2292 91 58 ad
1344 2292 182 58 obiectum
1481 2292 91 58 in
1526 2292 197 58 praesenti
1678 2292 137 58 vita:
1769 2292 106 58 sed
1830 2292 137 58 solum
1921 2292 91 58 in
1966 2292 167 58 futura:
2088 2292 121 58 ideo

429 2345 132 65 dicit
517 2345 205 65 Augustinus
678 2345 103 65 ix.
737 2345 88 65 de
781 2345 190 65 trinitate
928 2345 88 65 in
971 2345 205 65 principio:
1133 2345 117 65 quod
1206 2345 132 65 certa
1294 2345 176 65 cognitio
1426 2345 132 65 nobis
1514 2345 103 65 non
1572 2345 205 65 perficitur
1733 2345 117 65 nisi
1807 2345 117 65 post
1880 2345 117 65 hanc
1953 2345 147 65 vitam.
2056 2345 88 65 De
2100 2345 103 65 qua

437 2396 230 61 certitudine
621 2396 153 61 dicit,
728 2396 107 61 xv.
789 2396 92 61 de
835 2396 215 61 trinitate.
1004 2396 92 61 bi
1050 2396 199 61 veritatem
1203 2396 123 61 sine
1280 2396 123 61 vlla
1357 2396 245 61 difficultate
1556 2396 215 61 videbimus:
1725 2396 138 61 eaque
1817 2396 215 61 clarissima
1986 2396 77 61 &
2001 2396 184 61 certissima

429 2446 246 74 perfruemur:
626 2446 115 74 nec
691 2446 181 74 aliquid
822 2446 213 74 quaeremus
987 2446 148 74 mente
1085 2446 279 74 ratiocinante,
1315 2446 115 74 sed
1380 2446 263 74 contemplante
1594 2446 213 74 cernemus.
1758 2446 131 74 vnde
1840 2446 98 74 ex
1889 2446 115 74 hac
1938 2446 230 74 obumbratione

426 2499 142 69 vitae
521 2499 221 69 praesentis
695 2499 221 69 frequenter
869 2499 206 69 contigit:
1027 2499 126 69 quod
1106 2499 126 69 homo
1185 2499 111 69 qui
1248 2499 142 69 certe
1343 2499 126 69 scit
1422 2499 158 69 nescit
1533 2499 158 69 quanta
1643 2499 237 69 certitudine
1833 2499 158 69 sciat.
1944 2499 174 69 propter
2070 2499 111 69 hoc
2118 2499 63 69 di

426 2558 103 63 xit
485 2558 162 63 quidam:
603 2558 103 63 hoc
662 2558 132 63 solum
750 2558 132 63 scire
838 2558 88 63 me
882 2558 132 63 scio,
971 2558 118 63 quod
1044 2558 162 63 nescio:
1162 2558 74 63 &
1191 2558 191 63 econuerso
1338 2558 118 63 quid
1412 2558 147 63 nescit
1515 2558 132 63 scire
1603 2558 88 63 se
1647 2558 162 63 credit.
1765 2558 177 63 secundum
1897 2558 118 63 quod
1971 2558 132 63 dicit
2045 2558 132 63 Chryso.

438 2610 141 83 Adhuc
533 2610 141 83 multa
627 2610 204 83 nescimus:
784 2610 79 83 &
815 2610 126 83 illa
894 2610 157 83 quidem
1003 2610 204 83 didicisse
1161 2610 110 83 nos
1223 2610 204 83 credimus.
1380 2610 79 83 &
1412 2610 236 83 philosophus
1600 2610 94 83 in
1647 2610 126 83 vii.
1726 2610 220 83 Ethicorum.
1898 2610 157 83 Quidam
1993 2610 188 83 opinantium

430 2663 118 86 non
498 2663 220 86 dubitant:
667 2663 118 86 sed
735 2663 220 86 aestimant
904 2663 152 86 certe
989 2663 135 86 scire.

429 2713 100 99 ⁋
469 2713 120 99 Ad
529 2713 200 99 primum
669 2713 120 99 in
729 2713 280 99 oppositum,
949 2713 160 99 quod
1049 2713 100 99 a
1089 2713 240 99 sensibus
1269 2713 140 99 non
1350 2713 140 99 est
1430 2713 260 99 expetenda
1630 2713 220 99 syncera
1790 2713 240 99 veritas:
1970 2713 240 99 Dicendum

439 2795 116 77 quod
512 2795 131 77 verum
599 2795 102 77 est
658 2795 160 77 quantum
774 2795 204 77 aspiciendo
934 2795 87 77 ad
978 2795 175 77 exemplar
1108 2795 131 77 lucis
1196 2795 204 77 increatae:
1356 2795 73 77 &
1385 2795 102 77 hoc
1443 2795 102 77 non
1501 2795 116 77 quia
1574 2795 116 77 ipsa
1646 2795 160 77 veritas
1763 2795 87 77 in
1806 2795 87 77 se
1850 2795 87 77 in
1894 2795 145 77 aliquo
1995 2795 102 77 sit
2039 2795 131 77 impura:

437 2844 106 65 sed
498 2844 121 65 quia
573 2844 91 65 in
619 2844 137 65 nobis
710 2844 106 65 sit
771 2844 167 65 impura:
892 2844 152 65 quando
999 2844 106 65 est
1059 2844 273 65 phantasmatibus
1287 2844 213 65 obumbrata:
1454 2844 137 65 sicut
1545 2844 106 65 lux
1606 2844 137 65 solis
1697 2844 152 65 oculis
1803 2844 121 65 fumo
1879 2844 243 65 caligantibus
2062 2844 121 65 impura

442 2902 150 65 quodam
547 2902 120 65 modo
622 2902 120 65 est:
697 2902 135 65 tamen
787 2902 195 65 certitudo
937 2902 150 65 aliqua
1042 2902 195 65 veritatis
1192 2902 90 65 ex
1237 2902 180 65 sensibus
1371 2902 150 65 haberi
1476 2902 165 65 potest,
1596 2902 90 65 vt
1641 2902 150 65 dictum
1746 2902 120 65 est:
1821 2902 105 65 non
1881 2902 150 65 stando
1986 2902 90 65 in
2016 2902 150 65 sensibus

443 2952 74 65 &
473 2952 133 65 eorum
561 2952 177 65 iudicio:
694 2952 118 65 quia
768 2952 192 65 facillime
916 2952 221 65 decipiuntur
1093 2952 162 65 sensus:
1211 2952 103 65 sed
1270 2952 103 65 per
1329 2952 221 65 intellectum
1506 2952 266 65 intelligibilem
1727 2952 162 65 speciem
1845 2952 162 65 quantum
1963 2952 192 65 possibile
2096 2952 74 65 est

429 3003 205 72 depuratam
587 3003 79 72 a
618 3003 189 72 sensibus
760 3003 252 72 abstrahendo:
965 3003 79 72 &
996 3003 110 72 ibi
1059 3003 142 72 penes
1154 3003 95 72 se
1201 3003 221 72 iudicando.
1375 3003 126 72 Vnde
1453 3003 95 72 ad
1501 3003 173 72 literam
1627 3003 126 72 Aug.
1705 3003 126 72 illo
1784 3003 142 72 dicto
1879 3003 110 72 suo
1942 3003 189 72 hortatur
2083 3003 126 72 nos:

439 3061 96 70 ne
487 3061 160 70 stemus
599 3061 96 70 in
647 3061 176 70 iudicio
775 3061 176 70 sensus:
903 3061 112 70 sed
967 3061 240 70 abstrahamus
1159 3061 112 70 nos
1223 3061 176 70 quantum
1352 3061 192 70 possumus
1496 3061 80 70 a
1528 3061 208 70 sensibus,
1688 3061 80 70 &
1720 3061 224 70 coniugamur
1880 3061 304 70 intelligibilibus.

435 3112 192 66 secundum
579 3112 128 66 quod
659 3112 144 66 dicit
755 3112 240 66 concludendo
947 3112 96 66 in
995 3112 128 66 fine
1075 3112 256 66 quaestionis.
1283 3112 224 66 Quaproptur
1460 3112 192 66 (inquit)
1604 3112 240 66 saluberrime
1796 3112 208 66 admonemur
1956 3112 160 66 auerti
2068 3112 96 66 ab
2100 3112 80 66 hoc

435 3163 156 71 mundo:
544 3163 109 71 qui
607 3163 187 71 profecto
747 3163 202 71 corporeus
903 3163 109 71 est
965 3163 140 71 atque
1058 3163 234 71 sensibilis:
1245 3163 78 71 &
1277 3163 93 71 ad
1323 3163 140 71 deum:
1417 3163 78 71 &
1448 3163 93 71 ad
1495 3163 202 71 veritatem
1650 3163 125 71 quae
1728 3163 218 71 intellectu
1900 3163 78 71 &
1931 3163 202 71 interiori
2071 3163 109 71 mente

440 3215 165 95 capitur:
564 3215 110 95 quae
633 3215 96 95 non
688 3215 110 95 hent
756 3215 165 95 imaginem
880 3215 137 95 falsi:
976 3215 69 95 a
1004 3215 110 95 quae
1072 3215 165 95 discerni
1196 3215 96 95 non
1251 3215 151 95 possit:
1361 3215 110 95 tota
1429 3215 192 95 alacritate
1581 3215 179 95 converti.
1718 3215 69 95 ⁋
1745 3215 96 95 Per
1800 3215 110 95 haec
1869 3215 96 95 pt,
1924 3215 82 95 ad
1965 3215 179 95 secundum:
2103 3215 110 95 quod
