2252 3774
433 324 135 97 Hanc
517 324 152 97 autem
618 324 253 97 intentionem
820 324 118 97 non
888 324 202 97 intendit
1039 324 185 97 Auicen.
1174 324 202 97 remouere
1326 324 84 97 a
1359 324 135 97 deo.
1443 324 135 97 Vnde
1528 324 185 97 Auicen.
1662 324 185 97 loquens
1797 324 101 97 de
1847 324 219 97 productis
2016 324 84 97 a
2049 324 118 97 deo
2117 324 118 97 di-

440 399 122 72 cit
509 399 191 72 ibidem.
648 399 122 72 Non
718 399 174 72 potest
839 399 139 72 esse
926 399 104 72 vt
978 399 139 72 esse
1065 399 174 72 omnium
1187 399 104 72 ab
1239 399 139 72 illo
1326 399 122 72 sit
1396 399 209 72 secundum
1552 399 139 72 viam
1639 399 278 72 intentionis:
1865 399 261 72 quemadmodum
2073 399 122 72 est
2125 399 70 72 no

436 453 122 77 bis
505 453 209 77 intentio
662 453 104 77 in
714 453 191 77 omnibus
853 453 122 77 his
923 453 139 77 quae
1010 453 139 77 sunt
1097 453 87 77 a
1132 453 174 77 nobis:
1253 453 139 77 tunc
1340 453 139 77 enim
1427 453 139 77 ipse
1514 453 157 77 esset
1619 453 226 77 intendens
1793 453 191 77 propter
1932 453 191 77 aliquid
2071 453 157 77 aliud

435 517 199 76 praeter
580 517 127 76 se.
652 517 271 76 Philosophus
869 517 163 76 autem
977 517 109 76 in
1032 517 163 76 dicto
1140 517 127 76 suo
1213 517 217 76 loquitur
1375 517 109 76 de
1429 517 253 76 intentione
1628 517 253 76 communiter
1827 517 109 76 ad
1882 517 163 76 omnem
1990 517 163 76 modum
2099 517 127 76 in-

435 564 246 79 tentionis.
629 564 211 79 Intentio
787 564 141 79 enim
875 564 246 79 communiter
1068 564 158 79 dicta
1174 564 123 79 est
1244 564 211 79 voluntas
1402 564 193 79 directa
1543 564 105 79 in
1595 564 176 79 finem,
1718 564 141 79 sine
1806 564 123 79 qua
1877 564 158 79 nulla
1982 564 158 79 actio
2070 564 123 79 omni-

443 611 101 73 no
494 611 235 73 inchoatur.
678 611 101 73 Et
729 611 218 73 sequuntur
897 611 134 73 sese
981 611 319 73 inseparabiliter
1250 611 134 73 ista
1333 611 134 73 duo,
1417 611 151 73 finis
1518 611 84 73 &
1552 611 168 73 actio:
1669 611 134 73 quia
1753 611 118 73 non
1821 611 118 73 est
1888 611 151 73 actio
1989 611 134 73 nisi
2073 611 118 73 vbi
2123 611 84 73 est

437 665 155 82 finis
540 665 121 82 qui
609 665 259 82 intendatur.
817 665 190 82 dicente
955 665 242 82 Philosopho
1145 665 104 82 in
1196 665 190 82 secundo
1335 665 155 82 meta.
1438 665 173 82 Habens
1559 665 259 82 intellectum
1766 665 121 82 non
1835 665 138 82 agit
1922 665 138 82 nisi
1991 665 207 82 propterali

439 717 142 82 quam
528 717 124 82 rem
599 717 142 82 quae
687 717 124 82 est
758 717 195 82 vltimum
900 717 230 82 actionis.
1077 717 195 82 vltimum
1218 717 142 82 enim
1307 717 124 82 est
1378 717 159 82 finis
1484 717 106 82 ad
1537 717 142 82 quem
1626 717 266 82 intenditur.
1838 717 106 82 Et
1891 717 142 82 idem
1980 717 142 82 vult
2068 717 106 82 de
2104 717 106 82 agen

438 784 92 58 te
484 784 108 58 per
545 784 169 58 naturam
668 784 92 58 in
714 784 123 58 fine
791 784 169 58 secundi
914 784 154 58 physi.
1021 784 92 58 Et
1067 784 200 58 econverso
1221 784 108 58 non
1282 784 108 58 est
1344 784 138 58 finis
1436 784 123 58 nisi
1513 784 108 58 vbi
1574 784 108 58 est
1636 784 154 58 actio.
1743 784 184 58 secundum
1881 784 123 58 quod
1958 784 138 58 dicit
2050 784 92 58 in
2096 784 92 58 x.
2127 784 77 58 me-

438 831 258 80 taphysicae.
644 831 258 80 Impossibile
851 831 120 80 est
920 831 103 80 vt
971 831 138 80 ista
1057 831 155 80 causa
1161 831 120 80 sit
1229 831 103 80 in
1281 831 103 80 se
1333 831 138 80 quae
1419 831 120 80 non
1487 831 241 80 moueretur.
1677 831 103 80 Et
1728 831 155 80 sumit
1832 831 120 80 ibi
1900 831 155 80 motum
2004 831 172 80 large,
2107 831 86 80 con

440 885 181 70 cludens
571 885 99 70 ex
621 885 115 70 hoc
686 885 132 70 quod
769 885 99 70 in
818 885 263 70 mathematicis
1032 885 115 70 non
1098 885 115 70 sit
1163 885 263 70 demonstratio
1377 885 115 70 per
1443 885 148 70 illam
1542 885 181 70 causam:
1674 885 148 70 quia.
1772 885 197 70 scilicet
1920 885 247 70 mathematica
2101 885 99 70 sunt

451 932 211 75 separata
610 932 88 75 a
645 932 158 75 motu.
751 932 158 75 Quare
856 932 123 75 cum
927 932 106 75 in
979 932 123 75 deo
1050 932 194 75 oportet
1191 932 176 75 ponere
1314 932 211 75 rationem
1472 932 158 75 finis
1578 932 88 75 &
1613 932 141 75 boni
1701 932 141 75 siue
1789 932 299 75 perfectionis,
2036 932 106 75 vt
2071 932 123 75 infra

464 983 249 73 videbitur:
660 983 196 73 necesse
802 983 124 73 est
873 983 142 73 ergo
962 983 178 73 ponere
1087 983 107 73 in
1140 983 142 73 ipso
1229 983 213 73 actionem
1389 983 124 73 qua
1460 983 160 73 mouet
1567 983 124 73 seu
1638 983 142 73 agit
1727 983 124 73 aut
1798 983 213 73 operatur
1958 983 231 73 intendens
2136 983 107 73 in

455 1048 206 69 seipsum
605 1048 113 69 vt
662 1048 113 69 in
718 1048 169 69 bonum
830 1048 94 69 &
868 1048 206 69 vltimum
1018 1048 188 69 omnium
1149 1048 319 69 perfectionum.
1412 1048 150 69 Vnde
1505 1048 169 69 dicit
1618 1048 300 69 Philosophus.
1862 1048 113 69 x.
1918 1048 206 69 Ethice.
2049 1048 150 69 Viuere

446 1100 164 62 omnes
555 1100 237 62 suspicati
738 1100 146 62 sunt
829 1100 164 62 deos.
939 1100 146 62 ergo
1030 1100 91 62 &
1067 1100 219 62 operari:
1231 1100 128 62 non
1304 1100 164 62 autem
1414 1100 201 62 dormire
1560 1100 219 62 secundum
1724 1100 146 62 quod
1815 1100 164 62 dixit
1925 1100 183 62 Thales
2035 1100 164 62 Endimio

444 1146 105 71 na
497 1146 281 71 Philosophus:
725 1146 123 71 qui
796 1146 193 71 negauit
936 1146 158 71 vitam
1041 1146 176 71 inesse
1164 1146 158 71 diis:
1270 1146 88 71 &
1305 1146 176 71 amouit
1428 1146 105 71 ab
1480 1146 123 71 eis
1550 1146 158 71 omnem
1656 1146 281 71 operationem,
1884 1146 193 71 tanquam
2024 1146 123 71 non
2077 1146 123 71 esset

452 1204 152 71 opeatio
563 1204 110 71 nisi
631 1204 193 71 dispositio
783 1204 207 71 imperfecti:
948 1204 69 71 &
976 1204 97 71 per
1031 1204 193 71 opeationem
1183 1204 221 71 perfectionem
1362 1204 110 71 sibi
1431 1204 221 71 acquirentis,
1610 1204 165 71 secundum
1734 1204 110 71 quod
1803 1204 165 71 procedit
1927 1204 152 71 secunda
2038 1204 124 71 ratio
2148 1204 83 71 Ad

466 1252 110 81 quam
535 1252 166 81 dicendum
659 1252 97 81 tam
715 1252 83 81 de
756 1252 152 81 actione
866 1252 110 81 quam
935 1252 110 81 agit
1004 1252 97 81 res
1060 1252 83 81 in
1101 1252 138 81 seipsa
1198 1252 152 81 tanquam
1308 1252 207 81 opeationem,
1474 1252 110 81 quam
1543 1252 83 81 de
1584 1252 152 81 actione
1694 1252 110 81 quam
1763 1252 110 81 agit
1832 1252 152 81 tamquam
1943 1252 179 81 factionem
2067 1252 138 81 transeun

464 1306 99 71 tem
520 1306 85 71 in
563 1306 99 71 rem
619 1306 141 71 extra:
718 1306 113 71 quod
789 1306 155 71 vtraque
902 1306 141 71 duplex
1001 1306 113 71 est.
1071 1306 127 71 Actio
1156 1306 113 71 enim
1227 1306 113 71 quae
1297 1306 99 71 est
1354 1306 169 71 operatio
1481 1306 99 71 non
1537 1306 155 71 propter
1650 1306 155 71 aliquod
1763 1306 184 71 operatum:
1904 1306 99 71 sed
1961 1306 155 71 propter
2074 1306 99 71 se:
2130 1306 99 71 aut

463 1359 122 70 est
532 1359 157 70 aliud
637 1359 105 70 re
690 1359 105 70 ab
742 1359 140 70 ipso
830 1359 192 70 agente:
970 1359 122 70 aut
1040 1359 122 70 est
1110 1359 140 70 ipsa
1197 1359 245 70 substantia
1389 1359 210 70 agentis.
1547 1359 157 70 Primo
1652 1359 140 70 modo
1739 1359 175 70 reuera
1862 1359 262 70 assimilatur
2054 1359 140 70 motui.

452 1420 120 72 Est
520 1420 137 72 enim
606 1420 154 72 quasi
708 1420 205 72 emanatio
862 1420 120 72 vel
930 1420 239 72 progressus
1118 1420 102 72 ab
1169 1420 188 72 agente:
1306 1420 102 72 vt
1357 1420 171 72 calere
1477 1420 102 72 in
1528 1420 188 72 calido:
1665 1420 85 72 &
1699 1420 222 72 splendere
1869 1420 102 72 in
1921 1420 154 72 luce:
2023 1420 120 72 quo
2074 1420 120 72 agens

449 1466 205 73 acquirit
603 1466 137 73 sibi
688 1466 137 73 esse
773 1466 239 73 perfectum:
961 1466 85 73 &
995 1466 137 73 sine
1081 1466 120 73 quo
1149 1466 154 73 esset
1252 1466 273 73 imperfectum.
1474 1466 188 73 Propter
1610 1466 137 73 quod
1696 1466 120 73 est
1764 1466 154 73 quasi
1866 1466 154 73 motus
1969 1466 85 73 &
2003 1466 154 73 actus
2088 1466 120 73 imper

450 1519 155 72 fecti
553 1519 207 72 secundum
709 1519 138 72 quod
795 1519 259 72 imperfectum
1002 1519 138 72 est.
1088 1519 138 72 Vnde
1174 1519 104 72 si
1226 1519 104 72 in
1278 1519 121 72 sua
1347 1519 207 72 essentia
1502 1519 155 72 esset
1606 1519 224 72 perfectum
1778 1519 276 72 simpliciter,
1985 1519 207 72 impossibi-

454 1571 104 74 le
506 1571 156 74 esset
610 1571 104 74 ei
662 1571 225 74 conuenire
835 1571 156 74 talem
939 1571 225 74 actionem.
1113 1571 191 74 Quoniam
1251 1571 260 74 simpliciter
1459 1571 243 74 perfectum,
1650 1571 139 74 sine
1737 1571 139 74 omni
1824 1571 139 74 motu
1910 1571 87 74 &
1945 1571 191 74 actione
2066 1571 139 74 perfe-

461 1638 190 59 ctionem
599 1638 138 59 suam
685 1638 173 59 habet:
806 1638 86 59 &
841 1638 138 59 quod
927 1638 121 59 non
996 1638 121 59 est
1065 1638 242 59 huiusmodi,
1255 1638 121 59 per
1324 1638 155 59 motum
1428 1638 138 59 vnum
1514 1638 121 59 vel
1583 1638 173 59 plures
1704 1638 242 59 necessario
1894 1638 276 59 perfectionem
2101 1638 104 59 suam

458 1691 144 71 sibi
548 1691 235 71 acquirit:
729 1691 90 71 &
765 1691 144 71 quod
855 1691 271 71 simpliciter
1072 1691 90 71 &
1108 1691 181 71 omnino
1234 1691 126 71 est
1306 1691 289 71 imperfectum:
1541 1691 90 71 &
1577 1691 126 71 non
1649 1691 181 71 potest
1776 1691 144 71 nisi
1866 1691 199 71 modicam
1992 1691 217 71 perfectio-

458 1732 120 82 nem
526 1732 240 82 acquirere:
715 1732 154 82 quasi
818 1732 120 82 est
886 1732 103 82 in
938 1732 189 82 quiete:
1075 1732 86 82 &
1109 1732 137 82 sine
1195 1732 137 82 motu
1281 1732 86 82 &
1315 1732 257 82 operatione:
1520 1732 120 82 vel
1589 1732 189 82 modicam
1726 1732 171 82 habet.
1846 1732 206 82 secundum
2000 1732 137 82 quod
2086 1732 154 82 deter

457 1787 158 79 minat
563 1787 264 79 Philosophus
774 1787 105 79 in
827 1787 193 79 secundo
967 1787 141 79 cae.
1055 1787 88 79 &
1090 1787 141 79 mun.
1178 1787 105 79 Et
1231 1787 211 79 secundum
1389 1787 123 79 hoc
1460 1787 211 79 operatio
1618 1787 193 79 secundo
1758 1787 158 79 modo,
1864 1787 176 79 qualis
1987 1787 123 79 est
2040 1787 158 79 opeatio

449 1838 120 89 dei
518 1838 103 89 vt
569 1838 155 89 infra
672 1838 206 89 patebit,
827 1838 155 89 nullo
930 1838 138 89 modo
1016 1838 258 89 assimilatur
1222 1838 172 89 motui,
1343 1838 120 89 sed
1411 1838 155 89 magis
1514 1838 241 89 vacationi:
1704 1838 103 89 vt
1755 1838 223 89 persectio
1927 1838 258 89 simpliciter
2116 1838 86 89 sit

457 1890 194 82 opeatio
599 1890 141 82 quae
687 1890 124 82 est
757 1890 141 82 vera
846 1890 194 82 vacatio
987 1890 212 82 opposita
1145 1890 247 82 operationi
1339 1890 194 82 secundo
1481 1890 159 82 modo.
1587 1890 141 82 Vnde
1675 1890 176 82 quanto
1798 1890 159 82 minor
1904 1890 124 82 est
1975 1890 194 82 opeatio
2098 1890 106 82 pri-

450 1959 113 61 mo
507 1959 169 61 modo:
620 1959 94 61 &
657 1959 169 61 magis
770 1959 113 61 ad
826 1959 320 61 simplicitatem
1090 1959 282 61 operationis
1316 1959 207 61 accedit
1466 1959 207 61 secundo
1617 1959 169 61 modo:
1730 1959 169 61 tanto
1843 1959 132 61 est
1918 1959 207 61 operans
2049 1959 151 61 perfe-

456 1998 162 74 ctius
564 1998 90 74 &
600 1998 234 74 beatitudo
779 1998 144 74 eius
869 1998 180 74 maior:
995 1998 126 74 ita
1067 1998 144 74 quod
1157 1998 162 74 omnis
1265 1998 216 74 operatio
1426 1998 162 74 primo
1534 1998 144 74 modo
1624 1998 234 74 ordinatur
1804 1998 234 74 finaliter
1983 1998 108 74 ad
2019 1998 180 74 operatio

453 2051 127 81 nem
525 2051 200 81 secundo
671 2051 163 81 modo:
779 2051 91 81 &
816 2051 181 81 quanto
943 2051 218 81 operatio
1106 2051 163 81 primo
1215 2051 145 81 modo
1305 2051 163 81 magis
1414 2051 163 81 habet
1523 2051 109 81 de
1577 2051 236 81 distantia
1759 2051 91 81 a
1795 2051 290 81 simplicitate
2013 2051 181 81 operatio

457 2106 127 72 nis
529 2106 199 72 secundo
674 2106 163 72 modo,
783 2106 163 72 tanto
892 2106 163 72 magis
1000 2106 181 72 distat
1127 2106 91 72 a
1163 2106 272 72 perfectione
1381 2106 199 72 finalis
1526 2106 308 72 beatitudinis,
1779 2106 91 72 &
1816 2106 91 72 a
1852 2106 236 72 remotiori
2033 2106 109 72 ad
2069 2106 127 72 ipsam

454 2168 255 64 ordinatur.
654 2168 200 64 Propter
800 2168 146 64 quod
891 2168 237 64 perfectio
1073 2168 164 64 omnis
1183 2168 109 64 in
1237 2168 146 64 vita
1328 2168 182 64 actiua
1456 2168 91 64 &
1492 2168 255 64 virtutibus
1693 2168 237 64 moralibus
1875 2168 237 64 ordinatur
2039 2168 164 64 finali-

459 2208 121 76 ter
528 2208 104 76 ad
580 2208 276 76 perfectionem
804 2208 155 76 vitae
907 2208 311 76 contemplatiuae
1166 2208 138 76 quae
1252 2208 224 76 consistit
1425 2208 104 76 in
1477 2208 242 76 virtutibus
1666 2208 293 76 speculatiuis.
1908 2208 190 76 dicente
2029 2208 173 76 Philoso-

454 2275 135 76 pho.
539 2275 101 76 x.
589 2275 152 76 Ethe.
691 2275 186 76 Videtur
826 2275 220 76 felicitas
995 2275 101 76 in
1046 2275 220 76 vacatione
1215 2275 152 76 esse,
1317 2275 118 76 non
1384 2275 186 76 vacamus
1520 2275 135 76 enim
1604 2275 101 76 vt
1655 2275 203 76 vacemus:
1807 2275 85 76 &
1841 2275 203 76 bellamus
1993 2275 101 76 vt
2044 2275 152 76 pacem
2128 2275 68 76 du

463 2317 176 77 camus.
587 2317 229 77 Politicae
763 2317 159 77 autem
869 2317 264 77 operationes
1080 2317 123 77 non
1151 2317 212 77 vacantes
1310 2317 159 77 sunt,
1415 2317 88 77 &
1451 2317 159 77 finem
1556 2317 194 77 aliquem
1697 2317 229 77 appetunt.
1874 2317 264 77 Intellectus
2068 2317 123 77 autem

459 2373 205 76 operatio
613 2373 205 76 differre
766 2373 188 76 videtur
903 2373 102 76 ab
954 2373 154 76 aliis
1056 2373 307 76 honorificentia
1312 2373 85 76 &
1347 2373 256 76 nobilitate:
1551 2373 85 76 &
1586 2373 188 76 praeter
1722 2373 154 76 ipsam
1824 2373 171 76 nullum
1944 2373 205 76 appetere
2081 2373 119 76 finem

454 2425 219 79 praeter
614 2425 319 79 complementum
873 2425 279 79 suiipsius.
1092 2425 159 79 Vnde
1191 2425 100 79 &
1231 2425 239 79 secundum
1411 2425 199 79 gradus
1550 2425 239 79 dictorum
1730 2425 219 79 modorum
1889 2425 299 79 operationis
2108 2425 80 79 di

460 2478 276 76 stinguuntur
680 2478 184 76 gradus
809 2478 166 76 rerum
920 2478 110 76 in
975 2478 184 76 ordine
1104 2478 239 76 vniuersi.
1288 2478 221 76 secundum
1454 2478 147 76 quod
1546 2478 202 76 Commen.
1693 2478 202 76 exponit
1840 2478 258 76 praedictam
2024 2478 166 76 determi

459 2529 197 82 nationem
606 2529 246 82 Philosophis
804 2529 181 82 dicens.
935 2529 181 82 Ordines
1066 2529 197 82 videntur
1214 2529 197 82 quatuor:
1362 2529 82 82 &
1395 2529 197 82 quilibet
1543 2529 131 82 ordo
1625 2529 148 82 habet
1724 2529 246 82 latitudinem
1921 2529 181 82 praeter
2036 2529 164 82 vltimum.

453 2592 152 64 Ordo
548 2592 152 64 ergo
643 2592 190 64 primus
776 2592 133 64 est
852 2592 152 64 ordo
947 2592 190 64 entium
1080 2592 152 64 quae
1175 2592 323 64 comprehendunt
1441 2592 285 64 nobilitatem
1669 2592 247 64 perfectam
1859 2592 152 64 sine
1954 2592 285 64 operatione:

447 2648 89 64 &
483 2648 337 64 diuersificantur
767 2648 213 64 secundum
927 2648 160 64 magis
1033 2648 89 64 &
1069 2648 178 64 minus.
1193 2648 142 64 haec
1282 2648 160 64 autem
1389 2648 142 64 sunt
1477 2648 160 64 entia
1584 2648 249 64 abstracta.
1779 2648 142 64 Quod
1868 2648 160 64 dicit
1975 2648 142 64 sine
2046 2648 142 64 opera-

457 2697 177 65 tione,
581 2697 212 65 intendit
740 2697 106 65 de
793 2697 248 65 operatione
988 2697 159 65 primo
1094 2697 159 65 modo.
1200 2697 142 65 Vnde
1289 2697 177 65 aperte
1413 2697 159 65 ponit
1519 2697 106 65 in
1572 2697 212 65 qualibet
1731 2697 248 65 substantia
1926 2697 230 65 abstracta
2103 2697 124 65 non

447 2743 145 73 aliud
544 2743 129 73 esse
624 2743 242 73 operationem
817 2743 129 73 quam
898 2743 129 73 eius
978 2743 258 73 substantiam:
1188 2743 81 73 &
1220 2743 113 73 sic
1284 2743 209 73 quamlibet
1445 2743 145 73 earum
1542 2743 129 73 esse
1622 2743 129 73 deum
1703 2743 193 73 quendam,
1848 2743 97 73 vt
1896 2743 161 73 dictum
2009 2743 113 73 est
2057 2743 129 73 supra:

457 2802 116 73 ita
524 2802 150 73 tamen
624 2802 133 73 quod
707 2802 116 73 sit
774 2802 166 73 gradus
890 2802 83 73 &
923 2802 133 73 ordo
1007 2802 183 73 deorum:
1140 2802 166 73 quorum
1256 2802 133 73 vnus
1339 2802 116 73 est
1406 2802 183 73 primus.
1539 2802 166 73 aliter
1655 2802 133 73 enim
1739 2802 133 73 iste
1822 2802 133 73 ordo
1905 2802 116 73 non
1972 2802 183 73 haberet
2088 2802 100 73 lati

454 2857 205 76 tudinem.
608 2857 205 76 Secundus
762 2857 137 76 ordo
847 2857 120 76 est
916 2857 154 76 eorum
1018 2857 137 76 quae
1104 2857 291 76 appropinquant
1343 2857 222 76 perfectae
1514 2857 239 76 nobilitati
1702 2857 120 76 per
1771 2857 274 76 operationem:
1993 2857 85 76 &
2027 2857 137 76 haec
2095 2857 103 76 sunt

458 2905 182 71 duobus
585 2905 182 71 modis:
712 2905 127 71 aut
785 2905 127 71 per
858 2905 200 71 modicam
1003 2905 291 71 operationem:
1240 2905 91 71 &
1276 2905 145 71 haec
1367 2905 127 71 non
1440 2905 236 71 inuenitur
1621 2905 145 71 nisi
1712 2905 109 71 in
1767 2905 200 71 motibus
1912 2905 291 71 caelestibus:
2130 2905 55 71 &

464 2959 119 78 est
532 2959 171 78 primus
652 2959 171 78 orbis:
771 2959 119 78 aut
839 2959 119 78 per
908 2959 188 78 multam:
1044 2959 85 78 &
1078 2959 137 78 haec
1164 2959 222 78 inuenitur
1335 2959 102 78 in
1386 2959 154 78 aliis
1488 2959 239 78 corporibus
1676 2959 256 78 caelestibus
1881 2959 85 78 &
1915 2959 102 78 in
1966 2959 188 78 homine.
2086 2959 102 78 Ter-

456 3021 154 70 tius
552 3021 154 70 ordo
648 3021 134 70 est
725 3021 173 70 eorum
840 3021 154 70 quae
936 3021 134 70 non
1013 3021 211 70 possunt
1167 3021 327 70 comprehendere
1436 3021 288 70 nobilitatem
1666 3021 269 70 propinquam
1878 3021 269 70 nobilitati
2070 3021 115 70 per-

459 3060 195 74 fectae:
601 3060 159 74 neque
707 3060 159 74 multa
814 3060 248 74 operatione
1009 3060 159 74 neque
1115 3060 195 74 modica:
1257 3060 124 74 sed
1328 3060 177 74 statim
1452 3060 177 74 comtur
1576 3060 195 74 hendunt
1718 3060 266 74 nobilitatem
1930 3060 195 74 minorem
2054 3060 142 74 propin

456 3112 129 85 quam
536 3112 210 85 perfectae
698 3112 242 85 nobilitati:
891 3112 81 85 &
923 3112 113 85 hoc
988 3112 113 85 per
1052 3112 177 85 modicam
1181 3112 242 85 opeationem.
1375 3112 81 85 &
1407 3112 113 85 est
1472 3112 97 85 in
1520 3112 145 85 aliis
1617 3112 210 85 animatis.
1778 3112 97 85 Et
1826 3112 193 85 quilibet
1971 3112 177 85 istorum
2084 3112 113 85 trium

457 3167 244 80 latitudinem
652 3167 163 80 habet.
766 3167 179 80 Quartus
896 3167 130 80 vero
978 3167 114 80 est
1043 3167 179 80 terrae:
1173 3167 130 80 quae
1255 3167 114 80 non
1320 3167 163 80 potest
1434 3167 277 80 comprehendere
1662 3167 244 80 nobilitatem
1857 3167 114 80 per
1922 3167 244 80 opeationem:
2102 3167 81 80 sed

458 3224 128 102 fere
538 3224 112 102 per
602 3224 176 102 quietem
729 3224 176 102 tantum,
857 3224 80 102 &
889 3224 128 102 iste
969 3224 128 102 ordo
1049 3224 144 102 valde
1144 3224 160 102 distat
1256 3224 80 102 a
1288 3224 160 102 primo,
1400 3224 176 102 quamuis
1528 3224 176 102 vterque
1655 3224 144 102 eorum
1751 3224 112 102 sit
1815 3224 128 102 sine
1895 3224 239 102 operatione:
2086 3224 80 102 &
2118 3224 96 102 in
