2358 3773
145 316 167 81 ciendo
262 316 100 81 ad
312 316 134 81 tale
396 316 184 81 formale
530 316 134 81 quod
613 316 150 81 ratio
714 316 267 81 constituendi
931 316 217 81 singulare
1098 316 234 81 suppositum
1282 316 234 81 distinctum
1466 316 84 81 a
1499 316 201 81 quolibet
1650 316 150 81 alio,
1750 316 134 81 tali
1817 316 100 81 vlti

152 381 98 75 mo
201 381 180 75 formali
331 381 163 75 nullum
446 381 229 75 suppositum
626 381 131 75 agit
707 381 196 75 quicquam
854 381 147 75 neque
952 381 98 75 in
1001 381 212 75 creaturis
1165 381 147 75 neque
1263 381 98 75 in
1312 381 131 75 deo.
1393 381 131 75 Vnde
1475 381 114 75 non
1541 381 180 75 dicitur
1671 381 131 75 vere
1753 381 131 75 quod
1818 381 82 75 Sor

152 429 106 76 tes
212 429 166 76 generat
333 429 91 76 eo
379 429 121 76 quod
454 429 106 76 est
515 429 151 76 Sortes
621 429 91 76 id
666 429 106 76 est
727 429 91 76 eo
772 429 121 76 quod
847 429 106 76 est
908 429 212 76 indiuiduum
1074 429 121 76 siue
1150 429 242 76 indiuiduatum
1346 429 227 76 suppositum:
1528 429 166 76 quoniam
1649 429 136 76 illud
1740 429 106 76 (vt
1785 429 121 76 dictum

146 496 127 71 est)
226 496 175 71 negatio
353 496 127 71 est,
433 496 127 71 quae
512 496 175 71 nullius
640 496 111 71 est
704 496 223 71 effectiua.
879 496 111 71 Sed
942 496 127 71 quod
1022 496 175 71 dicitur
1149 496 143 71 agere
1245 496 175 71 aliquod
1372 496 111 71 aut
1436 496 191 71 generare
1579 496 96 71 eo
1627 496 127 71 quod
1707 496 111 71 est
1755 496 143 71 formale

155 538 97 86 in
203 538 146 86 ipso,
301 538 114 86 hoc
366 538 146 86 debet
463 538 211 86 intelligi
626 538 227 86 aspiciendo
804 538 97 86 ad
853 538 179 86 formale
983 538 130 86 quod
1064 538 114 86 est
1129 538 146 86 ratio
1226 538 114 86 qua
1291 538 211 86 subsistit
1453 538 97 86 in
1502 538 162 86 natura
1616 538 195 86 speciei,
1762 538 130 86 quae
1827 538 81 86 est

143 592 114 88 sua
208 592 228 88 humanitas:
387 592 98 88 in
436 592 114 88 qua
501 592 114 88 est
566 592 244 88 considerare
761 592 114 88 duo
826 592 195 88 scilicet
973 592 130 88 quod
1054 592 114 88 est
1120 592 212 88 humanitas
1282 592 260 88 simpliciter:
1494 592 130 88 quia
1575 592 130 88 tota
1657 592 163 88 natura
1754 592 147 88 speciei

145 642 296 91 specialissimae
391 642 115 91 est
457 642 99 91 in
506 642 197 91 quolibet
654 642 115 91 suo
720 642 230 91 indiuiduo:
901 642 82 91 &
933 642 131 91 quod
1016 642 115 91 est
1081 642 131 91 ista
1163 642 99 91 in
1213 642 131 91 isto
1295 642 263 91 indiuiduata.
1509 642 131 91 Quia
1591 642 131 91 ergo
1673 642 164 91 Sortes
1772 642 131 91 humani

153 709 139 73 tate
240 709 122 73 sua
309 709 191 73 aliquid
448 709 139 73 agit
535 709 122 73 aut
605 709 209 73 generat,
761 709 122 73 hoc
831 709 122 73 est
901 709 191 73 ratione
1040 709 122 73 qua
1109 709 122 73 est
1179 709 226 73 humanitas
1353 709 278 73 simpliciter:
1579 709 87 73 &
1614 709 104 73 vt
1666 709 209 73 existens
1805 709 87 73 est

139 751 103 91 in
190 751 155 91 isto:
293 751 86 91 &
328 751 137 91 ideo
414 751 137 91 homo
500 751 189 91 generat
637 751 206 91 hominem:
792 751 137 91 quod
877 751 120 91 est
946 751 206 91 intentum
1101 751 189 91 naturae
1238 751 275 91 simpliciter.
1462 751 137 91 quod
1547 751 155 91 autem
1651 751 189 91 generat
1771 751 120 91 alium

141 814 83 73 a
175 814 116 73 se:
241 814 116 73 hoc
307 814 116 73 non
373 814 116 73 est
439 814 132 73 nisi
521 814 116 73 tam
587 814 182 73 propter
719 814 198 73 materiam
868 814 99 73 in
917 814 116 73 qua
983 814 198 73 generat:
1132 814 99 73 vt
1181 814 149 73 ponit
1280 814 264 73 philosophus:
1495 814 132 73 quam
1577 814 132 73 quia
1660 814 116 73 sua
1709 814 182 73 humanitas

145 864 114 78 est
210 864 130 78 ista
291 864 114 78 non
356 864 293 78 communicabilis
600 864 179 78 alteri:
730 864 114 78 ita
795 864 130 78 quod
877 864 98 78 si
925 864 114 78 per
990 864 244 78 impossibile
1186 864 163 78 posset
1299 864 195 78 generare
1446 864 163 78 formam
1560 864 146 78 puram
1657 864 130 78 sine
1722 864 163 78 materia,

146 920 149 75 aliam
246 920 232 75 necessario
429 920 216 75 generaret
595 920 83 75 a
628 920 100 75 se
678 920 100 75 ex
728 920 183 75 nihilo:
860 920 199 75 secundum
1010 920 133 75 quod
1093 920 149 75 dicit
1193 920 199 75 Comment.
1342 920 166 75 super.
1458 920 133 75 xii.
1541 920 183 75 Metaph.
1674 920 100 75 Si
1724 920 149 75 forma
1807 920 83 75 per

140 972 97 74 se
188 972 257 74 generaretur,
397 972 145 74 esset
494 972 209 74 generatio
655 972 97 74 ex
703 972 177 74 nihilo.
832 972 97 74 Et
880 972 113 74 sic
945 972 129 74 quod
1025 972 129 74 homo
1105 972 113 74 sit
1170 972 97 74 ab
1218 972 177 74 homine:
1347 972 113 74 hoc
1411 972 113 74 est
1476 972 193 74 virtutis
1620 972 80 74 &
1653 972 274 74 perfectionis:

138 1024 140 70 quod
225 1024 157 70 autem
330 1024 157 70 alius
435 1024 105 70 ab
487 1024 140 70 alio
575 1024 105 70 in
627 1024 157 70 forma
732 1024 227 70 numerali:
907 1024 122 70 hoc
977 1024 122 70 est
1047 1024 210 70 defectus
1204 1024 87 70 &
1239 1024 332 70 imperfectionis:
1519 1024 87 70 &
1554 1024 122 70 hoc
1624 1024 157 70 habet
1711 1024 175 70 generans

140 1091 106 62 ex
193 1091 176 62 natura
317 1091 247 62 indiuidui:
510 1091 123 62 non
581 1091 106 62 ex
634 1091 229 62 negatione
810 1091 299 62 indiuiduante:
1056 1091 123 62 sed
1127 1091 106 62 ex
1180 1091 176 62 natura
1303 1091 159 62 ipsa:
1408 1091 106 62 vt
1461 1091 141 62 tali
1549 1091 229 62 negationi
1708 1091 176 62 substra-

146 1140 100 70 ta
196 1140 134 70 est.
280 1140 151 70 illud
381 1140 151 70 autem
481 1140 117 70 est
548 1140 100 70 ex
598 1140 167 70 natura
715 1140 201 70 speciei.
866 1140 100 70 Et
916 1140 134 70 ideo
1000 1140 100 70 de
1050 1140 251 70 generatione
1251 1140 268 70 indiuiduorum
1469 1140 218 70 abinuicem
1636 1140 151 70 dicit
1720 1140 167 70 Comment.

135 1183 152 87 super.
241 1183 136 87 viii.
332 1183 197 87 physicae.
484 1183 121 87 quod
559 1183 136 87 modus
650 1183 243 87 generationis
848 1183 167 87 istorum
969 1183 197 87 abinuicem
1121 1183 106 87 est
1181 1183 106 87 per
1242 1183 182 87 accidens
1378 1183 182 87 scilicet
1515 1183 121 87 quia
1591 1183 121 87 homo
1667 1183 106 87 non
1727 1183 106 87 dat
1788 1183 91 87 in
1818 1183 76 87 ge-

133 1248 210 63 neratione
295 1248 178 63 hominis
424 1248 129 63 nisi
505 1248 146 63 illud
602 1248 129 63 quod
683 1248 113 63 est
748 1248 146 63 quasi
845 1248 275 63 instrumentum.
1072 1248 162 63 Sortem
1185 1248 129 63 enim
1266 1248 194 63 generare
1412 1248 227 63 Ciceronem,
1590 1248 113 63 est
1654 1248 113 63 per
1703 1248 178 63 accidens.

129 1294 88 67 Et
173 1294 219 67 quemadmodum
349 1294 102 67 hic
407 1294 146 67 dictum
510 1294 102 67 est
568 1294 88 67 de
612 1294 205 67 creaturis,
773 1294 205 67 consiliter
934 1294 190 67 contingit
1080 1294 88 67 in
1124 1294 176 67 personis
1256 1294 161 67 diuinis
1373 1294 176 67 scilicet
1505 1294 117 67 quod
1578 1294 132 67 pater
1666 1294 102 67 non
1724 1294 161 67 generat
1826 1294 59 67 eo

138 1355 108 61 quo
199 1355 139 61 pater
292 1355 123 61 est,
369 1355 108 61 hoc
430 1355 108 61 est
492 1355 92 61 eo
538 1355 108 61 quo
600 1355 108 61 est
661 1355 293 61 incommunicabile
908 1355 231 61 suppositum:
1093 1355 169 61 quoniam
1216 1355 139 61 illud
1309 1355 200 61 respectus
1463 1355 123 61 est:
1540 1355 108 61 qui
1601 1355 108 61 non
1663 1355 108 61 est
1725 1355 139 61 ratio
1802 1355 92 61 agen

131 1414 116 71 di:
198 1414 149 71 sicut
297 1414 149 71 neque
397 1414 183 71 negatio
530 1414 249 71 indiuiduans
729 1414 100 71 in
779 1414 233 71 creaturis.
962 1414 116 71 Sed
1028 1414 133 71 quod
1111 1414 183 71 dicitur
1244 1414 199 71 generare
1394 1414 100 71 eo
1444 1414 133 71 quod
1527 1414 116 71 est
1593 1414 183 71 formale
1726 1414 100 71 in
1776 1414 149 71 ipso:

128 1451 116 73 hoc
195 1451 149 73 debet
294 1451 216 73 intelligi
460 1451 232 73 aspiciendo
643 1451 100 73 ad
693 1451 183 73 formale
826 1451 133 73 quod
909 1451 116 73 est
975 1451 149 73 ratio
1075 1451 83 73 &
1108 1451 166 73 natura
1224 1451 100 73 in
1274 1451 116 73 qua
1340 1451 232 73 subsistit:
1523 1451 100 73 in
1573 1451 116 73 qua
1639 1451 116 73 non
1705 1451 116 73 est
1755 1451 133 73 consi-

143 1512 143 66 derare
243 1512 114 66 duo:
314 1512 128 66 sicut
399 1512 143 66 dictum
499 1512 100 66 est
556 1512 86 66 de
599 1512 128 66 forma
684 1512 157 66 creata.
798 1512 171 66 scilicet
927 1512 114 66 quod
998 1512 100 66 est
1055 1512 143 66 deitas
1155 1512 228 66 simpliciter:
1340 1512 71 66 &
1369 1512 114 66 quod
1440 1512 100 66 est
1497 1512 143 66 deitas
1597 1512 114 66 haec
1668 1512 100 66 aut
1725 1512 143 66 huius:
1810 1512 86 66 quia

138 1564 113 69 non
202 1564 113 69 est
267 1564 129 69 nisi
347 1564 145 69 haec:
444 1564 81 69 &
476 1564 129 69 illa
557 1564 145 69 eadem
654 1564 129 69 quae
734 1564 113 69 est
799 1564 161 69 huius,
912 1564 113 69 per
976 1564 306 69 communicationem
1234 1564 113 69 est
1299 1564 210 69 alterius.
1460 1564 193 69 Generare
1605 1564 129 69 ergo
1685 1564 113 69 aut
1750 1564 177 69 aliquid

121 1629 155 66 agere
224 1629 172 66 patrem
344 1629 189 66 deitate
482 1629 120 66 non
551 1629 189 66 differt
689 1629 138 66 quod
775 1629 189 66 dicatur
912 1629 120 66 hoc
981 1629 155 66 agere
1084 1629 189 66 deitate
1222 1629 275 66 simpliciter:
1446 1629 86 66 &
1480 1629 120 66 hac
1549 1629 120 66 vel
1618 1629 155 66 huius
1721 1629 206 66 deitate:

122 1670 129 69 quia
203 1670 178 69 deitate
332 1670 97 69 vt
381 1670 162 69 deitas
494 1670 129 69 est,
575 1670 81 69 &
607 1670 97 69 vt
656 1670 129 69 haec
737 1670 162 69 deitas
850 1670 129 69 est,
931 1670 113 69 non
996 1670 178 69 generat
1125 1670 210 69 deitatem:
1287 1670 113 69 sed
1352 1670 210 69 conicando
1514 1670 97 69 se
1562 1670 178 69 generat
1692 1670 146 69 deum:
1789 1670 81 69 &
1805 1670 81 69 eun

137 1736 115 56 dem
202 1736 98 56 in
251 1736 197 56 deitate:
399 1736 115 56 sed
465 1736 148 56 alium
563 1736 98 56 in
612 1736 197 56 persona:
760 1736 115 56 sed
826 1736 115 56 hoc
891 1736 115 56 non
957 1736 180 56 ratione
1088 1736 213 56 deitatis:
1252 1736 148 56 neque
1351 1736 148 56 huius
1449 1736 197 56 deitatis
1597 1736 115 56 qua
1662 1736 197 56 generat:
1810 1736 115 56 sed

120 1784 208 65 ratione
272 1784 246 65 respectus
461 1784 133 65 quo
537 1784 265 65 determinat
745 1784 171 65 actum
859 1784 265 65 generandi:
1067 1784 133 65 qui
1143 1784 208 65 propter
1295 1784 227 65 rationem
1465 1784 303 65 determinandi
1693 1784 189 65 actionem

131 1845 226 67 generato,
304 1845 121 67 non
374 1845 174 67 potest
495 1845 139 67 illi
582 1845 278 67 communicari:
807 1845 121 67 sed
877 1845 104 67 in
929 1845 208 67 generato
1085 1845 243 67 necessario
1276 1845 243 67 determinat
1467 1845 156 67 actum
1571 1845 191 67 passiue
1692 1845 191 67 respectus

135 1894 243 72 oppositus.
326 1894 261 72 Quemadmodum
535 1894 139 72 enim
622 1894 104 72 ex
674 1894 157 72 parte
778 1894 243 72 generantis
969 1894 209 72 essentia
1126 1894 122 72 est
1195 1894 157 72 ratio
1300 1894 139 72 eius
1387 1894 139 72 quod
1474 1894 122 72 est
1543 1894 209 72 generare
1700 1894 104 72 in
1734 1894 157 72 elicien

127 1951 123 57 do:
198 1951 123 57 sed
268 1951 123 57 sub
339 1951 194 57 ratione
480 1951 229 57 respectus
656 1951 299 57 determinantis
902 1951 159 57 actum
1008 1951 106 57 vt
1061 1951 123 57 est
1132 1951 264 57 efficiendus
1343 1951 106 57 ab
1396 1951 194 57 agente:
1537 1951 123 57 sic
1607 1951 106 57 ex
1660 1951 159 57 parte
1748 1951 141 57 genera

125 1999 100 65 ti
175 1999 199 65 essentia
325 1999 116 65 est
391 1999 150 65 ratio
491 1999 133 65 eius
574 1999 133 65 quod
657 1999 116 65 est
724 1999 199 65 generari
873 1999 100 65 in
923 1999 249 65 recipiendo:
1123 1999 116 65 sed
1189 1999 116 65 sub
1255 1999 183 65 ratione
1388 1999 216 65 respectus
1555 1999 283 65 determinantis
1771 1999 116 65 actum

127 2051 114 61 vt
184 2051 132 61 est
260 2051 322 61 determinandus
524 2051 114 61 in
581 2051 227 61 genitum:
752 2051 114 61 vt
808 2051 170 61 habet
922 2051 170 61 infra
1035 2051 303 61 determinari:
1281 2051 246 61 exponendo
1471 2051 208 61 quomodo
1622 2051 189 61 diuina
1736 2051 151 61 essen-

123 2101 117 66 tia
190 2101 117 66 est
257 2101 217 66 subiectum
423 2101 183 66 diuinae
557 2101 283 66 generationis.
790 2101 100 66 Et
840 2101 117 66 sic
907 2101 133 66 quod
990 2101 133 66 deus
1073 2101 183 66 generat
1207 2101 133 66 deum
1290 2101 267 66 simpliciter:
1507 2101 117 66 hoc
1573 2101 117 66 est
1640 2101 183 66 ratione
1757 2101 133 66 essen-

133 2162 127 59 tiae:
218 2162 113 59 quod
288 2162 113 59 vero
359 2162 99 59 hic
415 2162 155 59 generat
528 2162 155 59 illlum,
641 2162 99 59 hoc
698 2162 99 59 est
754 2162 155 59 ratione
867 2162 127 59 vnius
952 2162 226 59 proprietatis
1136 2162 99 59 qua
1192 2162 226 59 determinatur
1376 2162 127 59 actus
1460 2162 85 59 vt
1503 2162 198 59 producatur
1658 2162 85 59 ab
1700 2162 99 59 vno
1743 2162 141 59 scilicet

131 2219 77 63 &
161 2219 184 63 alterius
300 2219 123 63 quae
377 2219 246 63 determinatur
576 2219 92 63 vt
623 2219 215 63 terminetur
792 2219 92 63 in
838 2219 154 63 alium.
945 2219 77 63 &
976 2219 108 63 sic
1038 2219 138 63 pater
1130 2219 108 63 non
1191 2219 169 63 generat
1314 2219 200 63 eliciendo
1468 2219 138 63 actum
1560 2219 246 63 paternitate:
1760 2219 108 63 sed
1806 2219 77 63 dei

131 2274 143 59 tate:
227 2274 127 59 etsi
306 2274 112 59 sit
370 2274 143 59 pater
466 2274 112 59 non
529 2274 175 59 deitate
657 2274 112 59 sed
721 2274 255 59 paternitate.
928 2274 127 59 Vnde
1008 2274 96 59 si
1055 2274 143 59 pater
1151 2274 175 59 dicatur
1278 2274 191 59 generare
1422 2274 207 59 inquantum
1581 2274 159 59 pater,
1693 2274 112 59 non
1757 2274 159 59 inquan

126 2325 102 61 tum
185 2325 117 61 deus
258 2325 131 61 (quia
345 2325 117 61 tunc
418 2325 146 61 filius
520 2325 102 61 qui
578 2325 102 61 est
637 2325 117 61 deus
710 2325 204 61 generaret)
870 2325 131 61 illud
957 2325 131 61 tamen
1045 2325 102 61 non
1103 2325 102 61 est
1162 2325 131 61 verum
1249 2325 117 61 quod
1322 2325 219 61 paternitate
1497 2325 160 61 generet
1614 2325 175 61 scilicet
1745 2325 117 61 quod
1803 2325 73 61 ge-

115 2382 151 54 neret
216 2382 218 54 essentia,
384 2382 134 54 nisi
468 2382 252 54 dispositiue
669 2382 101 54 vt
720 2382 168 54 dictum
837 2382 134 54 est:
921 2382 84 54 &
955 2382 185 54 amplius
1089 2382 101 54 in
1139 2382 235 54 quaestione
1324 2382 201 54 sequenti
1475 2382 201 54 dicetur.
1660 2382 218 54 Argumenta
1811 2382 67 54 au

120 2428 117 71 tem
187 2428 117 71 duo
254 2428 100 71 in
304 2428 234 71 contrarium
488 2428 134 71 etsi
572 2428 134 71 bene
655 2428 184 71 probant
789 2428 134 71 quod
873 2428 201 71 essentia
1023 2428 117 71 est
1090 2428 150 71 ratio
1190 2428 167 71 agendi
1307 2428 150 71 omnes
1408 2428 184 71 diuinas
1542 2428 201 71 actiones
1675 2428 201 71 elicitiue:

121 2486 128 61 non
194 2486 164 61 tamen
303 2486 237 61 excludunt
486 2486 146 61 quin
577 2486 310 61 determinatiue
833 2486 256 61 requiratur
1033 2486 146 61 alia
1125 2486 183 61 ratio:
1252 2486 110 61 vt
1307 2486 183 61 dictum
1417 2486 110 61 est.

470 2581 139 75 lrca
556 2581 191 75 quintum
695 2581 225 75 arguitur:
868 2581 139 75 quod
955 2581 173 75 diuina
1076 2581 208 75 essentia
1233 2581 121 75 sit
1302 2581 208 75 terminus
1458 2581 156 75 omnis
1562 2581 191 75 diuinae
1683 2581 191 75 actionis.

471 2633 150 76 Primo
571 2633 133 76 sic.
654 2633 133 76 deus
737 2633 150 76 nihil
837 2633 133 76 agit
920 2633 133 76 nisi
1003 2633 233 76 intellectu
1186 2633 116 76 aut
1252 2633 233 76 voluntate:
1435 2633 116 76 sed
1501 2633 150 76 omnis
1601 2633 150 76 actio
1684 2633 183 76 pertinens

475 2698 106 64 ad
528 2698 123 64 dei
599 2698 265 64 intellectum
811 2698 88 64 &
846 2698 247 64 voluntatem
1040 2698 247 64 terminatur
1234 2698 106 64 ad
1287 2698 194 64 diuinam
1428 2698 247 64 essentiam:
1622 2698 141 64 quia
1693 2698 176 64 terminus

474 2740 301 68 intellectualis
725 2740 250 68 operationis
925 2740 83 68 &
959 2740 250 68 voluntariae
1159 2740 117 68 non
1226 2740 134 68 sunt
1309 2740 134 68 nisi
1393 2740 200 68 obiectum
1543 2740 250 68 intellectus
1743 2740 83 68 &
1760 2740 117 68 volun

470 2796 163 61 tatis.
584 2796 195 61 obiectum
730 2796 146 61 autem
827 2796 244 61 intellectus
1022 2796 114 61 non
1087 2796 114 61 est
1152 2796 130 61 nisi
1234 2796 163 61 verum,
1348 2796 81 61 &
1380 2796 195 61 obiectum
1526 2796 228 61 voluntatis
1705 2796 114 61 non
1770 2796 114 61 est
1819 2796 65 61 ni

451 2854 94 59 si
498 2854 157 59 bonum.
608 2854 173 59 veritas
734 2854 142 59 autem
829 2854 94 59 in
876 2854 110 59 deo
939 2854 110 59 non
1002 2854 110 59 est
1064 2854 126 59 nisi
1143 2854 252 59 essentialis:
1347 2854 94 59 vt
1395 2854 142 59 visum
1489 2854 126 59 est.
1568 2854 204 59 similiter
1725 2854 142 59 neque
1803 2854 79 59 bo-

132 2909 159 54 nitas:
244 2909 96 54 vt
291 2909 207 54 videbitur
451 2909 159 54 infra.
562 2909 127 54 ergo
642 2909 111 54 &c.
737 2909 175 54 Secundo
865 2909 127 54 sic.
944 2909 143 54 nulla
1040 2909 143 54 actio
1135 2909 96 54 ad
1183 2909 175 54 aliquid
1311 2909 223 54 terminatur
1486 2909 111 54 per
1550 2909 111 54 se:
1613 2909 127 54 nisi
1693 2909 96 54 ad
1741 2909 96 54 id
1788 2909 127 54 quod

122 2960 111 61 est
185 2960 222 61 absolutum:
360 2960 127 61 quia
439 2960 95 61 in
486 2960 95 61 ad
534 2960 174 61 aliquid
660 2960 111 61 non
724 2960 111 61 est
787 2960 142 61 motus
882 2960 190 61 secundum
1024 2960 253 61 philosophum.
1230 2960 95 61 v.
1278 2960 190 61 Phyiiai.
1420 2960 79 61 &
1452 2960 142 61 sicut
1547 2960 111 61 est
1610 2960 95 61 in
1657 2960 142 61 motu:
1752 2960 111 61 sic
1800 2960 79 61 est

120 3009 105 70 in
173 3009 140 70 omni
261 3009 140 70 modo
348 3009 228 70 actionis.
524 3009 123 70 Non
594 3009 123 70 est
664 3009 158 70 autem
769 3009 228 70 absolutum
945 3009 105 70 in
997 3009 123 70 deo
1068 3009 140 70 nisi
1155 3009 175 70 diuina
1278 3009 228 70 essentia.
1454 3009 140 70 ergo
1541 3009 123 70 &c.
1646 3009 193 70 Contra.
1769 3009 123 70 actio

129 3062 128 70 dei
202 3062 128 70 est
275 3062 128 70 sua
348 3062 238 70 essentia.
531 3062 146 70 ldem
622 3062 165 70 autem
732 3062 128 70 non
805 3062 256 70 terminatur
1006 3062 110 70 ad
1061 3062 219 70 seipsum.
1225 3062 146 70 ergo
1299 3062 91 70 &c.

165 3125 158 70 Hic
255 3125 248 70 oportet
435 3125 270 70 reducere
637 3125 135 70 ad
705 3125 270 70 memoriam
908 3125 203 70 modos
1043 3125 270 70 actionis
1245 3125 270 70 diuinae:
1448 3125 180 70 quae
1561 3125 180 70 sunt
1651 3125 225 70 operatio

120 3188 148 71 actio,
224 3188 163 71 factio:
343 3188 119 71 quia
417 3188 148 71 multum
521 3188 148 71 aliter
625 3188 74 71 &
655 3188 148 71 aliter
759 3188 89 71 se
803 3188 134 71 habet
892 3188 178 71 quasitum
1026 3188 89 71 in
1070 3188 148 71 illis.
1174 3188 89 71 Si
1219 3188 119 71 enim
1293 3188 178 71 loquamur
1427 3188 89 71 de
1471 3188 163 71 actione
1590 3188 119 71 quae
1664 3188 104 71 est
1724 3188 163 71 opeatio
1828 3188 59 71 cu

114 3246 175 89 iusmodi
241 3246 111 89 est
305 3246 238 89 intelligere
495 3246 222 89 essentiale
669 3246 111 89 aut
733 3246 159 89 velle:
844 3246 143 89 scire
939 3246 175 89 oportet
1066 3246 127 89 quod
1145 3246 127 89 isti
1225 3246 143 89 actus
1320 3246 127 89 idem
1399 3246 159 89 habent
1510 3246 111 89 pro
1574 3246 206 89 principio
1716 3246 175 89 elicitiuo
