2616 3780
427 304 133 98 omne
510 304 216 98 sensibile
677 304 150 98 habet
776 304 166 98 simile
893 304 166 98 falso.
1009 304 199 98 Dicendum
1159 304 133 98 quod
1242 304 150 98 verum
1342 304 116 98 est
1408 304 183 98 quantum
1541 304 100 98 ex
1591 304 150 98 parte
1691 304 199 98 speciei:
1840 304 216 98 inquantum
2006 304 116 98 est
2056 304 100 98 sen-

427 388 196 70 sibilis
570 388 89 70 &
605 388 267 70 phantastica
819 388 178 70 maxime
944 388 178 70 stando
1069 388 107 70 in
1122 388 178 70 sensu:
1247 388 125 70 qui
1318 388 125 70 non
1390 388 178 70 potest
1514 388 214 70 similium
1675 388 214 70 iudicare
1817 388 339 70 dissimilitudinem.

421 445 294 63 Transcendendo
663 445 156 63 tamen
767 445 173 63 sensus
888 445 156 63 ratio
991 445 138 63 bene
1078 445 190 63 iudicat
1216 445 173 63 illam:
1337 445 86 63 &
1372 445 156 63 verum
1476 445 86 63 a
1510 445 156 63 falso
1614 445 242 63 discernit.
1804 445 138 63 vnde
1891 445 242 63 Augustinus
2081 445 104 63 in

420 503 132 60 tota
502 503 132 60 illa
584 503 230 60 quaestione
765 503 148 60 nihil
864 503 214 60 intendit:
1029 503 132 60 nisi
1111 503 132 60 quod
1193 503 198 60 imagines
1341 503 247 60 sensibilium
1539 503 99 60 vt
1588 503 247 60 sensibiles,
1786 503 148 60 quasi
1885 503 165 60 omnino
1983 503 165 60 communes

414 549 127 64 sunt
494 549 127 64 vero
573 549 79 64 &
605 549 222 64 verisimili
780 549 127 64 siue
859 549 159 64 falso.
970 549 191 64 secundum
1113 549 127 64 quod
1193 549 254 64 assimilantur
1399 549 175 64 species
1526 549 127 64 quas
1606 549 143 64 visus
1701 549 143 64 capit
1796 549 95 64 ab
1844 549 127 64 auro
1924 549 79 64 &
1955 549 95 64 ab
1987 549 159 64 orichal-

428 600 120 65 co:
496 600 137 65 quae
582 600 205 65 discerni
736 600 188 65 iudicio
873 600 171 65 sensus
993 600 223 65 nequeunt.
1164 600 137 65 vnde
1250 600 86 65 &
1284 600 240 65 somniantes
1472 600 103 65 de
1524 600 223 65 speciebus
1695 600 137 65 quae
1780 600 120 65 eis
1849 600 205 65 apparent
1986 600 171 65 iudicant

417 654 132 77 quod
500 654 132 77 sunt
583 654 116 77 res
649 654 165 77 ipsae,
765 654 149 77 quare
864 654 116 77 cum
930 654 116 77 non
996 654 165 77 potest
1112 654 182 77 percipi
1244 654 149 77 verum
1344 654 132 77 nisi
1426 654 83 77 a
1459 654 149 77 falso
1559 654 265 77 discernatur:
1774 654 198 77 iudicium
1922 654 149 77 verum
2022 654 116 77 non
2071 654 83 77 est

427 714 253 62 constitutum
630 714 101 62 in
680 714 219 62 sensibus:
849 714 84 62 &
883 714 135 62 ideo
967 714 219 62 concludit
1136 714 101 62 in
1186 714 152 62 fine:
1288 714 219 62 Quamobrem
1456 714 236 62 salubriter
1642 714 219 62 admonemur
1810 714 118 62 &c.
1878 714 101 62 vt
1929 714 169 62 dictum
2030 714 101 62 est.

760 762 131 64 lrca
842 762 197 64 secundum
990 762 197 64 arguitur
1137 762 131 64 quod
1220 762 115 64 non
1285 762 197 64 quilibet
1433 762 131 64 homo
1515 762 131 64 scit
1597 762 329 64 certitudinaliter
1877 762 230 64 quaecumque
2041 762 115 64 scit.

762 817 129 57 Primo
847 817 114 57 sic.
919 817 200 57 Augustinus
1076 817 129 57 dicit
1162 817 100 57 li.
1219 817 171 57 lxxxiii,
1347 817 114 57 quod
1419 817 214 57 Comprehendi
1590 817 100 57 non
1647 817 143 57 potest
1747 817 114 57 quod
1819 817 114 57 sine
1890 817 243 57 intermissione
2076 817 71 57 mu-

762 868 156 60 tatur:
871 868 124 60 quia
949 868 187 60 antequam
1089 868 140 60 ratio
1182 868 156 60 potest
1291 868 187 60 iudicium
1431 868 202 60 conplere:
1587 868 109 60 iam
1649 868 109 60 non
1711 868 109 60 est
1774 868 109 60 res
1836 868 140 60 ipsum
1929 868 124 60 quod
2007 868 140 60 fuit.
2085 868 62 60 na

768 922 173 60 turalia
894 922 126 60 sunt
973 922 221 60 huiusmodi.
1146 922 95 60 vt
1194 922 142 60 dicit
1288 922 221 60 Augustinus
1462 922 173 60 ibidem.
1588 922 126 60 ergo
1666 922 236 60 comprehendi
1856 922 110 60 non
1919 922 158 60 potest
2029 922 126 60 quod
2092 922 63 60 ta

760 972 96 64 le
808 972 128 64 est:
888 972 112 64 nec
953 972 160 64 potest
1065 972 321 64 certitudinaliter
1338 972 160 64 sciri,
1450 972 177 64 quamuis
1578 972 128 64 ergo
1659 972 193 64 contigit
1803 972 177 64 hominem
1931 972 209 64 naturalia
2076 972 80 64 sci

722 1030 121 64 re,
791 1030 104 64 vt
843 1030 173 64 dictum
964 1030 121 64 est
1033 1030 173 64 supra:
1154 1030 121 64 non
1223 1030 156 64 tamen
1327 1030 225 64 contingit
1500 1030 121 64 eum
1569 1030 156 64 scire
1673 1030 104 64 ea
1725 1030 363 64 certitudinaliter.
2054 1030 86 64 Se-

424 1082 151 68 cundo
525 1082 134 68 sic.
608 1082 134 68 illa
692 1082 134 68 quae
776 1082 167 68 tantam
893 1082 167 68 habent
1010 1082 284 68 diuersitatem:
1244 1082 100 68 vt
1294 1082 134 68 homo
1378 1082 117 68 vix
1445 1082 134 68 sibi
1528 1082 100 68 in
1578 1082 117 68 eis
1645 1082 167 68 possit
1762 1082 167 68 cauere
1879 1082 100 68 ab
1930 1082 184 68 errore,
2063 1082 117 68 non

421 1129 190 74 contingit
567 1129 161 74 hominem
684 1129 131 74 scire
772 1129 307 74 certitudinaliter.
1035 1129 161 74 Moralia
1152 1129 73 74 &
1181 1129 161 74 legalia
1298 1129 131 74 omnia
1385 1129 117 74 sunt
1458 1129 204 74 huiusmodi.
1619 1129 175 74 secundum
1751 1129 234 74 philosophum.
1941 1129 88 74 i.
1984 1129 161 74 Ethici.
2087 1129 58 74 Et

423 1190 146 68 tamen
520 1190 195 68 contigit
667 1190 98 68 ea
715 1190 179 68 hominem
845 1190 163 68 scire.
959 1190 146 68 ergo.
1057 1190 114 68 &c.
1154 1190 163 68 Tertio
1268 1190 130 68 sic.
1349 1190 260 68 philosophous
1561 1190 163 68 dicit.
1675 1190 114 68 ii.
1740 1190 195 68 metaphy.
1886 1190 228 68 Dispositio
2065 1190 114 68 in-

423 1244 206 68 tellectus
581 1244 158 68 nostri
692 1244 127 68 apud
771 1244 142 68 illud
866 1244 127 68 quod
945 1244 111 68 est
1008 1244 142 68 valde
1103 1244 221 68 manifestum
1277 1244 95 68 in
1325 1244 174 68 natura,
1451 1244 174 68 similis
1578 1244 111 68 est
1641 1244 269 68 dispositionem
1862 1244 190 68 oculorum
1989 1244 158 68 vesperti

425 1293 164 74 lionis
539 1293 98 74 ad
589 1293 148 74 lucem
687 1293 164 74 solis:
802 1293 164 74 oculus
917 1293 148 74 autem
1015 1293 295 74 vespertilionis
1261 1293 98 74 de
1310 1293 131 74 luce
1392 1293 148 74 solis
1491 1293 115 74 non
1556 1293 164 74 potest
1671 1293 164 74 habere
1786 1293 164 74 certam
1901 1293 213 74 notitiam:
2049 1293 98 74 quia

426 1353 108 68 non
487 1353 185 68 sufficit
626 1353 108 68 eam
688 1353 216 68 inspicere:
858 1353 124 68 ergo
935 1353 108 68 nec
997 1353 232 68 intellectus
1182 1353 154 68 noster
1291 1353 93 68 de
1337 1353 139 68 illis
1430 1353 124 68 quae
1507 1353 93 68 in
1553 1353 154 68 natura
1661 1353 108 68 sua
1723 1353 124 68 sunt
1800 1353 139 68 valde
1893 1353 216 68 manifesta.
2047 1353 93 68 illa

418 1402 190 61 secundum
561 1402 174 61 commen.
687 1402 158 61 ibidem
798 1402 127 61 sunt
877 1402 158 61 diuina
988 1402 79 61 &
1019 1402 300 61 supernaturalia.
1272 1402 127 61 ergo
1351 1402 174 61 quamuis
1478 1402 206 61 contingit
1636 1402 174 61 hominem
1762 1402 95 61 ea
1810 1402 158 61 scire:
1921 1402 111 61 non
1984 1402 142 61 tamen
2063 1402 79 61 con

416 1463 169 62 tingit
534 1463 118 62 eum
602 1463 101 62 ea
653 1463 152 62 scire
754 1463 355 62 certitudinaliter.
1092 1463 186 62 Contra,
1227 1463 118 62 non
1295 1463 220 62 contingit
1464 1463 186 62 hominem
1599 1463 186 62 aliquid
1734 1463 152 62 scire
1836 1463 135 62 nisi
1920 1463 101 62 de
1971 1463 118 62 quo
2022 1463 118 62 habet

421 1507 226 66 veritatis
595 1507 226 66 notitiam:
769 1507 87 66 &
803 1507 226 66 inquantum
977 1507 226 66 veritatem
1151 1507 174 66 noscit
1273 1507 209 66 intantum
1430 1507 157 66 scit.
1534 1507 122 66 Sed
1604 1507 191 66 habendo
1743 1507 209 66 notitiam
1899 1507 226 66 veritatis
2056 1507 87 66 non

414 1559 194 66 contigit
559 1559 161 66 errare
672 1559 97 66 de
720 1559 97 66 re
769 1559 145 66 cuius
866 1559 129 66 est:
946 1559 129 66 quia
1027 1559 113 66 non
1091 1559 145 66 errat
1188 1559 129 66 nisi
1269 1559 210 66 falsitate
1430 1559 210 66 deceptus.
1592 1559 113 66 sed
1656 1559 113 66 vbi
1721 1559 113 66 non
1785 1559 210 66 contingit
1946 1559 161 66 errare
2043 1559 97 66 scit

412 1615 139 68 homo
498 1615 364 68 certitudinaliter.
810 1615 139 68 ergo
897 1615 121 68 non
966 1615 225 68 contingit
1140 1615 191 68 hominem
1279 1615 191 68 aliquid
1417 1615 156 68 scire
1521 1615 139 68 quin
1608 1615 156 68 sciat
1712 1615 156 68 illud
1799 1615 329 68 certitudinaliter.

458 1668 229 104 Dicendum
630 1668 114 104 ad
687 1668 153 104 hoc:
782 1668 153 104 quod
878 1668 229 104 secundum
1049 1668 305 104 philosophum,
1297 1668 172 104 scire
1411 1668 133 104 non
1488 1668 133 104 est
1564 1668 172 104 aliud
1678 1668 153 104 quam
1774 1668 191 104 certam
1907 1668 191 104 habere
2022 1668 114 104 veri

412 1762 153 63 tatis
514 1762 221 63 notitiam.
684 1762 204 63 Scientia
837 1762 136 63 ergo
922 1762 255 63 cuiuscunque
1126 1762 136 63 sit:
1211 1762 119 63 aut
1279 1762 153 63 certa
1380 1762 119 63 est
1448 1762 170 63 aliquo
1567 1762 170 63 genere
1686 1762 289 63 certitudinis:
1924 1762 119 63 aut
1975 1762 170 63 scientia

413 1815 117 60 non
480 1815 134 60 est.
564 1815 134 60 vnde
647 1815 83 60 &
680 1815 217 60 Academici
847 1815 134 60 quia
931 1815 150 60 omnia
1031 1815 217 60 credebant
1198 1815 134 60 esse
1282 1815 200 60 incerta:
1432 1815 83 60 &
1465 1815 167 60 tantis
1582 1815 184 60 errorum
1716 1815 200 60 tenebris
1866 1815 217 60 inuoluta:
2033 1815 100 60 vt
2066 1815 67 60 de

415 1859 164 66 nullo
524 1859 182 66 posset
651 1859 146 66 homo
742 1859 182 66 certam
870 1859 218 66 notitiam
1034 1859 200 66 habere,
1179 1859 237 66 scientiam
1361 1859 182 66 omnino
1489 1859 237 66 negabant:
1671 1859 109 66 vt
1725 1859 182 66 dictum
1853 1859 127 66 est
1926 1859 182 66 supra.
2035 1859 109 66 Vnde

417 1906 118 74 cum
485 1906 101 74 vt
535 1906 169 74 ibidem
654 1906 169 74 contra
772 1906 152 74 ipsos
874 1906 203 74 obtentum
1026 1906 135 74 est,
1110 1906 186 74 hominem
1246 1906 220 74 possibile
1415 1906 118 74 est
1482 1906 152 74 scire
1584 1906 85 74 &
1618 1906 220 74 percipere
1787 1906 203 74 notitiam
1939 1906 237 74 veritatis:

422 1968 204 65 absolute
575 1968 255 65 concedendum
780 1968 136 65 quod
865 1968 136 65 homo
950 1968 238 65 quaecumque
1137 1968 136 65 scit
1222 1968 341 65 certitudinaliter
1512 1968 153 65 scit:
1614 1968 136 65 quia
1699 1968 187 65 veritas
1835 1968 119 65 cum
1904 1968 153 65 menti
1989 1968 153 65 apparet

413 2035 98 56 de
462 2035 130 56 ipsa
543 2035 130 56 mens
624 2035 130 56 ipsa
706 2035 179 56 seipsam
836 2035 228 56 certificat
1015 2035 114 56 per
1080 2035 195 56 naturale
1227 2035 277 56 iudicatorium,
1455 2035 130 56 quod
1536 2035 147 56 penes
1634 2035 98 56 se
1683 2035 163 56 habet.
1797 2035 98 56 de
1846 2035 114 56 quo
1911 2035 163 56 dictum
2025 2035 114 56 est
2074 2035 65 56 su

413 2079 129 69 pra.
493 2079 145 69 licet
590 2079 209 69 aliquando
751 2079 113 69 non
816 2079 129 69 nisi
896 2079 145 69 magno
993 2079 161 69 labore
1106 2079 129 69 homo
1186 2079 97 69 ad
1235 2079 113 69 hoc
1299 2079 193 69 deuenire
1444 2079 161 69 potest
1557 2079 97 69 vt
1605 2079 129 69 sibi
1686 2079 209 69 appareat.
1847 2079 177 69 propter
1976 2079 129 69 quod
2056 2079 113 69 di-

417 2119 111 73 cit
480 2119 174 73 Auicen.
607 2119 221 73 Vnaquaeque
781 2119 111 73 res
844 2119 253 73 certitudinem
1050 2119 127 73 suam
1129 2119 158 73 habet,
1240 2119 111 73 qua
1303 2119 111 73 est
1366 2119 95 73 id
1414 2119 127 73 quod
1493 2119 127 73 est.
1572 2119 127 73 vnde
1651 2119 95 73 si
1698 2119 174 73 homines
1825 2119 95 73 in
1872 2119 174 73 omnibus
1983 2119 158 73 iudicium

414 2178 178 76 rationis
548 2178 223 76 attenderent
726 2178 74 76 &
756 2178 238 76 expectarent,
949 2178 163 76 nunquam
1068 2178 89 76 in
1112 2178 238 76 certificando
1305 2178 193 76 errarent.
1454 2178 119 76 Nunc
1528 2178 134 76 autem
1617 2178 119 76 quia
1691 2178 163 76 saepius
1810 2178 163 76 homines
1929 2178 178 76 iudicium
2048 2178 89 76 opi-

414 2229 138 72 nando
506 2229 184 72 secundum
643 2229 92 72 ea
689 2229 122 72 quae
766 2229 184 72 apparent
903 2229 245 72 praeueniunt,
1102 2229 199 72 aliquando
1255 2229 184 72 incertis
1393 2229 168 72 tanquam
1516 2229 153 72 certis
1623 2229 214 72 adhaerent:
1791 2229 77 72 &
1822 2229 138 72 scire
1913 2229 92 72 se
1959 2229 168 72 credunt
2066 2229 77 72 cum

406 2287 160 79 solum
513 2287 231 79 opinionem
690 2287 213 79 habeant.
850 2287 107 79 vt
903 2287 160 79 dicit
1010 2287 284 79 philosophus.
1241 2287 142 79 vii.
1312 2287 213 79 Ethicorum.

455 2343 116 87 Ad
514 2343 194 87 primum
649 2343 116 87 in
707 2343 271 87 oppositum,
920 2343 155 87 quod
1017 2343 252 87 naturalia
1211 2343 155 87 sunt
1308 2343 116 87 in
1366 2343 233 87 continuo
1540 2343 194 87 fluxu:
1676 2343 233 87 Dicendum
1850 2343 155 87 quod
1947 2343 174 87 verum
2044 2343 97 87 est

414 2411 86 83 in
457 2411 128 83 ipsis
542 2411 271 83 particularibus:
770 2411 100 83 non
827 2411 128 83 autem
913 2411 86 83 in
956 2411 243 83 vniuersalibus
1156 2411 200 83 abstractis
1313 2411 86 83 ab
1355 2411 128 83 ipsis
1441 2411 114 83 quae
1512 2411 143 83 manent
1612 2411 86 83 in
1655 2411 143 83 mente.
1755 2411 171 83 secundum
1883 2411 114 83 quae
1955 2411 86 83 de
1997 2411 128 83 ipsis
2069 2411 71 83 est

421 2468 137 77 certa
512 2468 197 77 scientia,
664 2468 273 77 qualitercumque
892 2468 243 77 particularia
1089 2468 197 77 mutentur.
1241 2468 91 77 vt
1287 2468 152 77 dictum
1393 2468 106 77 est
1454 2468 152 77 supra.
1560 2468 106 77 Non
1621 2468 122 77 enim
1697 2468 106 77 est
1757 2468 182 77 scientia
1894 2468 91 77 de
1940 2468 137 77 rebus
2016 2468 122 77 inquam

411 2526 121 68 tum
480 2526 138 68 sunt
566 2526 155 68 extra
669 2526 103 68 in
721 2526 207 68 effectu:
876 2526 121 68 sed
945 2526 224 68 inquantum
1118 2526 172 68 natura
1238 2526 86 68 &
1273 2526 224 68 quidditas
1445 2526 155 68 earum
1549 2526 86 68 a
1583 2526 155 68 mente
1687 2526 121 68 est
1756 2526 276 68 comprehensa:
1980 2526 138 68 siue
2049 2526 86 68 res

412 2574 118 75 sint
486 2574 148 75 extra,
590 2574 118 75 siue
664 2574 118 75 non.
738 2574 89 75 vt
782 2574 133 75 infra
871 2574 178 75 dicetur.
1034 2574 89 75 Ad
1079 2574 178 75 secundum
1212 2574 118 75 quod
1286 2574 163 75 moralia
1404 2574 89 75 in
1449 2574 148 75 maxima
1552 2574 118 75 sunt
1627 2574 207 75 varietate:
1789 2574 178 75 Dicendum
1923 2574 118 75 quod
1997 2574 133 75 licet
2071 2574 59 75 mo

413 2626 142 71 ralia
508 2626 79 71 &
540 2626 174 71 legalia
666 2626 174 71 propter
792 2626 237 71 conditiones
982 2626 79 71 &
1013 2626 284 71 circunstantias
1250 2626 268 71 particularium
1471 2626 95 71 in
1518 2626 142 71 summa
1613 2626 126 71 sunt
1692 2626 221 71 varietate:
1866 2626 95 71 vt
1913 2626 126 71 quod
1992 2626 126 71 modo
2055 2626 79 71 sta

418 2679 151 70 tutum
519 2679 117 70 est
586 2679 100 70 ad
636 2679 201 70 medelam,
786 2679 100 70 in
836 2679 184 70 proximo
970 2679 167 70 vergat
1087 2679 100 70 ad
1137 2679 167 70 noxam:
1255 2679 100 70 vt
1305 2679 117 70 non
1372 2679 184 70 possint
1505 2679 167 70 statui
1623 2679 100 70 in
1673 2679 117 70 eis
1740 2679 167 70 aliqua
1857 2679 217 70 principia
2007 2679 134 70 vniuer

411 2739 143 65 salia
507 2739 143 65 certa
602 2739 318 65 certitudinalitur
873 2739 80 65 &
904 2739 127 65 apud
984 2739 143 65 omnes
1080 2739 239 65 obseruanda:
1271 2739 127 65 dico
1350 2739 191 65 proxima.
1493 2739 143 65 Prima
1589 2739 127 65 enim
1668 2739 207 65 principia
1828 2739 239 65 operandorum
2003 2739 127 65 remota

413 2785 141 66 certa
507 2785 125 66 sunt
586 2785 172 66 semper:
711 2785 78 66 &
742 2785 251 66 infallibilia
946 2785 78 66 &
977 2785 157 66 semper
1087 2785 78 66 &
1118 2785 157 66 vbique
1228 2785 141 66 eadem
1322 2785 204 66 manentia.
1479 2785 94 66 vt
1526 2785 125 66 quod
1604 2785 204 66 vnicuique
1761 2785 204 66 reddendum
1918 2785 110 66 est
1980 2785 125 66 quod
2043 2785 94 66 suum

422 2840 120 68 est:
497 2840 105 68 cum
557 2840 105 68 est
617 2840 90 68 in
662 2840 135 68 statu
753 2840 240 68 recipientis:
948 2840 75 68 &
978 2840 120 68 quod
1053 2840 150 68 nemini
1158 2840 225 68 iniuriandum
1339 2840 120 68 est.
1414 2840 105 68 &c.
1474 2840 210 68 huiusmodi.
1639 2840 90 68 ex
1684 2840 150 68 quibus
1789 2840 195 68 postmodum
1940 2840 105 68 pro
2000 2840 150 68 tepore
2090 2840 45 68 &

414 2893 128 70 loco
494 2893 209 70 valiturae
655 2893 160 70 certae
767 2893 177 70 regulae
895 2893 177 70 viuendi
1024 2893 177 70 possunt
1152 2893 209 70 institui:
1313 2893 128 70 quae
1393 2893 144 70 tamen
1489 2893 209 70 postmodum
1650 2893 225 70 variatione
1826 2893 193 70 temporum
1971 2893 80 70 &
1987 2893 144 70 locorum

430 2955 154 62 variari
542 2955 182 62 poterunt.
682 2955 84 62 de
724 2955 140 62 quibus
822 2955 168 62 intendit
948 2955 210 62 philosophus
1116 2955 126 62 illud
1200 2955 126 62 supra
1284 2955 140 62 dictum
1381 2955 126 62 primo
1465 2955 196 62 Ethicorum.
1619 2955 154 62 Variari
1731 2955 126 62 autem
1815 2955 168 62 poterunt
1941 2955 126 62 illae
2011 2955 126 62 regulae

414 3000 185 74 secundae
552 3000 216 74 manentibus
722 3000 154 74 primis
830 3000 169 74 regulis
953 3000 293 74 inuariabilibus.
1199 3000 92 74 ex
1245 3000 154 74 quibus
1353 3000 139 74 aliae
1446 3000 92 74 de
1492 3000 123 74 nouo
1569 3000 185 74 institui
1708 3000 185 74 possunt,
1846 3000 200 74 similiter
2000 3000 108 74 pro
2047 3000 92 74 ten-

419 3054 119 77 pore
494 3054 75 77 &
524 3054 119 77 loco
598 3054 209 77 valiturae.
762 3054 105 77 per
822 3054 119 77 quas
897 3054 134 77 etiam
986 3054 164 77 sapiens
1106 3054 149 77 certam
1210 3054 134 77 habet
1300 3054 224 77 operandorum
1479 3054 194 77 notitiam.
1628 3054 119 77 Vnde
1703 3054 119 77 quod
1778 3054 134 77 dicit
1867 3054 224 77 philosophus
2046 3054 119 77 quod

416 3100 170 76 moralia
539 3100 186 76 videntur
679 3100 124 76 esse
756 3100 124 76 sola
833 3100 139 76 legis
926 3100 263 76 institutione,
1143 3100 108 76 hoc
1205 3100 186 76 secundum
1344 3100 170 76 commen.
1468 3100 139 76 verum
1561 3100 108 76 est
1623 3100 170 76 quantum
1747 3100 93 76 ad
1793 3100 186 76 communem
1917 3100 232 76 aestimationem

410 3161 79 66 &
442 3161 238 66 suspitionem
632 3161 190 66 hominum,
775 3161 111 66 qui
839 3161 143 66 prima
934 3161 206 66 principia
1093 3161 238 66 operandorum
1283 3161 95 66 ex
1331 3161 159 66 quibus
1442 3161 127 66 alia
1521 3161 254 66 instituuntur
1727 3161 111 66 non
1791 3161 238 66 percipiunt.
1965 3161 175 66 Praecepta

416 3215 141 88 enim
504 3215 193 88 moralia
645 3215 246 88 secundaria
839 3215 211 88 quaesunt
997 3215 193 88 regulae
1138 3215 211 88 proximae
1296 3215 281 88 operandorum,
1524 3215 229 88 instituta
1700 3215 141 88 sunt
1788 3215 88 88 a
1823 3215 211 88 iustitia
1982 3215 141 88 quae
2052 3215 88 88 est
